1748008706852.0,9900.1,9905.1
1748008707175.0,9900.4,9905.4
1748008707487.0,9900.1,9905.1
1748008711679.0,9900.4,9905.4
1748008712960.0,9900.1,9905.1
1748008720030.0,9900.2,9905.2
1748008720126.0,9900.4,9905.4
1748008720456.0,9900.5,9905.5
1748008721997.0,9900.9,9905.9
1748008722132.0,9901.0,9906.0
1748008722757.0,9901.1,9906.1
1748008722997.0,9901.0,9906.0
1748008723920.0,9901.1,9906.1
1748008725018.0,9900.9,9905.9
1748008729079.0,9901.0,9906.0
1748008729179.0,9901.1,9906.1
1748008730165.0,9900.6,9905.6
1748008731405.0,9900.9,9905.9
1748008732410.0,9900.8,9905.8
1748008732847.0,9900.7,9905.7
1748008732999.0,9900.8,9905.8
1748008733626.0,9900.7,9905.7
1748008733710.0,9900.9,9905.9
1748008735195.0,9900.6,9905.6
1748008735295.0,9900.7,9905.7
1748008736544.0,9901.1,9906.1
1748008737278.0,9900.9,9905.9
1748008738962.0,9901.0,9906.0
1748008739214.0,9901.1,9906.1
1748008739988.0,9901.0,9906.0
1748008740138.0,9900.9,9905.9
1748008740706.0,9901.0,9906.0
1748008741157.0,9901.4,9906.4
1748008741259.0,9901.5,9906.5
1748008742268.0,9901.3,9906.3
1748008743117.0,9901.1,9906.1
1748008744032.0,9901.2,9906.2
1748008745670.0,9901.4,9906.4
1748008745960.0,9901.8,9906.8
1748008747279.0,9901.6,9906.6
1748008747657.0,9902.1,9907.1
1748008748367.0,9902.1,9907.1
1748008750430.0,9902.0,9907.0
1748008750530.0,9901.9,9906.9
1748008751222.0,9902.0,9907.0
1748008752144.0,9902.1,9907.1
1748008752246,,
1748008752620,,
1748008754227.0,9902.6,9907.6
1748008755457.0,9903.1,9908.1
1748008755734.0,9902.8,9907.8
1748008756328.0,9903.0,9908.0
1748008756601.0,9903.0,9908.0
1748008757657.0,9903.1,9908.1
1748008757758.0,9903.0,9908.0
1748008759817.0,9902.9,9907.9
1748008760251.0,9902.9,9907.9
1748008760708.0,9902.8,9907.8
1748008762202.0,9902.3,9907.3
1748008762403.0,9902.5,9907.5
1748008762673.0,9902.3,9907.3
1748008763255.0,9902.6,9907.6
1748008764498.0,9902.8,9907.8
1748008767366,,
1748008774219.0,9903.1,9908.1
1748008774366.0,9903.0,9908.0
1748008774749.0,9903.1,9908.1
1748008774947.0,9902.6,9907.6
1748008775287.0,9902.7,9907.7
1748008775385.0,9903.1,9908.1
1748008775872.0,9903.2,9908.2
1748008775973.0,9903.1,9908.1
1748008776918.0,9903.0,9908.0
1748008779917.0,9902.9,9907.9
1748008780016.0,9903.3,9908.3
1748008781321.0,9903.1,9908.1
1748008781421.0,9902.9,9907.9
1748008781794.0,9903.1,9908.1
1748008782713.0,9902.9,9907.9
1748008783351.0,9902.8,9907.8
1748008785775.0,9903.3,9908.3
1748008786373.0,9903.1,9908.1
1748008787794.0,9903.3,9908.3
1748008789465.0,9903.8,9908.8
1748008789602.0,9903.5,9908.5
1748008789829.0,9903.4,9908.4
1748008790541.0,9903.5,9908.5
1748008790642.0,9903.6,9908.6
1748008790942.0,9903.8,9908.8
1748008792169.0,9903.6,9908.6
1748008795929.0,9904.2,9909.2
1748008796127.0,9904.4,9909.4
1748008796341.0,9904.4,9909.4
1748008796904.0,9904.3,9909.3
1748008797004.0,9904.4,9909.4
1748008797794.0,9904.2,9909.2
1748008797998.0,9904.3,9909.3
1748008798098.0,9904.4,9909.4
1748008798972.0,9904.7,9909.7
1748008799847.0,9904.4,9909.4
1748008799965.0,9904.5,9909.5
1748008800079.0,9904.7,9909.7
1748008801263.0,9905.3,9910.3
1748008802587.0,9904.3,9909.3
1748008802973.0,9904.5,9909.5
1748008803077.0,9904.1,9909.1
1748008803945.0,9904.2,9909.2
1748008804145.0,9904.6,9909.6
1748008804999.0,9904.4,9909.4
1748008805344.0,9904.3,9909.3
1748008805446.0,9904.2,9909.2
1748008805717.0,9904.4,9909.4
1748008809053.0,9903.9,9908.9
1748008809253.0,9904.3,9909.3
1748008810117.0,9904.3,9909.3
1748008810602.0,9904.4,9909.4
1748008810879.0,9905.0,9910.0
1748008811118.0,9905.1,9910.1
1748008811317.0,9904.8,9909.8
1748008811658.0,9905.0,9910.0
1748008811955.0,9904.9,9909.9
1748008812254.0,9905.4,9910.4
1748008812355.0,9905.2,9910.2
1748008812711.0,9905.3,9910.3
1748008815118.0,9905.5,9910.5
1748008815516.0,9905.8,9910.8
1748008815616.0,9905.5,9910.5
1748008816104.0,9905.6,9910.6
1748008817249.0,9905.8,9910.8
1748008818068.0,9906.1,9911.1
1748008819218.0,9906.4,9911.4
1748008819317.0,9906.3,9911.3
1748008819974.0,9906.1,9911.1
1748008820174.0,9906.3,9911.3
1748008820494.0,9906.2,9911.2
1748008820595.0,9906.1,9911.1
1748008821301.0,9905.9,9910.9
1748008821500.0,9905.3,9910.3
1748008822402,,
1748008822874,,
1748008824134.0,9905.3,9910.3
1748008824434.0,9905.1,9910.1
1748008824864.0,9905.0,9910.0
1748008825236.0,9905.1,9910.1
1748008825547.0,9905.4,9910.4
1748008825826.0,9905.6,9910.6
1748008825926.0,9905.8,9910.8
1748008826297.0,9905.5,9910.5
1748008826398.0,9905.3,9910.3
1748008826500.0,9905.6,9910.6
1748008827441.0,9905.3,9910.3
1748008827641.0,9905.2,9910.2
1748008827741.0,9905.5,9910.5
1748008828141.0,9905.8,9910.8
1748008830223.0,9905.6,9910.6
1748008830835.0,9905.8,9910.8
1748008831243.0,9905.9,9910.9
1748008831527.0,9905.6,9910.6
1748008831835.0,9905.8,9910.8
1748008832475.0,9905.6,9910.6
1748008835756.0,9905.5,9910.5
1748008835962.0,9905.4,9910.4
1748008836162,,
1748008836983.0,9905.1,9910.1
1748008837247.0,9904.9,9909.9
1748008837447.0,9905.4,9910.4
1748008837793.0,9905.5,9910.5
1748008837989.0,9905.3,9910.3
1748008838355.0,9905.2,9910.2
1748008838555.0,9905.5,9910.5
1748008838656.0,9905.4,9910.4
1748008839043.0,9905.6,9910.6
1748008840936.0,9905.4,9910.4
1748008841180.0,9905.5,9910.5
1748008841321.0,9905.6,9910.6
1748008841753.0,9905.5,9910.5
1748008842084.0,9905.2,9910.2
1748008842183.0,9905.4,9910.4
1748008842902.0,9905.3,9910.3
1748008842987.0,9905.1,9910.1
1748008843314.0,9905.4,9910.4
1748008845002.0,9905.5,9910.5
1748008845450.0,9906.1,9911.1
1748008845551.0,9906.0,9911.0
1748008845745.0,9905.8,9910.8
1748008846530.0,9905.9,9910.9
1748008846729.0,9905.6,9910.6
1748008847964.0,9905.1,9910.1
1748008848641.0,9905.0,9910.0
1748008848798.0,9905.6,9910.6
1748008850362.0,9905.4,9910.4
1748008850463.0,9905.3,9910.3
1748008850889.0,9905.1,9910.1
1748008850986.0,9905.0,9910.0
1748008851324.0,9904.5,9909.5
1748008851630.0,9904.6,9909.6
1748008852872.0,9904.8,9909.8
1748008853361.0,9904.6,9909.6
1748008856621.0,9904.5,9909.5
1748008856721.0,9904.6,9909.6
1748008857780.0,9903.6,9908.6
1748008858034.0,9903.5,9908.5
1748008858131.0,9903.3,9908.3
1748008858423.0,9903.6,9908.6
1748008858757.0,9903.2,9908.2
1748008858857.0,9903.6,9908.6
1748008859350.0,9903.9,9908.9
1748008859520.0,9903.8,9908.8
1748008860167.0,9903.9,9908.9
1748008860433.0,9904.0,9909.0
1748008860634,,
1748008862090.0,9904.0,9909.0
1748008862190.0,9904.1,9909.1
1748008863364.0,9903.8,9908.8
1748008863622.0,9903.6,9908.6
1748008864404.0,9903.6,9908.6
1748008866289.0,9903.3,9908.3
1748008866602.0,9903.6,9908.6
1748008866846.0,9903.5,9908.5
1748008867326.0,9903.4,9908.4
1748008867427.0,9903.6,9908.6
1748008867822,,
1748008867921.0,9903.6,9908.6
1748008868409.0,9903.6,9908.6
1748008872345.0,9904.0,9909.0
1748008872446.0,9904.3,9909.3
1748008872546.0,9904.1,9909.1
1748008872854.0,9904.3,9909.3
1748008873061.0,9904.1,9909.1
1748008874989.0,9904.1,9909.1
1748008875167.0,9904.4,9909.4
1748008875587.0,9904.7,9909.7
1748008876099.0,9905.5,9910.5
1748008876391.0,9905.1,9910.1
1748008877869.0,9905.2,9910.2
1748008878229.0,9905.3,9910.3
1748008878329,,
1748008879512.0,9904.6,9909.6
1748008879720.0,9904.5,9909.5
1748008880567.0,9904.6,9909.6
1748008880921.0,9904.6,9909.6
1748008881454.0,9904.9,9909.9
1748008881620.0,9904.8,9909.8
1748008881921.0,9904.8,9909.8
1748008883598.0,9904.9,9909.9
1748008883698.0,9904.8,9909.8
1748008884089.0,9905.0,9910.0
1748008884189.0,9905.1,9910.1
1748008886001.0,9905.0,9910.0
1748008886834.0,9904.9,9909.9
1748008887311.0,9905.0,9910.0
1748008888457.0,9905.1,9910.1
1748008889648.0,9905.0,9910.0
1748008889748.0,9904.9,9909.9
1748008890189.0,9904.9,9909.9
1748008890632,,
1748008891084.0,9904.7,9909.7
1748008891552.0,9905.0,9910.0
1748008891751.0,9905.0,9910.0
1748008891858.0,9905.1,9910.1
1748008892084,,
1748008892185.0,9905.6,9910.6
1748008892527.0,9905.4,9910.4
1748008893485.0,9905.1,9910.1
1748008894110.0,9905.1,9910.1
1748008894718.0,9905.4,9910.4
1748008894971.0,9905.3,9910.3
1748008895245.0,9905.1,9910.1
1748008900811,,
1748008901123.0,9905.2,9910.2
1748008901224.0,9905.4,9910.4
1748008904634.0,9905.3,9910.3
1748008905009.0,9905.1,9910.1
1748008906106.0,9904.8,9909.8
1748008908131.0,9905.1,9910.1
1748008908583.0,9904.8,9909.8
1748008908784.0,9904.8,9909.8
1748008908883.0,9905.0,9910.0
1748008910049.0,9904.3,9909.3
1748008910295.0,9904.1,9909.1
1748008914028.0,9904.4,9909.4
1748008915122.0,9904.3,9909.3
1748008915216.0,9904.4,9909.4
1748008915712.0,9904.5,9909.5
1748008915813.0,9904.4,9909.4
1748008916747.0,9904.4,9909.4
1748008917578.0,9904.7,9909.7
1748008917677.0,9904.6,9909.6
1748008918361.0,9904.5,9909.5
1748008918703.0,9904.6,9909.6
1748008919971.0,9904.4,9909.4
1748008920493.0,9903.8,9908.8
1748008920694.0,9903.4,9908.4
1748008920800,,
1748008921295.0,9903.4,9908.4
1748008921492.0,9903.5,9908.5
1748008922613.0,9904.1,9909.1
1748008923581.0,9903.6,9908.6
1748008923993.0,9903.9,9908.9
1748008926132.0,9903.6,9908.6
1748008928701.0,9903.6,9908.6
1748008929195.0,9903.5,9908.5
1748008929296.0,9903.2,9908.2
1748008930253.0,9903.4,9908.4
1748008931960.0,9903.3,9908.3
1748008932061.0,9903.1,9908.1
1748008934415.0,9903.0,9908.0
1748008936115.0,9903.2,9908.2
1748008936217.0,9903.0,9908.0
1748008937204.0,9903.1,9908.1
1748008937918.0,9903.2,9908.2
1748008938142.0,9903.1,9908.1
1748008938343.0,9903.2,9908.2
1748008939314.0,9903.1,9908.1
1748008940700.0,9903.1,9908.1
1748008941476.0,9903.0,9908.0
1748008941941.0,9903.0,9908.0
1748008942040.0,9902.9,9907.9
1748008942524.0,9903.0,9908.0
1748008942622.0,9903.1,9908.1
1748008943022.0,9903.2,9908.2
1748008943119.0,9903.1,9908.1
1748008945734.0,9903.1,9908.1
1748008946111.0,9903.2,9908.2
1748008947273.0,9903.3,9908.3
1748008947824.0,9903.6,9908.6
1748008948066.0,9903.9,9908.9
1748008948461.0,9903.8,9908.8
1748008948561.0,9903.5,9908.5
1748008948883.0,9903.5,9908.5
1748008949208.0,9903.4,9908.4
1748008950022.0,9903.6,9908.6
1748008950228.0,9903.4,9908.4
1748008950919.0,9903.5,9908.5
1748008951292.0,9902.7,9907.7
1748008951391.0,9902.6,9907.6
1748008952618.0,9902.5,9907.5
1748008953452.0,9902.5,9907.5
1748008953668.0,9902.5,9907.5
1748008954554.0,9902.6,9907.6
1748008955229.0,9902.3,9907.3
1748008955330,,
1748008955536.0,9902.2,9907.2
1748008955636.0,9902.0,9907.0
1748008956077.0,9902.5,9907.5
1748008956258.0,9902.4,9907.4
1748008958162.0,9902.3,9907.3
1748008960101.0,9902.4,9907.4
1748008962271.0,9902.5,9907.5
1748008963800.0,9902.7,9907.7
1748008963901.0,9902.6,9907.6
1748008964140.0,9902.9,9907.9
1748008964747.0,9902.6,9907.6
1748008969670.0,9902.7,9907.7
1748008969915.0,9902.8,9907.8
1748008970011.0,9902.9,9907.9
1748008970863.0,9902.7,9907.7
1748008971388.0,9902.6,9907.6
1748008979135.0,9902.0,9907.0
1748008981056.0,9902.4,9907.4
1748008981621.0,9902.3,9907.3
1748008983413.0,9902.1,9907.1
1748008983512.0,9902.2,9907.2
1748008983852.0,9902.4,9907.4
1748008985066.0,9902.5,9907.5
1748008985167.0,9902.6,9907.6
1748008990228.0,9902.3,9907.3
1748008991957.0,9902.0,9907.0
1748008992202.0,9901.9,9906.9
1748008992345.0,9902.1,9907.1
1748008993839.0,9902.2,9907.2
1748008994305.0,9902.1,9907.1
1748008998891.0,9902.2,9907.2
1748008998979.0,9902.1,9907.1
1748009001171.0,9901.9,9906.9
1748009003634.0,9901.8,9906.8
1748009004662.0,9901.7,9906.7
1748009005421.0,9901.9,9906.9
1748009005721.0,9902.5,9907.5
1748009005821.0,9902.4,9907.4
1748009008468.0,9902.3,9907.3
1748009009140.0,9902.0,9907.0
1748009009278.0,9902.2,9907.2
1748009010018.0,9902.4,9907.4
1748009010132.0,9902.3,9907.3
1748009010575.0,9902.2,9907.2
1748009011862.0,9902.1,9907.1
1748009012964.0,9902.0,9907.0
1748009013083.0,9901.4,9906.4
1748009013835.0,9901.5,9906.5
1748009014247.0,9901.6,9906.6
1748009016932.0,9901.3,9906.3
1748009017717.0,9901.0,9906.0
1748009019045.0,9900.6,9905.6
1748009019486.0,9900.9,9905.9
1748009019586.0,9900.6,9905.6
1748009020552.0,9900.3,9905.3
1748009020853.0,9900.0,9905.0
1748009021166.0,9899.9,9904.9
1748009021554.0,9899.8,9904.8
1748009021974.0,9899.4,9904.4
1748009022074.0,9899.5,9904.5
1748009022373.0,9899.6,9904.6
1748009024166.0,9899.4,9904.4
1748009024836.0,9899.5,9904.5
1748009025029.0,9899.8,9904.8
1748009025329.0,9899.8,9904.8
1748009026452.0,9899.7,9904.7
1748009029577.0,9899.6,9904.6
1748009031077.0,9899.0,9904.0
1748009031378.0,9899.2,9904.2
1748009033123.0,9898.5,9903.5
1748009033223.0,9898.7,9903.7
1748009036941.0,9898.6,9903.6
1748009037148.0,9898.7,9903.7
1748009037811.0,9898.6,9903.6
1748009037912.0,9898.7,9903.7
1748009038425.0,9898.7,9903.7
1748009038926.0,9898.6,9903.6
1748009040517.0,9898.3,9903.3
1748009040802.0,9897.8,9902.8
1748009041586.0,9898.1,9903.1
1748009042172.0,9898.2,9903.2
1748009042271.0,9898.1,9903.1
1748009042816.0,9898.2,9903.2
1748009043481,,
1748009043686.0,9898.6,9903.6
1748009043860.0,9899.1,9904.1
1748009044777.0,9899.2,9904.2
1748009045042.0,9899.4,9904.4
1748009045945.0,9899.5,9904.5
1748009046398.0,9899.6,9904.6
1748009046920.0,9899.7,9904.7
1748009047152.0,9900.0,9905.0
1748009047957.0,9899.9,9904.9
1748009048997.0,9899.7,9904.7
1748009049120.0,9899.6,9904.6
1748009049334.0,9899.2,9904.2
1748009050680.0,9899.3,9904.3
1748009053243.0,9899.4,9904.4
1748009053595.0,9899.5,9904.5
1748009053793.0,9899.5,9904.5
1748009053891.0,9899.1,9904.1
1748009055609.0,9899.0,9904.0
1748009055810.0,9898.8,9903.8
1748009056128.0,9898.9,9903.9
1748009056932.0,9899.0,9904.0
1748009057033.0,9899.1,9904.1
1748009058333.0,9899.1,9904.1
1748009058533.0,9898.9,9903.9
1748009061212.0,9899.1,9904.1
1748009061516.0,9898.9,9903.9
1748009061770.0,9898.4,9903.4
1748009062077.0,9898.6,9903.6
1748009062303.0,9898.6,9903.6
1748009064106.0,9898.7,9903.7
1748009064628.0,9899.0,9904.0
1748009065123.0,9898.8,9903.8
1748009065416.0,9899.1,9904.1
1748009065777.0,9898.7,9903.7
1748009065983.0,9898.8,9903.8
1748009066283.0,9898.7,9903.7
1748009066482.0,9899.0,9904.0
1748009066589.0,9898.9,9903.9
1748009066690.0,9899.0,9904.0
1748009066887.0,9898.9,9903.9
1748009067423.0,9899.0,9904.0
1748009067880.0,9898.9,9903.9
1748009067981.0,9899.0,9904.0
1748009070269.0,9899.0,9904.0
1748009072112.0,9899.1,9904.1
1748009072205.0,9899.0,9904.0
1748009072689.0,9899.0,9904.0
1748009072903.0,9899.1,9904.1
1748009073248.0,9899.0,9904.0
1748009073444.0,9899.1,9904.1
1748009073744.0,9899.1,9904.1
1748009073853.0,9899.0,9904.0
1748009074254.0,9899.1,9904.1
1748009075113.0,9899.6,9904.6
1748009075212.0,9899.7,9904.7
1748009076091.0,9899.8,9904.8
1748009076290,,
1748009077361.0,9899.8,9904.8
1748009077742.0,9899.6,9904.6
1748009077842.0,9899.7,9904.7
1748009079389.0,9899.8,9904.8
1748009079891.0,9899.5,9904.5
1748009080109.0,9899.5,9904.5
1748009081716.0,9899.9,9904.9
1748009081813.0,9900.0,9905.0
1748009082842.0,9900.2,9905.2
1748009082944.0,9900.3,9905.3
1748009083497.0,9900.2,9905.2
1748009086804.0,9900.3,9905.3
1748009086905.0,9900.1,9905.1
1748009087424.0,9900.2,9905.2
1748009087890,,
1748009088315.0,9900.1,9905.1
1748009088482.0,9900.2,9905.2
1748009089177.0,9900.2,9905.2
1748009089630.0,9900.2,9905.2
1748009089846.0,9900.2,9905.2
1748009090446.0,9900.2,9905.2
1748009090754.0,9900.2,9905.2
1748009094134.0,9900.3,9905.3
1748009096734.0,9900.2,9905.2
1748009097188.0,9900.3,9905.3
1748009097540.0,9900.5,9905.5
1748009099102.0,9900.2,9905.2
1748009099427.0,9900.5,9905.5
1748009099861.0,9900.4,9905.4
1748009100133.0,9900.3,9905.3
1748009100228.0,9900.0,9905.0
1748009101212.0,9900.2,9905.2
1748009101650.0,9900.6,9905.6
1748009101751.0,9901.0,9906.0
1748009102147.0,9900.9,9905.9
1748009102394.0,9901.1,9906.1
1748009104442.0,9901.0,9906.0
1748009104742.0,9900.4,9905.4
1748009107006.0,9900.6,9905.6
1748009107104,,
1748009108068.0,9900.6,9905.6
1748009112216.0,9900.6,9905.6
1748009112915.0,9900.3,9905.3
1748009113341.0,9900.2,9905.2
1748009113467.0,9900.1,9905.1
1748009114145.0,9900.0,9905.0
1748009114247.0,9899.9,9904.9
1748009115504.0,9899.7,9904.7
1748009115706.0,9899.1,9904.1
1748009117153.0,9898.4,9903.4
1748009117252.0,9898.5,9903.5
1748009117634.0,9898.7,9903.7
1748009118182.0,9899.0,9904.0
1748009118454.0,9899.3,9904.3
1748009120774.0,9899.2,9904.2
1748009121098.0,9899.1,9904.1
1748009128297.0,9899.0,9904.0
1748009128397.0,9898.6,9903.6
1748009129355.0,9898.8,9903.8
1748009129856.0,9898.9,9903.9
1748009129965.0,9898.8,9903.8
1748009130436.0,9898.9,9903.9
1748009130540.0,9898.8,9903.8
1748009131761.0,9898.3,9903.3
1748009132345.0,9898.0,9903.0
1748009132445.0,9897.9,9902.9
1748009133883.0,9897.0,9902.0
1748009134607.0,9897.5,9902.5
1748009136575.0,9897.4,9902.4
1748009136774.0,9897.1,9902.1
1748009137395.0,9897.2,9902.2
1748009137494.0,9897.0,9902.0
1748009137697.0,9897.3,9902.3
1748009139187.0,9897.5,9902.5
1748009140347.0,9897.6,9902.6
1748009142305.0,9897.1,9902.1
1748009142922.0,9896.9,9901.9
1748009143057.0,9897.1,9902.1
1748009147476,,
1748009149452,,
1748009151173.0,9896.8,9901.8
1748009151273.0,9896.7,9901.7
1748009152304.0,9896.9,9901.9
1748009154091.0,9896.9,9901.9
1748009154783.0,9896.8,9901.8
1748009154928.0,9896.9,9901.9
1748009155696.0,9896.9,9901.9
1748009156341.0,9897.0,9902.0
1748009156940.0,9896.9,9901.9
1748009157834.0,9896.7,9901.7
1748009158096.0,9897.6,9902.6
1748009158397.0,9897.4,9902.4
1748009158614.0,9897.3,9902.3
1748009159566.0,9897.6,9902.6
1748009159666.0,9897.7,9902.7
1748009160226.0,9897.6,9902.6
1748009161041.0,9897.7,9902.7
1748009161550.0,9897.7,9902.7
1748009161758,,
1748009162214.0,9897.6,9902.6
1748009162905.0,9897.0,9902.0
1748009163735.0,9897.3,9902.3
1748009164179.0,9897.2,9902.2
1748009165298.0,9897.3,9902.3
1748009167803.0,9897.4,9902.4
1748009167900.0,9897.5,9902.5
1748009168259.0,9897.4,9902.4
1748009168429.0,9897.3,9902.3
1748009169909.0,9897.6,9902.6
1748009170009.0,9897.7,9902.7
1748009171133.0,9898.6,9903.6
1748009171838.0,9898.5,9903.5
1748009172231.0,9898.7,9903.7
1748009172568.0,9898.4,9903.4
1748009173354.0,9898.6,9903.6
1748009173516.0,9898.7,9903.7
1748009173818.0,9898.7,9903.7
1748009175266.0,9898.6,9903.6
1748009175366.0,9898.7,9903.7
1748009176340.0,9898.6,9903.6
1748009176799.0,9898.6,9903.6
1748009176999.0,9898.7,9903.7
1748009177306.0,9898.6,9903.6
1748009177494.0,9898.7,9903.7
1748009178341.0,9898.6,9903.6
1748009179058.0,9898.7,9903.7
1748009181556.0,9898.5,9903.5
1748009181709.0,9898.4,9903.4
1748009182614.0,9898.5,9903.5
1748009182715.0,9898.4,9903.4
1748009183455.0,9898.4,9903.4
1748009183664.0,9898.4,9903.4
1748009185790.0,9898.4,9903.4
1748009186205.0,9898.3,9903.3
1748009186504.0,9898.1,9903.1
1748009187226.0,9897.8,9902.8
1748009187613.0,9897.9,9902.9
1748009187819.0,9898.1,9903.1
1748009188123.0,9897.7,9902.7
1748009189091.0,9898.0,9903.0
1748009189251.0,9898.1,9903.1
1748009189350.0,9898.0,9903.0
1748009190008.0,9897.5,9902.5
1748009193083.0,9897.7,9902.7
1748009193283.0,9897.6,9902.6
1748009193619.0,9897.9,9902.9
1748009193819.0,9897.8,9902.8
1748009194021.0,9898.2,9903.2
1748009197262.0,9898.1,9903.1
1748009197361.0,9898.2,9903.2
1748009198514.0,9898.1,9903.1
1748009198997.0,9898.0,9903.0
1748009199354.0,9898.1,9903.1
1748009200516.0,9898.2,9903.2
1748009200691.0,9898.1,9903.1
1748009201117,,
1748009203361.0,9897.9,9902.9
1748009203461.0,9897.8,9902.8
1748009205008.0,9897.6,9902.6
1748009206818.0,9897.7,9902.7
1748009207649.0,9897.8,9902.8
1748009207834.0,9897.6,9902.6
1748009208825.0,9897.5,9902.5
1748009210065.0,9896.9,9901.9
1748009210323.0,9896.8,9901.8
1748009210423.0,9896.4,9901.4
1748009210976.0,9896.6,9901.6
1748009211614.0,9896.7,9901.7
1748009212175.0,9896.8,9901.8
1748009212272.0,9896.7,9901.7
1748009213020.0,9896.8,9901.8
1748009213314.0,9896.8,9901.8
1748009214681.0,9896.9,9901.9
1748009215897.0,9896.8,9901.8
1748009216132.0,9896.9,9901.9
1748009216497.0,9897.0,9902.0
1748009216682.0,9896.9,9901.9
1748009217801.0,9896.6,9901.6
1748009220900.0,9896.7,9901.7
1748009221758.0,9896.4,9901.4
1748009222098.0,9896.3,9901.3
1748009222321.0,9896.2,9901.2
1748009222620.0,9896.2,9901.2
1748009222720.0,9896.1,9901.1
1748009223120.0,9896.0,9901.0
1748009223629.0,9896.2,9901.2
1748009223769.0,9896.1,9901.1
1748009224611.0,9896.2,9901.2
1748009224997.0,9896.1,9901.1
1748009225103,,
1748009227530.0,9896.2,9901.2
1748009230507,,
1748009231085.0,9896.1,9901.1
1748009232751.0,9896.2,9901.2
1748009233271.0,9896.1,9901.1
1748009234347.0,9895.6,9900.6
1748009234446.0,9895.7,9900.7
1748009234786.0,9895.6,9900.6
1748009237277.0,9895.5,9900.5
1748009237854.0,9895.4,9900.4
1748009238298.0,9895.5,9900.5
1748009238570.0,9894.9,9899.9
1748009240703.0,9894.9,9899.9
1748009244121.0,9894.5,9899.5
1748009244294.0,9894.7,9899.7
1748009245522.0,9895.1,9900.1
1748009249689.0,9895.0,9900.0
1748009250495.0,9895.2,9900.2
1748009250696.0,9895.3,9900.3
1748009251954.0,9895.2,9900.2
1748009252060.0,9895.5,9900.5
1748009252648.0,9895.3,9900.3
1748009252746.0,9895.4,9900.4
1748009253932.0,9895.5,9900.5
1748009254399.0,9895.4,9900.4
1748009254760.0,9895.3,9900.3
1748009254859.0,9895.2,9900.2
1748009255309.0,9895.2,9900.2
1748009258380.0,9895.4,9900.4
1748009261193.0,9894.9,9899.9
1748009261473.0,9894.5,9899.5
1748009262553.0,9894.5,9899.5
1748009263554.0,9894.4,9899.4
1748009263656.0,9894.5,9899.5
1748009264653.0,9894.4,9899.4
1748009265015.0,9894.6,9899.6
1748009265229.0,9893.8,9898.8
1748009265453.0,9894.0,9899.0
1748009265703.0,9894.2,9899.2
1748009267402.0,9894.0,9899.0
1748009268040.0,9894.0,9899.0
1748009268407,,
1748009268690.0,9894.0,9899.0
1748009269224.0,9895.1,9900.1
1748009269462.0,9895.1,9900.1
1748009269563.0,9895.0,9900.0
1748009270188.0,9895.2,9900.2
1748009271256.0,9895.1,9900.1
1748009271661.0,9895.2,9900.2
1748009272103.0,9895.7,9900.7
1748009272304.0,9895.7,9900.7
1748009277746.0,9895.6,9900.6
1748009277846.0,9895.5,9900.5
1748009280323.0,9895.4,9900.4
1748009282379.0,9895.3,9900.3
1748009282876.0,9895.0,9900.0
1748009284094.0,9895.1,9900.1
1748009287287.0,9894.8,9899.8
1748009287508.0,9894.4,9899.4
1748009287707.0,9893.9,9898.9
1748009288390.0,9893.8,9898.8
1748009288929.0,9894.0,9899.0
1748009292643.0,9894.4,9899.4
1748009293188.0,9894.1,9899.1
1748009293982.0,9894.2,9899.2
1748009294703.0,9894.1,9899.1
1748009295099.0,9894.2,9899.2
1748009296885.0,9894.1,9899.1
1748009297289.0,9894.2,9899.2
1748009297876.0,9894.1,9899.1
1748009298573.0,9894.2,9899.2
1748009300225.0,9894.1,9899.1
1748009304493.0,9893.4,9898.4
1748009305141.0,9893.3,9898.3
1748009305626.0,9893.0,9898.0
1748009306477.0,9893.2,9898.2
1748009306578.0,9893.0,9898.0
1748009307253.0,9893.1,9898.1
1748009307366.0,9893.0,9898.0
1748009307580.0,9892.9,9897.9
1748009307769.0,9892.6,9897.6
1748009309232.0,9892.7,9897.7
1748009309657.0,9892.7,9897.7
1748009310109.0,9892.7,9897.7
1748009310403.0,9893.0,9898.0
1748009310959.0,9892.4,9897.4
1748009311078.0,9892.3,9897.3
1748009312688.0,9892.4,9897.4
1748009313052.0,9892.2,9897.2
1748009313193.0,9892.0,9897.0
1748009313825.0,9891.9,9896.9
1748009313926.0,9892.0,9897.0
1748009314070.0,9891.9,9896.9
1748009314627,,
1748009314868.0,9892.1,9897.1
1748009315279.0,9891.8,9896.8
1748009315558.0,9891.4,9896.4
1748009316793.0,9891.0,9896.0
1748009317094.0,9890.8,9895.8
1748009317578.0,9890.7,9895.7
1748009317677.0,9890.6,9895.6
1748009318703.0,9890.7,9895.7
1748009318840.0,9890.8,9895.8
1748009319315.0,9890.7,9895.7
1748009320472.0,9891.0,9896.0
1748009320688.0,9890.7,9895.7
1748009321779.0,9891.0,9896.0
1748009322991.0,9890.8,9895.8
1748009323727.0,9890.7,9895.7
1748009324967.0,9890.5,9895.5
1748009326711.0,9890.7,9895.7
1748009327099,,
1748009327987.0,9890.6,9895.6
1748009328646.0,9890.7,9895.7
1748009329397.0,9890.6,9895.6
1748009329599.0,9890.6,9895.6
1748009330875.0,9889.9,9894.9
1748009331998.0,9889.8,9894.8
1748009333041.0,9889.7,9894.7
1748009333141.0,9889.6,9894.6
1748009333241.0,9889.7,9894.7
1748009335845.0,9889.8,9894.8
1748009336233.0,9890.0,9895.0
1748009336434.0,9889.8,9894.8
1748009337540.0,9890.1,9895.1
1748009337640.0,9889.5,9894.5
1748009339171.0,9889.6,9894.6
1748009339271.0,9889.7,9894.7
1748009340005.0,9889.3,9894.3
1748009340259.0,9889.2,9894.2
1748009340358.0,9889.1,9894.1
1748009340594.0,9889.2,9894.2
1748009340694.0,9889.1,9894.1
1748009341347,,
1748009342388,,
1748009342489.0,9889.3,9894.3
1748009343240.0,9889.2,9894.2
1748009343473.0,9889.3,9894.3
1748009343574.0,9889.4,9894.4
1748009344765,,
1748009344865.0,9889.5,9894.5
1748009344964.0,9889.6,9894.6
1748009347440.0,9889.3,9894.3
1748009348576.0,9889.2,9894.2
1748009351907.0,9889.2,9894.2
1748009352163.0,9889.1,9894.1
1748009352498.0,9889.2,9894.2
1748009352600.0,9889.3,9894.3
1748009352909.0,9889.2,9894.2
1748009355011.0,9889.4,9894.4
1748009355392.0,9889.4,9894.4
1748009358630.0,9890.0,9895.0
1748009361347.0,9889.8,9894.8
1748009361446.0,9889.7,9894.7
1748009363041.0,9889.8,9894.8
1748009364780.0,9889.4,9894.4
1748009365042.0,9889.5,9894.5
1748009365242.0,9889.6,9894.6
1748009365575.0,9889.7,9894.7
1748009366073.0,9889.6,9894.6
1748009366172,,
1748009370519.0,9889.6,9894.6
1748009370851.0,9889.7,9894.7
1748009371142.0,9889.6,9894.6
1748009371472.0,9889.7,9894.7
1748009371897.0,9889.6,9894.6
1748009372382.0,9889.7,9894.7
1748009372657.0,9889.6,9894.6
1748009374017.0,9889.7,9894.7
1748009376645.0,9889.8,9894.8
1748009378115.0,9889.7,9894.7
1748009378317.0,9890.0,9895.0
1748009379410.0,9890.2,9895.2
1748009379506.0,9889.8,9894.8
1748009380524.0,9889.7,9894.7
1748009385020.0,9889.9,9894.9
1748009385217.0,9889.6,9894.6
1748009385874.0,9889.7,9894.7
1748009386076.0,9889.8,9894.8
1748009387641.0,9889.4,9894.4
1748009387841.0,9889.6,9894.6
1748009391949.0,9889.1,9894.1
1748009392617.0,9888.9,9893.9
1748009395498,,
1748009398159,,
1748009400414.0,9889.4,9894.4
1748009402006.0,9889.5,9894.5
1748009403406.0,9889.6,9894.6
1748009404159.0,9889.4,9894.4
1748009405544.0,9889.2,9894.2
1748009406165.0,9889.3,9894.3
1748009407063.0,9889.2,9894.2
1748009407162.0,9889.1,9894.1
1748009409248.0,9889.3,9894.3
1748009409361.0,9889.1,9894.1
1748009411373.0,9889.6,9894.6
1748009411906.0,9889.8,9894.8
1748009412005.0,9890.0,9895.0
1748009412348.0,9890.9,9895.9
1748009414289.0,9890.6,9895.6
1748009416349.0,9890.4,9895.4
1748009416703.0,9890.0,9895.0
1748009417420.0,9890.4,9895.4
1748009420943.0,9890.5,9895.5
1748009422701.0,9890.4,9895.4
1748009423792.0,9890.4,9895.4
1748009425160.0,9890.5,9895.5
1748009425260.0,9890.4,9895.4
1748009425792.0,9890.5,9895.5
1748009430290.0,9891.3,9896.3
1748009431745.0,9890.7,9895.7
1748009432849.0,9890.6,9895.6
1748009434610,,
1748009437761,,
1748009437867.0,9890.7,9895.7
1748009438388.0,9890.6,9895.6
1748009438646.0,9890.6,9895.6
1748009439860.0,9890.7,9895.7
1748009440019.0,9890.6,9895.6
1748009440359.0,9890.7,9895.7
1748009440569.0,9890.7,9895.7
1748009440669.0,9890.6,9895.6
1748009441114.0,9890.6,9895.6
1748009441320.0,9890.6,9895.6
1748009446223,,
1748009446324.0,9890.5,9895.5
1748009446759.0,9890.3,9895.3
1748009446860.0,9890.4,9895.4
1748009447220.0,9890.1,9895.1
1748009447520.0,9890.1,9895.1
1748009447740.0,9890.1,9895.1
1748009447943.0,9890.1,9895.1
1748009449165.0,9889.9,9894.9
1748009453645.0,9889.6,9894.6
1748009453726.0,9889.7,9894.7
1748009455486.0,9889.8,9894.8
1748009455680.0,9889.6,9894.6
1748009456280.0,9889.7,9894.7
1748009456380.0,9889.6,9894.6
1748009456884,,
1748009456983,,
1748009457602.0,9889.7,9894.7
1748009458661.0,9889.9,9894.9
1748009458761.0,9890.0,9895.0
1748009459841.0,9890.1,9895.1
1748009460015.0,9889.9,9894.9
1748009460778,,
1748009460879.0,9890.0,9895.0
1748009461138.0,9889.9,9894.9
1748009461592.0,9890.1,9895.1
1748009462961,,
1748009464204,,
1748009466869.0,9890.6,9895.6
1748009467178.0,9890.5,9895.5
1748009467379.0,9890.4,9895.4
1748009467873.0,9890.5,9895.5
1748009469435.0,9890.7,9895.7
1748009474974.0,9890.9,9895.9
1748009475074,,
1748009476683,,
1748009480697.0,9890.1,9895.1
1748009482426.0,9890.0,9895.0
1748009483960.0,9890.4,9895.4
1748009485120.0,9890.3,9895.3
1748009485455.0,9890.2,9895.2
1748009488272,,
1748009490411.0,9890.5,9895.5
1748009491141.0,9890.9,9895.9
1748009491241.0,9890.6,9895.6
1748009493047.0,9890.6,9895.6
1748009494286.0,9890.3,9895.3
1748009497310.0,9890.0,9895.0
1748009498843.0,9890.1,9895.1
1748009499043.0,9889.7,9894.7
1748009499401.0,9889.8,9894.8
1748009499642.0,9889.6,9894.6
1748009501028.0,9889.8,9894.8
1748009501519.0,9889.7,9894.7
1748009504396.0,9890.0,9895.0
1748009504595.0,9889.8,9894.8
1748009505010.0,9889.6,9894.6
1748009509208.0,9889.1,9894.1
1748009509310.0,9889.3,9894.3
1748009511351.0,9888.9,9893.9
1748009511451.0,9888.8,9893.8
1748009513540.0,9888.9,9893.9
1748009513641.0,9888.8,9893.8
1748009516126.0,9888.7,9893.7
1748009516227.0,9888.5,9893.5
1748009516792.0,9888.3,9893.3
1748009516958.0,9888.5,9893.5
1748009518017.0,9888.3,9893.3
1748009518410.0,9888.5,9893.5
1748009520013.0,9888.3,9893.3
1748009521041.0,9888.2,9893.2
1748009521393.0,9888.1,9893.1
1748009521669.0,9887.8,9892.8
1748009522989.0,9887.2,9892.2
1748009523089.0,9887.4,9892.4
1748009523530.0,9887.5,9892.5
1748009524069.0,9887.9,9892.9
1748009524301.0,9888.0,9893.0
1748009524401.0,9887.7,9892.7
1748009524808.0,9887.9,9892.9
1748009526422.0,9887.5,9892.5
1748009526521.0,9887.7,9892.7
1748009526741.0,9887.6,9892.6
1748009528318.0,9887.9,9892.9
1748009528586.0,9887.9,9892.9
1748009529043.0,9887.9,9892.9
1748009529243.0,9887.9,9892.9
1748009531510.0,9887.7,9892.7
1748009531612.0,9887.6,9892.6
1748009532526,,
1748009533074.0,9887.1,9892.1
1748009533657,,
1748009534190,,
1748009535470,,
1748009536116.0,9887.4,9892.4
1748009538661,,
1748009538857.0,9887.7,9892.7
1748009539071.0,9888.0,9893.0
1748009539866.0,9888.6,9893.6
1748009540101.0,9888.7,9893.7
1748009540613.0,9889.0,9894.0
1748009540809.0,9889.2,9894.2
1748009540974.0,9889.0,9894.0
1748009541076.0,9888.9,9893.9
1748009541920.0,9889.0,9894.0
1748009542117.0,9888.9,9893.9
1748009543456.0,9888.7,9893.7
1748009543554.0,9888.4,9893.4
1748009544544.0,9888.3,9893.3
1748009546208.0,9888.1,9893.1
1748009548523.0,9888.4,9893.4
1748009549081.0,9888.6,9893.6
1748009552146,,
1748009552851.0,9889.0,9894.0
1748009553006.0,9888.7,9893.7
1748009560275,,
1748009565016.0,9888.9,9893.9
1748009566122.0,9889.1,9894.1
1748009570406.0,9888.8,9893.8
1748009570506.0,9889.1,9894.1
1748009573826.0,9889.2,9894.2
1748009574026.0,9889.8,9894.8
1748009574905.0,9889.4,9894.4
1748009575383.0,9889.6,9894.6
1748009576231,,
1748009576960.0,9889.7,9894.7
1748009577071.0,9889.6,9894.6
1748009577463.0,9888.8,9893.8
1748009578959.0,9888.7,9893.7
1748009579344.0,9888.9,9893.9
1748009579447.0,9888.8,9893.8
1748009580017.0,9888.6,9893.6
1748009582406.0,9888.3,9893.3
1748009583216.0,9888.1,9893.1
1748009584071,,
1748009584432.0,9888.2,9893.2
1748009584532.0,9888.3,9893.3
1748009584926.0,9888.2,9893.2
1748009585026.0,9888.1,9893.1
1748009585331.0,9888.2,9893.2
1748009585795.0,9888.3,9893.3
1748009586585.0,9888.1,9893.1
1748009586687.0,9887.8,9892.8
1748009586956.0,9887.7,9892.7
1748009588388.0,9887.7,9892.7
1748009588490.0,9887.6,9892.6
1748009590174.0,9888.1,9893.1
1748009590523.0,9888.2,9893.2
1748009590724.0,9888.4,9893.4
1748009592095.0,9888.2,9893.2
1748009592395.0,9888.1,9893.1
1748009592534.0,9888.2,9893.2
1748009592946.0,9888.1,9893.1
1748009593201.0,9888.2,9893.2
1748009594182,,
1748009594283.0,9888.1,9893.1
1748009595486.0,9888.4,9893.4
1748009596128.0,9888.3,9893.3
1748009597070.0,9888.4,9893.4
1748009597745.0,9888.3,9893.3
1748009599176.0,9888.4,9893.4
1748009599276.0,9888.3,9893.3
1748009601639.0,9888.6,9893.6
1748009601740.0,9888.7,9893.7
1748009607217.0,9888.8,9893.8
1748009609004.0,9888.6,9893.6
1748009609104.0,9888.8,9893.8
1748009609203.0,9888.9,9893.9
1748009610015.0,9889.1,9894.1
1748009612842.0,9888.8,9893.8
1748009616427.0,9888.9,9893.9
1748009616617.0,9888.8,9893.8
1748009618357.0,9888.8,9893.8
1748009618644.0,9888.9,9893.9
1748009618803.0,9888.8,9893.8
1748009621315.0,9888.9,9893.9
1748009622241.0,9888.8,9893.8
1748009622340.0,9888.9,9893.9
1748009623321.0,9888.8,9893.8
1748009623517.0,9888.8,9893.8
1748009623813.0,9888.5,9893.5
1748009624808.0,9888.6,9893.6
1748009625719.0,9888.5,9893.5
1748009625876.0,9888.6,9893.6
1748009626768.0,9888.6,9893.6
1748009630449.0,9888.5,9893.5
1748009630805.0,9888.3,9893.3
1748009630905.0,9888.1,9893.1
1748009631535.0,9888.0,9893.0
1748009631788.0,9888.0,9893.0
1748009632104.0,9887.9,9892.9
1748009632318.0,9888.0,9893.0
1748009632651.0,9887.9,9892.9
1748009632846.0,9888.0,9893.0
1748009633076.0,9888.0,9893.0
1748009635194.0,9887.9,9892.9
1748009635930.0,9888.0,9893.0
1748009636135.0,9887.9,9892.9
1748009636220.0,9888.0,9893.0
1748009637283.0,9887.9,9892.9
1748009637693.0,9888.0,9893.0
1748009637856.0,9887.9,9892.9
1748009638676.0,9887.2,9892.2
1748009638771.0,9887.3,9892.3
1748009639775,,
1748009642944.0,9886.9,9891.9
1748009643046.0,9886.8,9891.8
1748009643493.0,9886.8,9891.8
1748009644250.0,9886.9,9891.9
1748009644350.0,9886.8,9891.8
1748009645218.0,9886.9,9891.9
1748009645502.0,9886.9,9891.9
1748009646144,,
1748009647414.0,9887.2,9892.2
1748009647516.0,9887.1,9892.1
1748009649764,,
1748009652221.0,9886.6,9891.6
1748009652422.0,9886.8,9891.8
1748009652696.0,9887.0,9892.0
1748009653528.0,9887.1,9892.1
1748009660604.0,9886.7,9891.7
1748009660953.0,9886.8,9891.8
1748009665099.0,9886.7,9891.7
1748009665293.0,9886.8,9891.8
1748009668639.0,9886.6,9891.6
1748009668888.0,9885.7,9890.7
1748009669085.0,9885.7,9890.7
1748009669935.0,9885.9,9890.9
1748009670021.0,9885.8,9890.8
1748009670928.0,9886.1,9891.1
1748009674068.0,9886.2,9891.2
1748009675468.0,9886.6,9891.6
1748009677321.0,9886.4,9891.4
1748009677550.0,9886.5,9891.5
1748009678907.0,9886.4,9891.4
1748009679671.0,9886.3,9891.3
1748009679769.0,9886.4,9891.4
1748009681188,,
1748009681492.0,9886.6,9891.6
1748009682589.0,9886.7,9891.7
1748009683697.0,9886.6,9891.6
1748009684160.0,9886.7,9891.7
1748009686825.0,9886.6,9891.6
1748009687093.0,9886.6,9891.6
1748009687194.0,9886.7,9891.7
1748009687434.0,9886.6,9891.6
1748009689071.0,9886.7,9891.7
1748009689493.0,9886.6,9891.6
1748009690067.0,9886.7,9891.7
1748009691099.0,9887.0,9892.0
1748009691377.0,9886.9,9891.9
1748009692171.0,9886.9,9891.9
1748009692410.0,9886.9,9891.9
1748009699165.0,9887.0,9892.0
1748009699890.0,9887.1,9892.1
1748009700011.0,9887.0,9892.0
1748009700184.0,9886.9,9891.9
1748009704051.0,9887.1,9892.1
1748009705377.0,9887.2,9892.2
1748009708358.0,9886.9,9891.9
1748009708509.0,9887.1,9892.1
1748009708609,,
1748009708772.0,9887.2,9892.2
1748009708873.0,9887.1,9892.1
1748009710740.0,9886.8,9891.8
1748009710840.0,9886.6,9891.6
1748009711462.0,9886.6,9891.6
1748009716029.0,9886.7,9891.7
1748009716347.0,9886.8,9891.8
1748009717494.0,9886.6,9891.6
1748009717680.0,9886.6,9891.6
1748009721038.0,9886.4,9891.4
1748009721140.0,9886.5,9891.5
1748009721463,,
1748009722037.0,9886.8,9891.8
1748009722142.0,9886.7,9891.7
1748009722341.0,9886.8,9891.8
1748009722820.0,9886.7,9891.7
1748009722921.0,9886.8,9891.8
1748009723126.0,9886.7,9891.7
1748009723230.0,9886.8,9891.8
1748009723922.0,9886.7,9891.7
1748009724927.0,9886.3,9891.3
1748009725025.0,9886.1,9891.1
1748009725564.0,9886.3,9891.3
1748009726032.0,9886.1,9891.1
1748009726126,,
1748009727013.0,9886.2,9891.2
1748009727465.0,9886.3,9891.3
1748009727936.0,9886.2,9891.2
1748009728566.0,9886.3,9891.3
1748009729005.0,9886.2,9891.2
1748009729106.0,9886.3,9891.3
1748009730011.0,9886.5,9891.5
1748009734196.0,9886.3,9891.3
1748009734296.0,9886.4,9891.4
1748009735212.0,9886.3,9891.3
1748009735522.0,9886.2,9891.2
1748009736214.0,9886.3,9891.3
1748009736436.0,9886.2,9891.2
1748009738543.0,9886.3,9891.3
1748009738949.0,9886.2,9891.2
1748009739341.0,9886.4,9891.4
1748009740094.0,9886.3,9891.3
1748009743230.0,9885.8,9890.8
1748009743350.0,9885.6,9890.6
1748009745435,,
1748009753296.0,9885.4,9890.4
1748009753398,,
1748009754782.0,9885.5,9890.5
1748009754997.0,9885.6,9890.6
1748009756011.0,9885.5,9890.5
1748009756355.0,9885.6,9890.6
1748009757831.0,9885.5,9890.5
1748009758390.0,9885.4,9890.4
1748009762091.0,9885.1,9890.1
1748009762190.0,9884.6,9889.6
1748009762933.0,9884.7,9889.7
1748009763248.0,9885.0,9890.0
1748009765271.0,9884.9,9889.9
1748009766197.0,9884.8,9889.8
1748009767097.0,9884.6,9889.6
1748009767196,,
1748009767698.0,9884.7,9889.7
1748009768059.0,9884.8,9889.8
1748009768388.0,9884.6,9889.6
1748009768663.0,9884.7,9889.7
1748009768762.0,9884.6,9889.6
1748009770255.0,9884.4,9889.4
1748009770618.0,9884.3,9889.3
1748009770846.0,9884.1,9889.1
1748009771233.0,9884.2,9889.2
1748009772124.0,9884.3,9889.3
1748009772226.0,9884.4,9889.4
1748009775161.0,9884.3,9889.3
1748009776393.0,9884.1,9889.1
1748009777945.0,9883.9,9888.9
1748009778046.0,9883.4,9888.4
1748009778483.0,9883.6,9888.6
1748009780929.0,9883.3,9888.3
1748009781028,,
1748009781677.0,9883.0,9888.0
1748009782158.0,9882.8,9887.8
1748009782387.0,9883.0,9888.0
1748009782800.0,9883.1,9888.1
1748009784341.0,9883.0,9888.0
1748009784442.0,9883.1,9888.1
1748009785220.0,9882.9,9887.9
1748009786917,,
1748009787018,,
1748009787977,,
1748009794184.0,9883.1,9888.1
1748009794283,,
1748009795885.0,9883.0,9888.0
1748009796788.0,9883.3,9888.3
1748009798295.0,9883.3,9888.3
1748009800004.0,9883.2,9888.2
1748009800512.0,9883.3,9888.3
1748009800613.0,9883.2,9888.2
1748009803688.0,9883.0,9888.0
1748009808164.0,9883.1,9888.1
1748009810250.0,9883.0,9888.0
1748009810446.0,9883.3,9888.3
1748009818693.0,9883.2,9888.2
1748009819243.0,9883.1,9888.1
1748009819569.0,9883.2,9888.2
1748009821346.0,9884.4,9889.4
1748009822648.0,9884.6,9889.6
1748009822748,,
1748009825367.0,9884.5,9889.5
1748009825466.0,9884.4,9889.4
1748009825740.0,9884.3,9889.3
1748009826626.0,9884.4,9889.4
1748009828452.0,9884.4,9889.4
1748009829832.0,9884.4,9889.4
1748009831170,,
1748009831539.0,9884.3,9889.3
1748009831639.0,9884.4,9889.4
1748009833802.0,9884.3,9889.3
1748009833970.0,9884.4,9889.4
1748009834986.0,9884.3,9889.3
1748009835198.0,9884.3,9889.3
1748009836989.0,9884.6,9889.6
1748009838097.0,9884.7,9889.7
1748009838294.0,9884.4,9889.4
1748009841810.0,9884.6,9889.6
1748009841909.0,9884.7,9889.7
1748009845312.0,9884.6,9889.6
1748009845412.0,9884.7,9889.7
1748009846331,,
1748009847601.0,9884.7,9889.7
1748009850117.0,9884.6,9889.6
1748009851056.0,9884.7,9889.7
1748009851341.0,9884.6,9889.6
1748009852325.0,9884.7,9889.7
1748009852435.0,9884.6,9889.6
1748009853271.0,9884.3,9889.3
1748009853613.0,9884.4,9889.4
1748009853844.0,9884.4,9889.4
1748009854377.0,9884.6,9889.6
1748009854476.0,9884.4,9889.4
1748009855204.0,9884.6,9889.6
1748009855444.0,9884.6,9889.6
1748009855543.0,9884.7,9889.7
1748009856600.0,9884.6,9889.6
1748009857682.0,9884.4,9889.4
1748009857781.0,9884.6,9889.6
1748009865020.0,9884.4,9889.4
1748009866122.0,9883.9,9888.9
1748009866222.0,9883.8,9888.8
1748009871701.0,9883.5,9888.5
1748009871902.0,9884.3,9889.3
1748009876776.0,9884.1,9889.1
1748009877820.0,9884.5,9889.5
1748009880011.0,9884.3,9889.3
1748009882390.0,9884.4,9889.4
1748009882489.0,9884.3,9889.3
1748009882708.0,9884.6,9889.6
1748009883899.0,9884.3,9889.3
1748009885283.0,9884.6,9889.6
1748009885506.0,9884.6,9889.6
1748009886060.0,9884.8,9889.8
1748009886161.0,9884.9,9889.9
1748009886670.0,9884.8,9889.8
1748009887430.0,9885.2,9890.2
1748009887520.0,9885.6,9890.6
1748009887948.0,9885.6,9890.6
1748009889849.0,9885.7,9890.7
1748009889947.0,9885.9,9890.9
1748009890265.0,9886.0,9891.0
1748009890465.0,9885.9,9890.9
1748009890830.0,9885.9,9890.9
1748009891225.0,9885.8,9890.8
1748009891671.0,9885.6,9890.6
1748009891819.0,9885.8,9890.8
1748009892262.0,9885.3,9890.3
1748009892361.0,9885.1,9890.1
1748009892830.0,9885.3,9890.3
1748009894614.0,9884.9,9889.9
1748009897659.0,9885.1,9890.1
1748009898009.0,9884.8,9889.8
1748009898110.0,9885.1,9890.1
1748009899163.0,9884.8,9889.8
1748009899806.0,9884.9,9889.9
1748009900598.0,9884.8,9889.8
1748009901207.0,9884.9,9889.9
1748009901451.0,9884.8,9889.8
1748009901801.0,9884.9,9889.9
1748009902877.0,9885.0,9890.0
1748009903124.0,9885.1,9890.1
1748009906008.0,9885.3,9890.3
1748009906825.0,9885.1,9890.1
1748009909085.0,9885.3,9890.3
1748009910011.0,9885.1,9890.1
1748009910635.0,9885.2,9890.2
1748009912554.0,9885.3,9890.3
1748009915390.0,9885.4,9890.4
1748009916478.0,9885.6,9890.6
1748009916579.0,9885.9,9890.9
1748009917822,,
1748009918796.0,9885.8,9890.8
1748009918897.0,9885.9,9890.9
1748009922209.0,9885.8,9890.8
1748009923902.0,9885.4,9890.4
1748009924102.0,9885.6,9890.6
1748009924202.0,9885.3,9890.3
1748009924303,,
1748009924834.0,9884.9,9889.9
1748009926230.0,9885.1,9890.1
1748009926840.0,9885.4,9890.4
1748009928951.0,9885.7,9890.7
1748009929268.0,9885.9,9890.9
1748009929467.0,9885.8,9890.8
1748009929741.0,9886.0,9891.0
1748009929951.0,9886.0,9891.0
1748009930280.0,9885.8,9890.8
1748009930396.0,9885.9,9890.9
1748009930890.0,9885.8,9890.8
1748009931190.0,9885.6,9890.6
1748009932455.0,9885.7,9890.7
1748009932556.0,9885.8,9890.8
1748009932823.0,9885.9,9890.9
1748009936854.0,9885.8,9890.8
1748009938774.0,9885.9,9890.9
1748009938974.0,9885.8,9890.8
1748009939807,,
1748009941448.0,9885.9,9890.9
1748009941549.0,9885.8,9890.8
1748009945455.0,9885.8,9890.8
1748009946868,,
1748009948449,,
1748009950196.0,9885.8,9890.8
1748009954066.0,9885.9,9890.9
1748009963326,,
1748009970019.0,9886.1,9891.1
1748009973349.0,9886.3,9891.3
1748009977736.0,9885.8,9890.8
1748009977835.0,9885.9,9890.9
1748009979776.0,9885.8,9890.8
1748009981576.0,9885.9,9890.9
1748009982177.0,9885.3,9890.3
1748009983785.0,9884.8,9889.8
1748009984086.0,9884.9,9889.9
1748009985190.0,9884.9,9889.9
1748009986182.0,9884.8,9889.8
1748009987888.0,9885.1,9890.1
1748009988162.0,9885.4,9890.4
1748009988372.0,9885.4,9890.4
1748009991178.0,9885.1,9890.1
1748009993955.0,9884.9,9889.9
1748009994054.0,9884.8,9889.8
1748009994986.0,9884.6,9889.6
1748009995088.0,9884.7,9889.7
1748009995186.0,9884.6,9889.6
1748009995762.0,9884.8,9889.8
1748009996333.0,9884.6,9889.6
1748009996434.0,9884.7,9889.7
1748009996722.0,9885.0,9890.0
1748009997421.0,9884.8,9889.8
1748009999271.0,9884.6,9889.6
1748009999469.0,9884.4,9889.4
1748009999775.0,9884.3,9889.3
1748009999960.0,9884.4,9889.4
1748010001844.0,9884.3,9889.3
1748010002225.0,9884.4,9889.4
1748010002450.0,9884.4,9889.4
1748010002722.0,9884.3,9889.3
1748010003087.0,9884.4,9889.4
1748010004095.0,9884.6,9889.6
1748010004295.0,9884.9,9889.9
1748010004412.0,9884.8,9889.8
1748010004989.0,9884.9,9889.9
1748010005345.0,9885.0,9890.0
1748010006232.0,9885.3,9890.3
1748010007037.0,9885.1,9890.1
1748010008043.0,9885.3,9890.3
1748010008265.0,9885.1,9890.1
1748010009315.0,9885.4,9890.4
1748010009415.0,9885.3,9890.3
1748010010950.0,9885.6,9890.6
1748010012008.0,9885.3,9890.3
1748010012758.0,9885.4,9890.4
1748010012972.0,9885.3,9890.3
1748010013309.0,9885.4,9890.4
1748010014680.0,9885.3,9890.3
1748010014964.0,9885.3,9890.3
1748010015064.0,9885.4,9890.4
1748010016308.0,9885.4,9890.4
1748010016570.0,9885.3,9890.3
1748010016715.0,9885.4,9890.4
1748010022964.0,9886.3,9891.3
1748010023200.0,9885.8,9890.8
1748010027448.0,9885.8,9890.8
1748010027750.0,9885.9,9890.9
1748010027935.0,9885.9,9890.9
1748010028298.0,9885.9,9890.9
1748010028393.0,9885.8,9890.8
1748010029341.0,9885.9,9890.9
1748010029640.0,9885.8,9890.8
1748010030135.0,9885.9,9890.9
1748010031443.0,9885.9,9890.9
1748010031545,,
1748010033840.0,9886.1,9891.1
1748010034370.0,9885.9,9890.9
1748010034470,,
1748010035996.0,9885.8,9890.8
1748010036096.0,9885.9,9890.9
1748010038170.0,9885.8,9890.8
1748010038860.0,9885.9,9890.9
1748010038959.0,9885.8,9890.8
1748010039874.0,9885.9,9890.9
1748010040741.0,9885.9,9890.9
1748010041800.0,9886.1,9891.1
1748010042124.0,9886.3,9891.3
1748010042225.0,9886.1,9891.1
1748010042661.0,9886.0,9891.0
1748010042849.0,9886.1,9891.1
1748010043786.0,9886.0,9891.0
1748010043987.0,9886.3,9891.3
1748010044729.0,9886.1,9891.1
1748010045029.0,9886.8,9891.8
1748010045228.0,9887.0,9892.0
1748010046581.0,9886.8,9891.8
1748010048219.0,9886.8,9891.8
1748010049516.0,9886.3,9891.3
1748010052793.0,9886.4,9891.4
1748010052999.0,9886.3,9891.3
1748010057973.0,9886.4,9891.4
1748010059242.0,9886.6,9891.6
1748010063628.0,9886.6,9891.6
1748010063932.0,9886.6,9891.6
1748010064231.0,9886.4,9891.4
1748010067162.0,9886.4,9891.4
1748010068206.0,9886.3,9891.3
1748010068456.0,9885.8,9890.8
1748010071369.0,9885.6,9890.6
1748010071683.0,9886.1,9891.1
1748010072198.0,9885.9,9890.9
1748010072393.0,9885.9,9890.9
1748010072723.0,9885.8,9890.8
1748010073246.0,9885.9,9890.9
1748010074790.0,9885.8,9890.8
1748010075403.0,9885.3,9890.3
1748010075642.0,9885.4,9890.4
1748010075859.0,9885.4,9890.4
1748010076174.0,9885.3,9890.3
1748010076318.0,9885.4,9890.4
1748010076958.0,9885.5,9890.5
1748010077452.0,9885.3,9890.3
1748010078502.0,9885.8,9890.8
1748010080185,,
1748010084470.0,9885.3,9890.3
1748010084570.0,9885.4,9890.4
1748010090016.0,9885.6,9890.6
1748010090269.0,9885.7,9890.7
1748010093995.0,9886.0,9891.0
1748010094196.0,9886.3,9891.3
1748010095106.0,9886.3,9891.3
1748010095223.0,9886.1,9891.1
1748010095600.0,9886.1,9891.1
1748010096635.0,9886.3,9891.3
1748010096926.0,9886.3,9891.3
1748010097921.0,9886.1,9891.1
1748010098234.0,9886.4,9891.4
1748010099052.0,9886.6,9891.6
1748010099253.0,9886.8,9891.8
1748010099426.0,9886.9,9891.9
1748010101251.0,9887.1,9892.1
1748010101451.0,9886.9,9891.9
1748010102833.0,9886.8,9891.8
1748010102940.0,9886.9,9891.9
1748010104372.0,9886.9,9891.9
1748010104572.0,9886.9,9891.9
1748010105139.0,9886.8,9891.8
1748010105291.0,9886.9,9891.9
1748010105664.0,9886.9,9891.9
1748010106233.0,9886.9,9891.9
1748010106337.0,9886.8,9891.8
1748010106539.0,9886.3,9891.3
1748010108309.0,9886.6,9891.6
1748010108888.0,9886.3,9891.3
1748010108989.0,9886.4,9891.4
1748010110028.0,9886.3,9891.3
1748010110986.0,9886.4,9891.4
1748010111193.0,9885.9,9890.9
1748010111869.0,9885.8,9890.8
1748010120253.0,9885.8,9890.8
1748010121298.0,9885.6,9890.6
1748010121563.0,9885.8,9890.8
1748010122049.0,9885.9,9890.9
1748010124868.0,9885.8,9890.8
1748010124968.0,9885.9,9890.9
1748010125697.0,9885.8,9890.8
1748010127469.0,9885.3,9890.3
1748010135022.0,9884.9,9889.9
1748010140111.0,9884.8,9889.8
1748010141618.0,9884.4,9889.4
1748010141819.0,9883.8,9888.8
1748010142311.0,9883.6,9888.6
1748010142611.0,9883.8,9888.8
1748010142852.0,9883.3,9888.3
1748010143051.0,9883.4,9888.4
1748010143208.0,9883.3,9888.3
1748010143320.0,9883.4,9888.4
1748010143419.0,9883.3,9888.3
1748010144840.0,9883.4,9888.4
1748010146101.0,9883.3,9888.3
1748010146401.0,9882.9,9887.9
1748010147006.0,9883.3,9888.3
1748010147107,,
1748010148086.0,9883.4,9888.4
1748010148186.0,9883.7,9888.7
1748010150010.0,9883.9,9888.9
1748010152341.0,9883.9,9888.9
1748010152884.0,9883.8,9888.8
1748010154384.0,9883.1,9888.1
1748010154665.0,9883.0,9888.0
1748010154766.0,9883.1,9888.1
1748010157402.0,9882.8,9887.8
1748010157603.0,9882.6,9887.6
1748010159232.0,9882.8,9887.8
1748010163765.0,9882.6,9887.6
1748010164762.0,9882.6,9887.6
1748010165091.0,9882.5,9887.5
1748010165192.0,9882.6,9887.6
1748010167430.0,9882.1,9887.1
1748010167630,,
1748010167976.0,9882.1,9887.1
1748010169242.0,9882.1,9887.1
1748010169840.0,9882.2,9887.2
1748010170069.0,9882.6,9887.6
1748010170393.0,9882.8,9887.8
1748010170918.0,9882.5,9887.5
1748010171310.0,9882.6,9887.6
1748010171632.0,9883.1,9888.1
1748010171958.0,9882.6,9887.6
1748010172293.0,9883.0,9888.0
1748010172396.0,9883.1,9888.1
1748010174351.0,9882.9,9887.9
1748010174449.0,9883.2,9888.2
1748010175444.0,9883.4,9888.4
1748010175541.0,9883.6,9888.6
1748010177536.0,9883.9,9888.9
1748010177636.0,9884.1,9889.1
1748010178319.0,9883.9,9888.9
1748010178418.0,9884.1,9889.1
1748010180013.0,9883.9,9888.9
1748010180212.0,9883.9,9888.9
1748010180320.0,9883.8,9888.8
1748010180660.0,9883.9,9888.9
1748010181050.0,9883.8,9888.8
1748010181182.0,9883.9,9888.9
1748010182517.0,9883.8,9888.8
1748010183064,,
1748010183671.0,9883.9,9888.9
1748010183967.0,9883.9,9888.9
1748010184974.0,9883.8,9888.8
1748010185314.0,9883.9,9888.9
1748010186633.0,9883.8,9888.8
1748010186733.0,9883.9,9888.9
1748010188423.0,9884.1,9889.1
1748010188523,,
1748010188622.0,9884.4,9889.4
1748010190040.0,9884.4,9889.4
1748010190162.0,9884.3,9889.3
1748010190263.0,9884.4,9889.4
1748010192074.0,9884.6,9889.6
1748010193341.0,9884.1,9889.1
1748010193541.0,9883.8,9888.8
1748010194123.0,9882.8,9887.8
1748010194261.0,9882.9,9887.9
1748010194519.0,9882.8,9887.8
1748010195367.0,9882.6,9887.6
1748010195728.0,9882.9,9887.9
1748010196081.0,9882.8,9887.8
1748010198605,,
1748010199160.0,9882.4,9887.4
1748010199260.0,9882.3,9887.3
1748010200500.0,9882.4,9887.4
1748010201521.0,9882.1,9887.1
1748010201846.0,9882.4,9887.4
1748010201947.0,9882.1,9887.1
1748010202693.0,9882.6,9887.6
1748010203454.0,9882.5,9887.5
1748010203553.0,9882.8,9887.8
1748010205687.0,9882.9,9887.9
1748010206865.0,9883.1,9888.1
1748010207066.0,9883.4,9888.4
1748010207418.0,9883.3,9888.3
1748010207530.0,9883.4,9888.4
1748010207841.0,9883.3,9888.3
1748010208162.0,9883.1,9888.1
1748010209034.0,9882.9,9887.9
1748010209454.0,9882.8,9887.8
1748010209804.0,9883.1,9888.1
1748010210020.0,9882.9,9887.9
1748010212720.0,9882.9,9887.9
1748010213241.0,9882.9,9887.9
1748010213606.0,9882.8,9887.8
1748010214080.0,9882.9,9887.9
1748010215067.0,9882.8,9887.8
1748010215367.0,9882.9,9887.9
1748010215468.0,9882.8,9887.8
1748010215667.0,9882.8,9887.8
1748010218131.0,9882.3,9887.3
1748010218790.0,9882.2,9887.2
1748010219284.0,9882.5,9887.5
1748010219548.0,9882.6,9887.6
1748010220448.0,9882.4,9887.4
1748010223697.0,9882.3,9887.3
1748010223797.0,9882.4,9887.4
1748010224962.0,9882.3,9887.3
1748010225874.0,9882.4,9887.4
1748010226202.0,9882.6,9887.6
1748010226342.0,9882.8,9887.8
1748010228352.0,9882.6,9887.6
1748010228552.0,9883.1,9888.1
1748010230575.0,9883.5,9888.5
1748010231033.0,9883.3,9888.3
1748010231232.0,9882.9,9887.9
1748010231799.0,9882.9,9887.9
1748010232175.0,9883.1,9888.1
1748010232274.0,9883.2,9888.2
1748010233250.0,9883.6,9888.6
1748010233350.0,9883.4,9888.4
1748010233754.0,9883.4,9888.4
1748010233986.0,9883.4,9888.4
1748010234086.0,9883.5,9888.5
1748010235581.0,9883.8,9888.8
1748010235681.0,9883.6,9888.6
1748010238855.0,9883.3,9888.3
1748010238954.0,9883.4,9888.4
1748010239800.0,9883.3,9888.3
1748010243065.0,9883.4,9888.4
1748010243372.0,9883.3,9888.3
1748010243472.0,9883.4,9888.4
1748010244114.0,9883.3,9888.3
1748010244213.0,9883.4,9888.4
1748010244878.0,9883.4,9888.4
1748010244978.0,9883.3,9888.3
1748010245078.0,9883.4,9888.4
1748010246993.0,9883.6,9888.6
1748010247108.0,9883.7,9888.7
1748010247698.0,9883.8,9888.8
1748010248163.0,9883.7,9888.7
1748010250734.0,9883.8,9888.8
1748010250833.0,9883.9,9888.9
1748010251762.0,9883.9,9888.9
1748010252013.0,9883.8,9888.8
1748010252341.0,9883.9,9888.9
1748010252662.0,9883.8,9888.8
1748010252760.0,9883.9,9888.9
1748010255074.0,9883.8,9888.8
1748010256642.0,9883.6,9888.6
1748010257510.0,9883.8,9888.8
1748010257609.0,9883.9,9888.9
1748010258198.0,9884.1,9889.1
1748010258299.0,9884.3,9889.3
1748010258498.0,9883.8,9888.8
1748010258894.0,9883.6,9888.6
1748010259314.0,9883.8,9888.8
1748010259415.0,9883.9,9888.9
1748010260688.0,9883.8,9888.8
1748010262797.0,9883.3,9888.3
1748010262898.0,9883.6,9888.6
1748010266478.0,9883.3,9888.3
1748010266577.0,9883.4,9888.4
1748010267234.0,9883.4,9888.4
1748010267434.0,9883.3,9888.3
1748010267635.0,9883.4,9888.4
1748010269372.0,9883.4,9888.4
1748010270286.0,9883.3,9888.3
1748010270388.0,9883.4,9888.4
1748010270773.0,9883.3,9888.3
1748010271105.0,9883.4,9888.4
1748010274992.0,9883.8,9888.8
1748010275092.0,9883.9,9888.9
1748010275192.0,9884.0,9889.0
1748010277498.0,9883.8,9888.8
1748010278745.0,9883.4,9888.4
1748010282210.0,9883.6,9888.6
1748010282410.0,9883.8,9888.8
1748010284873.0,9883.9,9888.9
1748010285158.0,9883.8,9888.8
1748010290582.0,9883.6,9888.6
1748010290969.0,9883.4,9888.4
1748010295546.0,9883.3,9888.3
1748010295709.0,9883.4,9888.4
1748010297425.0,9883.3,9888.3
1748010297625.0,9883.4,9888.4
1748010298447.0,9883.6,9888.6
1748010298993.0,9883.8,9888.8
1748010300033.0,9883.4,9888.4
1748010303157.0,9883.4,9888.4
1748010303453.0,9883.7,9888.7
1748010305050.0,9883.8,9888.8
1748010305149.0,9883.9,9888.9
1748010305819.0,9884.4,9889.4
1748010314863.0,9884.7,9889.7
1748010315018.0,9885.1,9890.1
1748010319921.0,9885.3,9890.3
1748010321040.0,9885.6,9890.6
1748010322413.0,9886.1,9891.1
1748010322672.0,9886.4,9891.4
1748010322772.0,9886.3,9891.3
1748010323272.0,9886.6,9891.6
1748010324446.0,9886.9,9891.9
1748010325553.0,9887.2,9892.2
1748010325785.0,9887.3,9892.3
1748010325983.0,9887.0,9892.0
1748010327902.0,9886.8,9891.8
1748010329526.0,9886.9,9891.9
1748010329625.0,9886.8,9891.8
1748010331168.0,9886.9,9891.9
1748010331267.0,9886.8,9891.8
1748010331700.0,9886.9,9891.9
1748010331800.0,9886.8,9891.8
1748010333313.0,9886.8,9891.8
1748010333574.0,9886.8,9891.8
1748010334606.0,9887.1,9892.1
1748010334703.0,9887.2,9892.2
1748010337243.0,9887.4,9892.4
1748010337343.0,9887.3,9892.3
1748010338612.0,9887.0,9892.0
1748010338782.0,9886.8,9891.8
1748010339093.0,9887.1,9892.1
1748010339194.0,9887.6,9892.6
1748010341803.0,9887.7,9892.7
1748010343388.0,9888.1,9893.1
1748010343486.0,9888.9,9893.9
1748010344737.0,9888.8,9893.8
1748010347606.0,9888.8,9893.8
1748010348870.0,9888.9,9893.9
1748010352904.0,9889.1,9894.1
1748010353004.0,9889.4,9894.4
1748010354652.0,9889.7,9894.7
1748010354955.0,9890.0,9895.0
1748010355606.0,9889.8,9894.8
1748010357307.0,9889.6,9894.6
1748010357767.0,9890.1,9895.1
1748010357867.0,9890.0,9895.0
1748010358798.0,9890.1,9895.1
1748010359071.0,9889.8,9894.8
1748010359995.0,9889.8,9894.8
1748010361081.0,9889.9,9894.9
1748010361182.0,9889.8,9894.8
1748010361421.0,9889.9,9894.9
1748010362211.0,9889.8,9894.8
1748010363103.0,9889.9,9894.9
1748010364725.0,9890.2,9895.2
1748010368024.0,9890.3,9895.3
1748010369481.0,9890.4,9895.4
1748010372847.0,9890.3,9895.3
1748010380455.0,9890.0,9895.0
1748010380700.0,9889.6,9894.6
1748010381461.0,9890.1,9895.1
1748010382325.0,9889.8,9894.8
1748010382653,,
1748010382754,,
1748010382953.0,9889.9,9894.9
1748010383718.0,9889.8,9894.8
1748010385214.0,9889.3,9894.3
1748010385566.0,9889.4,9894.4
1748010385649.0,9889.5,9894.5
1748010386239.0,9889.6,9894.6
1748010386639.0,9890.1,9895.1
1748010386839.0,9891.0,9896.0
1748010387140.0,9891.0,9896.0
1748010387441.0,9893.0,9898.0
1748010387670.0,9892.6,9897.6
1748010387758.0,9893.0,9898.0
1748010387958.0,9892.9,9897.9
1748010388058.0,9892.6,9897.6
1748010388158,,
1748010388458,,
1748010388658.0,9892.8,9897.8
1748010390113.0,9892.3,9897.3
1748010390209.0,9892.4,9897.4
1748010390873,,
1748010391078.0,9892.7,9897.7
1748010391416.0,9892.8,9897.8
1748010392290.0,9892.3,9897.3
1748010393326.0,9892.1,9897.1
1748010393710.0,9892.3,9897.3
1748010394274.0,9892.4,9897.4
1748010394627.0,9892.3,9897.3
1748010394928.0,9892.4,9897.4
1748010395313.0,9892.3,9897.3
1748010397604.0,9891.3,9896.3
1748010397804,,
1748010398162.0,9891.6,9896.6
1748010398262.0,9891.5,9896.5
1748010398579.0,9891.5,9896.5
1748010398816.0,9891.3,9896.3
1748010400828.0,9890.9,9895.9
1748010400925.0,9890.8,9895.8
1748010402143.0,9890.4,9895.4
1748010402242.0,9890.3,9895.3
1748010404218.0,9890.3,9895.3
1748010406050.0,9890.8,9895.8
1748010406250.0,9891.1,9896.1
1748010406545.0,9891.0,9896.0
1748010407401.0,9890.9,9895.9
1748010407613.0,9890.9,9895.9
1748010408070.0,9890.8,9895.8
1748010408453.0,9890.9,9895.9
1748010408728.0,9890.9,9895.9
1748010409062.0,9890.9,9895.9
1748010409211.0,9890.8,9895.8
1748010409590.0,9890.6,9895.6
1748010410065.0,9890.7,9895.7
1748010410166,,
1748010410353.0,9890.8,9895.8
1748010410500.0,9890.9,9895.9
1748010411368.0,9890.8,9895.8
1748010411570,,
1748010413042.0,9890.6,9895.6
1748010413142,,
1748010415391.0,9890.3,9895.3
1748010415490.0,9890.6,9895.6
1748010416778.0,9890.0,9895.0
1748010416978.0,9889.4,9894.4
1748010420323.0,9889.3,9894.3
1748010421169,,
1748010425241.0,9889.1,9894.1
1748010425341.0,9888.8,9893.8
1748010425688,,
1748010426071.0,9889.0,9894.0
1748010426528.0,9888.9,9893.9
1748010427125.0,9888.9,9893.9
1748010427463.0,9888.8,9893.8
1748010431695.0,9888.9,9893.9
1748010432193.0,9888.8,9893.8
1748010432393.0,9888.6,9893.6
1748010433207.0,9888.6,9893.6
1748010433774.0,9888.7,9893.7
1748010434074.0,9888.8,9893.8
1748010434403.0,9888.6,9893.6
1748010436093.0,9888.9,9893.9
1748010436234.0,9889.1,9894.1
1748010436619.0,9888.8,9893.8
1748010436967.0,9888.8,9893.8
1748010437166.0,9888.4,9893.4
1748010437574.0,9888.5,9893.5
1748010437674.0,9888.6,9893.6
1748010437827.0,9888.5,9893.5
1748010438083.0,9888.5,9893.5
1748010438291.0,9888.3,9893.3
1748010439673.0,9887.9,9892.9
1748010440953.0,9887.6,9892.6
1748010441974.0,9887.8,9892.8
1748010442834.0,9887.5,9892.5
1748010442934.0,9887.3,9892.3
1748010443810.0,9887.1,9892.1
1748010444426.0,9886.9,9891.9
1748010446378,,
1748010446736.0,9886.8,9891.8
1748010446935.0,9886.9,9891.9
1748010447428.0,9886.9,9891.9
1748010448632.0,9887.0,9892.0
1748010448886.0,9887.1,9892.1
1748010449987.0,9887.1,9892.1
1748010450327,,
1748010450426.0,9886.8,9891.8
1748010451109.0,9886.9,9891.9
1748010451209.0,9887.1,9892.1
1748010452207.0,9887.3,9892.3
1748010453005.0,9887.6,9892.6
1748010454370.0,9887.3,9892.3
1748010454570.0,9888.1,9893.1
1748010454947.0,9888.0,9893.0
1748010455252.0,9888.1,9893.1
1748010456158.0,9887.9,9892.9
1748010458562.0,9887.9,9892.9
1748010459760.0,9888.1,9893.1
1748010460108.0,9888.3,9893.3
1748010460555.0,9888.1,9893.1
1748010461879.0,9888.3,9893.3
1748010465505.0,9888.3,9893.3
1748010466598.0,9888.4,9893.4
1748010466699.0,9888.3,9893.3
1748010467726,,
1748010469453.0,9887.6,9892.6
1748010469754.0,9888.1,9893.1
1748010474566.0,9887.9,9892.9
1748010475025.0,9888.1,9893.1
1748010475224.0,9888.4,9893.4
1748010475617.0,9888.7,9893.7
1748010475738.0,9889.0,9894.0
1748010476964.0,9889.4,9894.4
1748010479398.0,9889.3,9894.3
1748010479551.0,9889.4,9894.4
1748010479656.0,9889.3,9894.3
1748010480158.0,9889.4,9894.4
1748010480225.0,9889.3,9894.3
1748010482928.0,9889.4,9894.4
1748010483270.0,9889.3,9894.3
1748010483420.0,9889.4,9894.4
1748010484175.0,9889.3,9894.3
1748010485119.0,9889.1,9894.1
1748010485265.0,9889.3,9894.3
1748010488307.0,9889.1,9894.1
1748010490271.0,9889.3,9894.3
1748010492611.0,9889.1,9894.1
1748010492953.0,9889.3,9894.3
1748010493481.0,9889.3,9894.3
1748010493609.0,9889.4,9894.4
1748010494091.0,9889.3,9894.3
1748010494370.0,9889.4,9894.4
1748010495567.0,9889.4,9894.4
1748010495670.0,9889.1,9894.1
1748010495956.0,9888.8,9893.8
1748010497389.0,9888.9,9893.9
1748010497489.0,9889.0,9894.0
1748010498822.0,9888.6,9893.6
1748010501135.0,9888.7,9893.7
1748010501235.0,9888.8,9893.8
1748010502244.0,9888.6,9893.6
1748010504860.0,9888.8,9893.8
1748010507997.0,9889.0,9894.0
1748010508876.0,9888.8,9893.8
1748010509177.0,9888.4,9893.4
1748010511088.0,9888.3,9893.3
1748010511188.0,9888.4,9893.4
1748010515756.0,9888.6,9893.6
1748010516304.0,9888.5,9893.5
1748010516637.0,9888.6,9893.6
1748010517051.0,9888.9,9893.9
1748010518443.0,9888.8,9893.8
1748010521120.0,9888.5,9893.5
1748010521220.0,9888.4,9893.4
1748010521478.0,9888.3,9893.3
1748010522621.0,9888.1,9893.1
1748010523911.0,9888.3,9893.3
1748010527780.0,9887.9,9892.9
1748010528060.0,9888.1,9893.1
1748010531330.0,9888.0,9893.0
1748010531428.0,9888.3,9893.3
1748010536386.0,9887.8,9892.8
1748010537657.0,9887.9,9892.9
1748010537756.0,9887.6,9892.6
1748010538530.0,9887.3,9892.3
1748010538629.0,9886.9,9891.9
1748010540258.0,9886.8,9891.8
1748010540465.0,9886.9,9891.9
1748010540964.0,9886.8,9891.8
1748010541421.0,9886.8,9891.8
1748010541879.0,9886.9,9891.9
1748010542050.0,9886.8,9891.8
1748010542526.0,9886.9,9891.9
1748010543268.0,9886.8,9891.8
1748010543487.0,9886.9,9891.9
1748010543689.0,9887.1,9892.1
1748010544110.0,9887.3,9892.3
1748010544258.0,9887.4,9892.4
1748010544880.0,9887.3,9892.3
1748010545269.0,9887.4,9892.4
1748010545444.0,9887.3,9892.3
1748010545824.0,9887.4,9892.4
1748010546768.0,9887.3,9892.3
1748010546869.0,9887.4,9892.4
1748010547457.0,9887.3,9892.3
1748010547870.0,9887.1,9892.1
1748010548103.0,9887.3,9892.3
1748010548202.0,9887.4,9892.4
1748010549898.0,9887.6,9892.6
1748010549998.0,9887.4,9892.4
1748010555722,,
1748010556894.0,9887.2,9892.2
1748010556994.0,9887.1,9892.1
1748010557441.0,9887.3,9892.3
1748010558207.0,9887.1,9892.1
1748010558308.0,9887.4,9892.4
1748010559749.0,9887.3,9892.3
1748010560058.0,9887.4,9892.4
1748010560656.0,9887.6,9892.6
1748010561127.0,9887.4,9892.4
1748010566712,,
1748010566874.0,9887.9,9892.9
1748010567664.0,9887.8,9892.8
1748010568248.0,9887.9,9892.9
1748010574293.0,9887.8,9892.8
1748010574956.0,9887.6,9892.6
1748010576943.0,9887.3,9892.3
1748010578067.0,9887.1,9892.1
1748010578429.0,9887.3,9892.3
1748010578825.0,9887.6,9892.6
1748010579100.0,9887.3,9892.3
1748010580276.0,9887.4,9892.4
1748010580960.0,9887.3,9892.3
1748010581874.0,9887.4,9892.4
1748010582031.0,9887.3,9892.3
1748010583006.0,9887.4,9892.4
1748010583620.0,9887.3,9892.3
1748010584064.0,9887.4,9892.4
1748010585805.0,9887.3,9892.3
1748010586043.0,9887.3,9892.3
1748010587371.0,9886.9,9891.9
1748010588410.0,9886.6,9891.6
1748010589106.0,9886.5,9891.5
1748010589206.0,9886.6,9891.6
1748010589546.0,9886.6,9891.6
1748010591399.0,9886.3,9891.3
1748010592292.0,9886.1,9891.1
1748010593485,,
1748010596957.0,9886.8,9891.8
1748010597835.0,9887.3,9892.3
1748010599411.0,9887.2,9892.2
1748010600014.0,9887.4,9892.4
1748010600519.0,9888.1,9893.1
1748010600619.0,9887.6,9892.6
1748010601733.0,9887.8,9892.8
1748010602923.0,9888.1,9893.1
1748010603697.0,9888.6,9893.6
1748010605427.0,9888.3,9893.3
1748010605678.0,9888.1,9893.1
1748010605899.0,9887.8,9892.8
1748010609580.0,9888.1,9893.1
1748010610014.0,9887.8,9892.8
1748010610421.0,9887.9,9892.9
1748010610827.0,9887.8,9892.8
1748010611150.0,9887.9,9892.9
1748010611946.0,9888.1,9893.1
1748010612145.0,9888.6,9893.6
1748010613486.0,9888.4,9893.4
1748010613969.0,9888.7,9893.7
1748010615009.0,9888.9,9893.9
1748010615675.0,9889.5,9894.5
1748010616139.0,9889.4,9894.4
1748010616239.0,9889.3,9894.3
1748010618392.0,9889.6,9894.6
1748010619061.0,9889.3,9894.3
1748010619360.0,9889.4,9894.4
1748010619461.0,9889.7,9894.7
1748010619612.0,9889.6,9894.6
1748010620766.0,9889.3,9894.3
1748010621222.0,9889.3,9894.3
1748010621955.0,9888.8,9893.8
1748010623642.0,9888.8,9893.8
1748010624308.0,9889.1,9894.1
1748010625704.0,9888.8,9893.8
1748010625804.0,9888.9,9893.9
1748010628450.0,9889.1,9894.1
1748010628551.0,9889.3,9894.3
1748010630013.0,9889.5,9894.5
1748010630354.0,9889.1,9894.1
1748010630647.0,9889.2,9894.2
1748010631040.0,9889.5,9894.5
1748010631140.0,9889.3,9894.3
1748010631670.0,9889.4,9894.4
1748010632599.0,9889.3,9894.3
1748010632804.0,9889.4,9894.4
1748010633506.0,9889.8,9894.8
1748010634821.0,9889.8,9894.8
1748010635021.0,9890.1,9895.1
1748010635121.0,9890.0,9895.0
1748010635221.0,9890.1,9895.1
1748010635898.0,9889.8,9894.8
1748010636414.0,9889.8,9894.8
1748010636512.0,9889.6,9894.6
1748010637186.0,9889.6,9894.6
1748010638397.0,9889.8,9894.8
1748010638696.0,9889.6,9894.6
1748010639497.0,9889.8,9894.8
1748010639809.0,9889.9,9894.9
1748010640009.0,9889.6,9894.6
1748010640327.0,9889.8,9894.8
1748010642480.0,9889.8,9894.8
1748010643727.0,9889.9,9894.9
1748010644110.0,9889.8,9894.8
1748010644756.0,9889.7,9894.7
1748010645224.0,9889.8,9894.8
1748010645326.0,9889.9,9894.9
1748010646190.0,9889.9,9894.9
1748010647136,,
1748010648171.0,9889.8,9894.8
1748010648271.0,9889.9,9894.9
1748010648492.0,9889.8,9894.8
1748010648755.0,9889.6,9894.6
1748010649460.0,9889.3,9894.3
1748010649659.0,9888.6,9893.6
1748010649860.0,9888.6,9893.6
1748010651701.0,9888.8,9893.8
1748010652179.0,9888.9,9893.9
1748010652390.0,9888.9,9893.9
1748010652590.0,9888.9,9893.9
1748010654195.0,9888.8,9893.8
1748010654294.0,9888.9,9893.9
1748010656411.0,9888.8,9893.8
1748010656510.0,9889.1,9894.1
1748010656902,,
1748010657677.0,9889.6,9894.6
1748010658181.0,9889.3,9894.3
1748010658476.0,9889.4,9894.4
1748010658740.0,9889.3,9894.3
1748010659040.0,9889.4,9894.4
1748010659433.0,9889.3,9894.3
1748010661181.0,9889.0,9894.0
1748010661662.0,9889.0,9894.0
1748010661862.0,9889.0,9894.0
1748010662503.0,9888.8,9893.8
1748010663053.0,9888.9,9893.9
1748010663312.0,9888.9,9893.9
1748010663505.0,9889.1,9894.1
1748010663604.0,9888.9,9893.9
1748010664617.0,9888.8,9893.8
1748010665677.0,9888.8,9893.8
1748010666474.0,9888.8,9893.8
1748010667759.0,9888.8,9893.8
1748010668399,,
1748010668809.0,9888.8,9893.8
1748010670199.0,9888.6,9893.6
1748010671302.0,9888.8,9893.8
1748010671537.0,9888.8,9893.8
1748010672179.0,9888.9,9893.9
1748010672379.0,9889.3,9894.3
1748010674067.0,9888.8,9893.8
1748010674533.0,9888.6,9893.6
1748010675012.0,9888.8,9893.8
1748010675625.0,9888.6,9893.6
1748010678073.0,9888.9,9893.9
1748010678529.0,9889.1,9894.1
1748010680895.0,9888.9,9893.9
1748010686447.0,9888.9,9893.9
1748010688088.0,9888.8,9893.8
1748010688189.0,9888.9,9893.9
1748010689754.0,9888.8,9893.8
1748010690654.0,9888.9,9893.9
1748010691519.0,9889.1,9894.1
1748010692345.0,9888.9,9893.9
1748010692445.0,9889.3,9894.3
1748010692703.0,9889.1,9894.1
1748010693605.0,9889.6,9894.6
1748010693825.0,9889.3,9894.3
1748010693993.0,9889.4,9894.4
1748010694373.0,9889.3,9894.3
1748010694847.0,9889.4,9894.4
1748010695185.0,9889.3,9894.3
1748010696031.0,9889.3,9894.3
1748010697489.0,9889.4,9894.4
1748010698908,,
1748010699207.0,9889.9,9894.9
1748010699509.0,9890.9,9895.9
1748010700196.0,9890.6,9895.6
1748010701346.0,9890.3,9895.3
1748010701446.0,9890.1,9895.1
1748010703078.0,9889.8,9894.8
1748010703278.0,9890.1,9895.1
1748010704466.0,9890.6,9895.6
1748010704852.0,9891.0,9896.0
1748010704951.0,9890.8,9895.8
1748010705180.0,9890.6,9895.6
1748010706795.0,9890.4,9895.4
1748010709022.0,9891.4,9896.4
1748010709847.0,9891.8,9896.8
1748010709948.0,9891.4,9896.4
1748010711488.0,9891.4,9896.4
1748010711949.0,9891.3,9896.3
1748010713240.0,9891.1,9896.1
1748010713720.0,9891.3,9896.3
1748010714320.0,9890.6,9895.6
1748010714615.0,9891.1,9896.1
1748010714716.0,9890.8,9895.8
1748010715534.0,9890.9,9895.9
1748010717327.0,9891.1,9896.1
1748010719722.0,9890.8,9895.8
1748010719821.0,9890.9,9895.9
1748010721056.0,9890.8,9895.8
1748010721257.0,9890.6,9895.6
1748010721455.0,9890.1,9895.1
1748010722327.0,9889.9,9894.9
1748010722426.0,9890.1,9895.1
1748010723379.0,9889.8,9894.8
1748010723694.0,9889.9,9894.9
1748010724184.0,9889.7,9894.7
1748010724285.0,9889.6,9894.6
1748010725843.0,9889.3,9894.3
1748010726107.0,9889.6,9894.6
1748010727119,,
1748010727825,,
1748010731667,,
1748010732068.0,9889.9,9894.9
1748010732894.0,9889.8,9894.8
1748010733327.0,9889.6,9894.6
1748010734310.0,9889.9,9894.9
1748010734410.0,9889.8,9894.8
1748010735011.0,9889.6,9894.6
1748010736970.0,9889.3,9894.3
1748010737072.0,9889.6,9894.6
1748010738118.0,9889.4,9894.4
1748010739541.0,9889.3,9894.3
1748010739935.0,9889.4,9894.4
1748010740450.0,9889.4,9894.4
1748010740551.0,9889.1,9894.1
1748010744457.0,9888.9,9893.9
1748010744656.0,9888.8,9893.8
1748010744992.0,9889.1,9894.1
1748010745767.0,9889.3,9894.3
1748010746022.0,9888.8,9893.8
1748010746296.0,9889.1,9894.1
1748010750577.0,9889.4,9894.4
1748010750677.0,9889.1,9894.1
1748010752985.0,9888.9,9893.9
1748010754299.0,9888.8,9893.8
1748010754399.0,9888.9,9893.9
1748010756411.0,9888.9,9893.9
1748010764486.0,9888.8,9893.8
1748010768419,,
1748010770507.0,9889.4,9894.4
1748010770606.0,9889.6,9894.6
1748010771619.0,9889.3,9894.3
1748010771912.0,9888.9,9893.9
1748010772582.0,9889.1,9894.1
1748010778894.0,9889.3,9894.3
1748010780014.0,9889.1,9894.1
1748010785015.0,9888.6,9893.6
1748010788067.0,9888.3,9893.3
1748010788632.0,9888.1,9893.1
1748010788731.0,9887.6,9892.6
1748010789205.0,9887.3,9892.3
1748010789291.0,9887.4,9892.4
1748010789952.0,9887.3,9892.3
1748010790232.0,9887.4,9892.4
1748010790331.0,9887.3,9892.3
1748010790816.0,9887.4,9892.4
1748010791502.0,9887.3,9892.3
1748010791603.0,9887.4,9892.4
1748010793379.0,9887.1,9892.1
1748010793478.0,9887.3,9892.3
1748010794213.0,9886.8,9891.8
1748010794314.0,9887.1,9892.1
1748010795511.0,9886.8,9891.8
1748010795950.0,9886.9,9891.9
1748010796526.0,9886.9,9891.9
1748010798686.0,9887.1,9892.1
1748010798883.0,9887.6,9892.6
1748010800090.0,9887.6,9892.6
1748010800189,,
1748010800660.0,9887.3,9892.3
1748010801364.0,9887.4,9892.4
1748010801702.0,9887.4,9892.4
1748010802027.0,9887.3,9892.3
1748010802648.0,9887.4,9892.4
1748010804372.0,9887.7,9892.7
1748010804571.0,9887.6,9892.6
1748010806698.0,9887.6,9892.6
1748010810008.0,9888.0,9893.0
1748010810945.0,9888.1,9893.1
1748010811044.0,9888.2,9893.2
1748010812268.0,9888.4,9893.4
1748010812368.0,9888.9,9893.9
1748010814156.0,9889.1,9894.1
1748010817887.0,9888.9,9893.9
1748010817987.0,9889.1,9894.1
1748010818731.0,9889.5,9894.5
1748010819580.0,9888.9,9893.9
1748010819826.0,9889.1,9894.1
1748010820775.0,9889.6,9894.6
1748010823212.0,9889.3,9894.3
1748010825024.0,9889.1,9894.1
1748010825416.0,9889.1,9894.1
1748010828419.0,9889.3,9894.3
1748010834061.0,9889.4,9894.4
1748010834359.0,9889.3,9894.3
1748010835237.0,9889.4,9894.4
1748010838910.0,9889.4,9894.4
1748010840584.0,9889.5,9894.5
1748010840685.0,9889.9,9894.9
1748010841291.0,9889.9,9894.9
1748010841584.0,9889.6,9894.6
1748010842078.0,9889.9,9894.9
1748010842565,,
1748010843352.0,9890.2,9895.2
1748010845113.0,9890.1,9895.1
1748010845841.0,9890.3,9895.3
1748010845941.0,9890.4,9895.4
1748010847172.0,9890.1,9895.1
1748010848016.0,9890.4,9895.4
1748010848568.0,9890.3,9895.3
1748010849140.0,9890.1,9895.1
1748010850886.0,9890.4,9895.4
1748010851658.0,9890.4,9895.4
1748010854361,,
1748010854678.0,9890.6,9895.6
1748010854779.0,9890.4,9895.4
1748010857569,,
1748010860267,,
1748010861894,,
1748010866756.0,9890.3,9895.3
1748010866858,,
1748010868843,,
1748010869056,,
1748010871472.0,9890.6,9895.6
1748010871569,,
1748010872507,,
1748010875140.0,9890.3,9895.3
1748010876751.0,9889.8,9894.8
1748010880781.0,9889.3,9894.3
1748010880880.0,9889.4,9894.4
1748010883370.0,9889.6,9894.6
1748010884301.0,9890.1,9895.1
1748010885016.0,9890.3,9895.3
1748010885116.0,9890.5,9895.5
1748010885215.0,9890.6,9895.6
1748010886197.0,9890.4,9895.4
1748010894741.0,9890.3,9895.3
1748010895141.0,9890.0,9895.0
1748010895241.0,9890.1,9895.1
1748010898020.0,9890.1,9895.1
1748010899370.0,9890.0,9895.0
1748010899571.0,9890.0,9895.0
1748010900014.0,9889.8,9894.8
1748010900183.0,9890.1,9895.1
1748010900437.0,9889.8,9894.8
1748010900587.0,9889.9,9894.9
1748010903158,,
1748010903452.0,9890.2,9895.2
1748010909277.0,9890.3,9895.3
1748010913483.0,9890.4,9895.4
1748010913701.0,9890.3,9895.3
1748010914192.0,9890.1,9895.1
1748010915226.0,9889.8,9894.8
1748010917006.0,9889.3,9894.3
1748010917746.0,9888.8,9893.8
1748010918341.0,9889.0,9894.0
1748010918683.0,9889.1,9894.1
1748010918883.0,9889.1,9894.1
1748010919018.0,9888.8,9893.8
1748010919219.0,9888.9,9893.9
1748010919451.0,9888.9,9893.9
1748010919652.0,9888.8,9893.8
1748010919750.0,9888.9,9893.9
1748010919960.0,9888.9,9893.9
1748010920160.0,9888.9,9893.9
1748010920373.0,9888.8,9893.8
1748010922799.0,9888.5,9893.5
1748010922998.0,9888.6,9893.6
1748010924066.0,9888.3,9893.3
1748010926444.0,9887.8,9892.8
1748010926641.0,9887.9,9892.9
1748010927386.0,9887.8,9892.8
1748010927488.0,9887.9,9892.9
1748010930011.0,9888.1,9893.1
1748010932484.0,9888.1,9893.1
1748010932583.0,9888.3,9893.3
1748010936935.0,9888.1,9893.1
1748010937035.0,9888.3,9893.3
1748010941219.0,9887.9,9892.9
1748010942586.0,9887.9,9892.9
1748010943303.0,9887.8,9892.8
1748010943705.0,9887.9,9892.9
1748010945508.0,9888.6,9893.6
1748010947375.0,9888.3,9893.3
1748010947576.0,9888.4,9893.4
1748010947776.0,9888.3,9893.3
1748010948140.0,9888.6,9893.6
1748010948340.0,9889.3,9894.3
1748010949794.0,9889.1,9894.1
1748010950136.0,9889.4,9894.4
1748010950396.0,9889.3,9894.3
1748010952379.0,9889.6,9894.6
1748010952479.0,9889.7,9894.7
1748010952858.0,9889.6,9894.6
1748010953689.0,9889.7,9894.7
1748010955131.0,9889.6,9894.6
1748010955330.0,9889.9,9894.9
1748010956220.0,9890.0,9895.0
1748010960123.0,9889.9,9894.9
1748010960809.0,9890.1,9895.1
1748010963493.0,9890.3,9895.3
1748010964125.0,9890.1,9895.1
1748010964512.0,9890.3,9895.3
1748010965177.0,9890.1,9895.1
1748010965377.0,9890.1,9895.1
1748010968574.0,9890.0,9895.0
1748010968893.0,9890.1,9895.1
1748010968992.0,9890.0,9895.0
1748010969344.0,9889.8,9894.8
1748010978717.0,9889.3,9894.3
1748010978816.0,9889.0,9894.0
1748010979018.0,9889.1,9894.1
1748010979241.0,9889.1,9894.1
1748010979509.0,9889.0,9894.0
1748010980082.0,9889.1,9894.1
1748010980183.0,9888.8,9893.8
1748010980855.0,9888.6,9893.6
1748010981055.0,9889.8,9894.8
1748010981510.0,9889.6,9894.6
1748010982163.0,9889.8,9894.8
1748010982589.0,9889.9,9894.9
1748010983444.0,9890.6,9895.6
1748010987052.0,9890.4,9895.4
1748010987130,,
1748010987990.0,9890.6,9895.6
1748010988090.0,9890.4,9895.4
1748010989408.0,9890.6,9895.6
1748010989509.0,9890.4,9895.4
1748010991178.0,9890.3,9895.3
1748010992565.0,9890.3,9895.3
1748010992745.0,9890.4,9895.4
1748010996739.0,9890.3,9895.3
1748010999003.0,9889.9,9894.9
1748010999109.0,9889.8,9894.8
1748010999428.0,9890.6,9895.6
1748011000503,,
1748011000842,,
1748011000940,,
1748011009289.0,9890.6,9895.6
1748011009598.0,9890.6,9895.6
1748011010091,,
1748011010348,,
1748011010687.0,9891.0,9896.0
1748011010781.0,9891.3,9896.3
1748011011671.0,9891.4,9896.4
1748011011870.0,9891.6,9896.6
1748011012740.0,9891.4,9896.4
1748011014335.0,9891.4,9896.4
1748011014439.0,9891.3,9896.3
1748011014540.0,9891.4,9896.4
1748011015208.0,9891.4,9896.4
1748011015452.0,9891.3,9896.3
1748011015651.0,9890.8,9895.8
1748011015903.0,9891.1,9896.1
1748011016309.0,9890.8,9895.8
1748011016409.0,9890.3,9895.3
1748011017083.0,9890.4,9895.4
1748011017182.0,9890.3,9895.3
1748011020247.0,9890.3,9895.3
1748011020489.0,9890.4,9895.4
1748011020588.0,9890.3,9895.3
1748011021351,,
1748011027731,,
1748011027830.0,9890.4,9895.4
1748011030126.0,9890.3,9895.3
1748011032453.0,9890.4,9895.4
1748011032554.0,9890.3,9895.3
1748011034112.0,9890.4,9895.4
1748011034311.0,9890.3,9895.3
1748011035176,,
1748011035376.0,9890.3,9895.3
1748011035576.0,9889.8,9894.8
1748011037503.0,9889.8,9894.8
1748011041675.0,9889.3,9894.3
1748011042346.0,9889.4,9894.4
1748011042547.0,9889.4,9894.4
1748011042645.0,9889.3,9894.3
1748011043854.0,9889.4,9894.4
1748011044155.0,9890.3,9895.3
1748011044837.0,9890.5,9895.5
1748011045462.0,9890.3,9895.3
1748011046914.0,9890.4,9895.4
1748011048477.0,9890.3,9895.3
1748011049791.0,9890.4,9895.4
1748011050208.0,9890.3,9895.3
1748011050808.0,9890.3,9895.3
1748011050909.0,9890.4,9895.4
1748011051883.0,9890.6,9895.6
1748011055644.0,9890.8,9895.8
1748011058204.0,9890.6,9895.6
1748011059823.0,9890.4,9895.4
1748011059921.0,9890.8,9895.8
1748011062240.0,9890.9,9895.9
1748011062484.0,9890.8,9895.8
1748011062585.0,9890.9,9895.9
1748011062880.0,9890.8,9895.8
1748011064227.0,9890.9,9895.9
1748011064817.0,9891.1,9896.1
1748011066163.0,9891.3,9896.3
1748011066661.0,9891.6,9896.6
1748011069113.0,9891.8,9896.8
1748011072830.0,9892.1,9897.1
1748011074766,,
1748011076535.0,9892.3,9897.3
1748011076761.0,9891.6,9896.6
1748011077275.0,9891.6,9896.6
1748011077405.0,9891.8,9896.8
1748011079003.0,9892.1,9897.1
1748011079103.0,9891.8,9896.8
1748011079560.0,9891.9,9896.9
1748011080768.0,9892.1,9897.1
1748011080866.0,9891.9,9896.9
1748011084071.0,9891.8,9896.8
1748011085256.0,9891.9,9896.9
1748011085509,,
1748011086527.0,9891.8,9896.8
1748011088206.0,9891.5,9896.5
1748011088304.0,9891.3,9896.3
1748011090575.0,9891.1,9896.1
1748011090675.0,9891.6,9896.6
1748011090940.0,9891.5,9896.5
1748011091456.0,9891.6,9896.6
1748011091589.0,9891.3,9896.3
1748011093499.0,9891.4,9896.4
1748011093764.0,9891.4,9896.4
1748011093863.0,9891.3,9896.3
1748011094288.0,9891.4,9896.4
1748011094430.0,9891.3,9896.3
1748011095078.0,9891.3,9896.3
1748011096684.0,9891.1,9896.1
1748011096883.0,9890.6,9895.6
1748011098048.0,9890.9,9895.9
1748011098628.0,9891.6,9896.6
1748011098727.0,9891.3,9896.3
1748011099389.0,9891.6,9896.6
1748011099616.0,9891.3,9896.3
1748011101033.0,9891.4,9896.4
1748011102808.0,9891.3,9896.3
1748011102907.0,9891.4,9896.4
1748011104573.0,9891.6,9896.6
1748011104904.0,9891.8,9896.8
1748011105441.0,9891.6,9896.6
1748011110014.0,9891.4,9896.4
1748011112893.0,9891.3,9896.3
1748011113092.0,9891.4,9896.4
1748011113451.0,9891.3,9896.3
1748011113920.0,9891.4,9896.4
1748011114047.0,9891.3,9896.3
1748011115610.0,9890.9,9895.9
1748011115708.0,9890.8,9895.8
1748011116131.0,9891.0,9896.0
1748011119886.0,9890.6,9895.6
1748011119987.0,9890.7,9895.7
1748011120654.0,9890.8,9895.8
1748011120758.0,9890.6,9895.6
1748011121158.0,9890.4,9895.4
1748011121259.0,9890.5,9895.5
1748011121995.0,9890.6,9895.6
1748011122675.0,9890.4,9895.4
1748011124211.0,9890.9,9895.9
1748011125369.0,9890.9,9895.9
1748011126640.0,9890.8,9895.8
1748011129387.0,9890.3,9895.3
1748011129486.0,9889.8,9894.8
1748011130478.0,9889.7,9894.7
1748011130578.0,9889.6,9894.6
1748011130896.0,9890.1,9895.1
1748011131280.0,9890.5,9895.5
1748011132526.0,9890.1,9895.1
1748011133900.0,9889.8,9894.8
1748011134224.0,9890.1,9895.1
1748011134324,,
1748011135054.0,9890.5,9895.5
1748011135445.0,9890.8,9895.8
1748011136456.0,9890.6,9895.6
1748011137653.0,9890.4,9895.4
1748011137854.0,9890.4,9895.4
1748011140085.0,9890.3,9895.3
1748011141717.0,9889.8,9894.8
1748011142689.0,9889.6,9894.6
1748011142788.0,9889.4,9894.4
1748011143854.0,9889.8,9894.8
1748011144217.0,9889.6,9894.6
1748011145444.0,9889.4,9894.4
1748011145541.0,9889.6,9894.6
1748011146647.0,9889.6,9894.6
1748011146879.0,9889.6,9894.6
1748011151264.0,9889.9,9894.9
1748011151524.0,9890.1,9895.1
1748011151658.0,9889.8,9894.8
1748011153574.0,9889.9,9894.9
1748011153774.0,9889.8,9894.8
1748011154158.0,9889.9,9894.9
1748011154460.0,9890.8,9895.8
1748011155014.0,9890.6,9895.6
1748011155446.0,9890.4,9895.4
1748011157032.0,9891.0,9896.0
1748011157561.0,9890.8,9895.8
1748011158389.0,9890.8,9895.8
1748011159445.0,9890.9,9895.9
1748011159544.0,9890.8,9895.8
1748011159878.0,9889.8,9894.8
1748011160159.0,9890.1,9895.1
1748011165063.0,9889.8,9894.8
1748011165162.0,9889.6,9894.6
1748011170845.0,9889.4,9894.4
1748011171248.0,9889.3,9894.3
1748011174684.0,9888.9,9893.9
1748011174782.0,9888.8,9893.8
1748011175409.0,9888.9,9893.9
1748011176535.0,9889.6,9894.6
1748011178427.0,9890.1,9895.1
1748011178532.0,9889.8,9894.8
1748011178952.0,9889.9,9894.9
1748011179053.0,9889.8,9894.8
1748011179579.0,9890.3,9895.3
1748011180075.0,9890.1,9895.1
1748011181897.0,9890.3,9895.3
1748011181996.0,9890.4,9895.4
1748011182524.0,9890.9,9895.9
1748011182889.0,9891.1,9896.1
1748011183451.0,9890.8,9895.8
1748011183781.0,9890.9,9895.9
1748011184425.0,9891.1,9896.1
1748011184744.0,9891.2,9896.2
1748011185006.0,9891.6,9896.6
1748011186144,,
1748011186464.0,9891.9,9896.9
1748011186686.0,9891.8,9896.8
1748011188530.0,9891.5,9896.5
1748011188629.0,9891.1,9896.1
1748011194059.0,9890.6,9895.6
1748011194160.0,9890.9,9895.9
1748011198105.0,9890.8,9895.8
1748011198304.0,9890.8,9895.8
1748011199667.0,9890.8,9895.8
1748011200207.0,9890.9,9895.9
1748011200418.0,9891.1,9896.1
1748011202299.0,9891.9,9896.9
1748011202577.0,9892.2,9897.2
1748011202678.0,9892.1,9897.1
1748011203000.0,9892.1,9897.1
1748011206032.0,9891.6,9896.6
1748011206233.0,9891.8,9896.8
1748011207836.0,9891.8,9896.8
1748011208453.0,9891.9,9896.9
1748011208676,,
1748011212120.0,9891.6,9896.6
1748011212899.0,9891.5,9896.5
1748011212998.0,9891.3,9896.3
1748011213420.0,9891.1,9896.1
1748011214111.0,9891.6,9896.6
1748011214420.0,9892.1,9897.1
1748011214819.0,9891.6,9896.6
1748011215425.0,9891.8,9896.8
1748011216604.0,9891.6,9896.6
1748011217015.0,9891.3,9896.3
1748011217668.0,9891.1,9896.1
1748011217768.0,9891.3,9896.3
1748011220583.0,9891.3,9896.3
1748011220993.0,9891.4,9896.4
1748011221637.0,9891.6,9896.6
1748011221892.0,9891.3,9896.3
1748011223251.0,9891.2,9896.2
1748011223353.0,9891.3,9896.3
1748011224413.0,9891.3,9896.3
1748011224685.0,9891.4,9896.4
1748011225123.0,9891.1,9896.1
1748011229526.0,9891.4,9896.4
1748011230144.0,9891.6,9896.6
1748011232910.0,9891.9,9896.9
1748011233009.0,9892.1,9897.1
1748011234231.0,9891.6,9896.6
1748011234497.0,9891.0,9896.0
1748011234597.0,9891.1,9896.1
1748011239517.0,9890.9,9895.9
1748011239610.0,9891.0,9896.0
1748011240540.0,9891.7,9896.7
1748011240640.0,9891.9,9896.9
1748011240879.0,9892.1,9897.1
1748011241791.0,9891.8,9896.8
1748011242009.0,9891.9,9896.9
1748011242502.0,9892.1,9897.1
1748011243628.0,9892.3,9897.3
1748011243830.0,9892.4,9897.4
1748011245311.0,9892.3,9897.3
1748011245565.0,9891.9,9896.9
1748011245925.0,9892.1,9897.1
1748011248790.0,9891.9,9896.9
1748011249862.0,9892.1,9897.1
1748011249961.0,9891.8,9896.8
1748011250899.0,9892.1,9897.1
1748011250998.0,9891.8,9896.8
1748011252725.0,9891.8,9896.8
1748011253562.0,9891.8,9896.8
1748011253813.0,9891.6,9896.6
1748011254112.0,9891.8,9896.8
1748011254640.0,9891.6,9896.6
1748011255090.0,9891.6,9896.6
1748011255939.0,9891.6,9896.6
1748011256596.0,9891.9,9896.9
1748011256816.0,9892.6,9897.6
1748011257090.0,9892.6,9897.6
1748011257611.0,9892.5,9897.5
1748011258627,,
1748011260016.0,9892.5,9897.5
1748011260442.0,9892.1,9897.1
1748011261629.0,9891.8,9896.8
1748011263151.0,9891.6,9896.6
1748011263673.0,9891.4,9896.4
1748011264206.0,9891.4,9896.4
1748011265612.0,9891.4,9896.4
1748011266161.0,9891.3,9896.3
1748011266261.0,9891.4,9896.4
1748011266629.0,9891.1,9896.1
1748011270201.0,9891.3,9896.3
1748011270705.0,9891.1,9896.1
1748011273303.0,9891.1,9896.1
1748011274115.0,9891.3,9896.3
1748011274217,,
1748011274923.0,9891.4,9896.4
1748011276195.0,9891.8,9896.8
1748011277255.0,9891.1,9896.1
1748011277407.0,9891.0,9896.0
1748011278417.0,9890.6,9895.6
1748011278840.0,9890.3,9895.3
1748011278940.0,9890.4,9895.4
1748011281216.0,9890.3,9895.3
1748011281841.0,9890.0,9895.0
1748011281942.0,9890.1,9895.1
1748011284242.0,9890.3,9895.3
1748011286409.0,9890.4,9895.4
1748011286509.0,9890.3,9895.3
1748011288057.0,9890.1,9895.1
1748011288954.0,9890.3,9895.3
1748011289682.0,9890.1,9895.1
1748011290283.0,9890.3,9895.3
1748011290436.0,9890.1,9895.1
1748011291379.0,9890.3,9895.3
1748011291475.0,9890.4,9895.4
1748011296068.0,9890.6,9895.6
1748011297302.0,9890.3,9895.3
1748011299176.0,9890.6,9895.6
1748011299384.0,9890.8,9895.8
1748011300585.0,9890.6,9895.6
1748011301123.0,9890.8,9895.8
1748011301501.0,9890.3,9895.3
1748011301601.0,9890.4,9895.4
1748011302322.0,9890.4,9895.4
1748011302664.0,9890.4,9895.4
1748011302936.0,9890.3,9895.3
1748011305095.0,9890.4,9895.4
1748011305195.0,9890.6,9895.6
1748011305294.0,9890.8,9895.8
1748011305657.0,9890.6,9895.6
1748011306123.0,9890.4,9895.4
1748011307386.0,9891.1,9896.1
1748011308460.0,9890.8,9895.8
1748011309397.0,9891.5,9896.5
1748011309588.0,9891.6,9896.6
1748011309740.0,9891.5,9896.5
1748011309840.0,9891.6,9896.6
1748011310354.0,9891.3,9896.3
1748011310453.0,9891.4,9896.4
1748011311037.0,9891.3,9896.3
1748011311427.0,9891.4,9896.4
1748011311528.0,9891.7,9896.7
1748011311626.0,9892.0,9897.0
1748011311774.0,9892.1,9897.1
1748011312656.0,9891.8,9896.8
1748011315025.0,9891.6,9896.6
1748011322844.0,9891.4,9896.4
1748011323043.0,9890.9,9895.9
1748011323142.0,9890.8,9895.8
1748011325185.0,9890.5,9895.5
1748011325285.0,9890.3,9895.3
1748011326495.0,9889.9,9894.9
1748011326670.0,9889.8,9894.8
1748011326872.0,9889.9,9894.9
1748011329033.0,9890.2,9895.2
1748011329168.0,9890.3,9895.3
1748011330281.0,9890.1,9895.1
1748011330381.0,9890.2,9895.2
1748011332118.0,9890.3,9895.3
1748011332218.0,9890.4,9895.4
1748011332319.0,9890.3,9895.3
1748011333987.0,9890.0,9895.0
1748011334076.0,9890.1,9895.1
1748011336434.0,9889.9,9894.9
1748011340480.0,9890.1,9895.1
1748011340792.0,9890.3,9895.3
1748011341182.0,9890.1,9895.1
1748011342014.0,9890.3,9895.3
1748011342327.0,9890.1,9895.1
1748011343142.0,9890.5,9895.5
1748011345429.0,9890.0,9895.0
1748011345530.0,9889.8,9894.8
1748011349355.0,9889.3,9894.3
1748011349783.0,9888.8,9893.8
1748011352233.0,9888.1,9893.1
1748011352333.0,9888.3,9893.3
1748011352983.0,9888.4,9893.4
1748011353083.0,9888.3,9893.3
1748011353530.0,9888.4,9893.4
1748011353785.0,9888.6,9893.6
1748011353886.0,9888.8,9893.8
1748011354459.0,9888.9,9893.9
1748011354701.0,9889.1,9894.1
1748011354803,,
1748011355138.0,9889.5,9894.5
1748011355232.0,9889.4,9894.4
1748011355334.0,9889.6,9894.6
1748011356930,,
1748011357958.0,9889.5,9894.5
1748011358260.0,9889.6,9894.6
1748011359018.0,9889.5,9894.5
1748011359119.0,9889.6,9894.6
1748011359886.0,9889.1,9894.1
1748011359986,,
1748011361015.0,9888.9,9893.9
1748011361273.0,9888.8,9893.8
1748011361744.0,9888.9,9893.9
1748011362267.0,9888.8,9893.8
1748011362869.0,9888.8,9893.8
1748011363810,,
1748011366276.0,9888.6,9893.6
1748011371540.0,9888.5,9893.5
1748011372635.0,9888.1,9893.1
1748011372836.0,9887.3,9892.3
1748011374752.0,9887.1,9892.1
1748011374853.0,9887.5,9892.5
1748011375053.0,9887.3,9892.3
1748011375311.0,9887.6,9892.6
1748011377000.0,9887.3,9892.3
1748011377468.0,9887.6,9892.6
1748011379072.0,9887.5,9892.5
1748011379623,,
1748011380023.0,9887.5,9892.5
1748011380474.0,9887.1,9892.1
1748011382724.0,9886.8,9891.8
1748011382824.0,9886.6,9891.6
1748011384727.0,9886.3,9891.3
1748011393038.0,9886.4,9891.4
1748011393136.0,9886.1,9891.1
1748011398829.0,9885.6,9890.6
1748011399040.0,9886.1,9891.1
1748011399848.0,9886.3,9891.3
1748011399947.0,9886.1,9891.1
1748011400202.0,9886.3,9891.3
1748011400302.0,9886.1,9891.1
1748011400445.0,9886.5,9891.5
1748011402257,,
1748011406908.0,9887.1,9892.1
1748011407008.0,9887.0,9892.0
1748011407363.0,9887.1,9892.1
1748011408797.0,9887.0,9892.0
1748011408894.0,9886.6,9891.6
1748011410892.0,9886.9,9891.9
1748011410991.0,9887.0,9892.0
1748011411572.0,9886.6,9891.6
1748011411946.0,9887.1,9892.1
1748011412047,,
1748011414156.0,9887.6,9892.6
1748011414400.0,9887.5,9892.5
1748011414502.0,9887.1,9892.1
1748011415295.0,9887.6,9892.6
1748011415855.0,9887.9,9892.9
1748011419231.0,9888.1,9893.1
1748011419332.0,9888.4,9893.4
1748011419531.0,9888.6,9893.6
1748011421055,,
1748011421608.0,9888.5,9893.5
1748011421709.0,9888.3,9893.3
1748011423092.0,9887.6,9892.6
1748011432264.0,9887.4,9892.4
1748011432464.0,9887.1,9892.1
1748011433951.0,9886.8,9891.8
1748011435375.0,9886.6,9891.6
1748011435624,,
1748011437060.0,9886.3,9891.3
1748011437163.0,9886.5,9891.5
1748011437260.0,9886.4,9891.4
1748011438285.0,9886.3,9891.3
1748011439168.0,9886.6,9891.6
1748011440956.0,9887.1,9892.1
1748011441257.0,9886.8,9891.8
1748011441356,,
1748011446978.0,9886.6,9891.6
1748011451356.0,9886.8,9891.8
1748011454778.0,9887.3,9892.3
1748011454967.0,9887.0,9892.0
1748011455505.0,9887.0,9892.0
1748011457783.0,9887.1,9892.1
1748011459127,,
1748011460895.0,9887.0,9892.0
1748011461249.0,9887.0,9892.0
1748011461346.0,9887.1,9892.1
1748011461785.0,9887.0,9892.0
1748011462020.0,9887.1,9892.1
1748011465626.0,9887.0,9892.0
1748011465726.0,9887.1,9892.1
1748011465926.0,9887.5,9892.5
1748011466048.0,9887.6,9892.6
1748011467057.0,9887.5,9892.5
1748011467796.0,9887.2,9892.2
1748011467896.0,9887.1,9892.1
1748011469163,,
1748011470324.0,9887.0,9892.0
1748011470398.0,9887.1,9892.1
1748011473039.0,9887.0,9892.0
1748011473324.0,9887.1,9892.1
1748011474409.0,9887.6,9892.6
1748011478239.0,9887.5,9892.5
1748011478340.0,9887.1,9892.1
1748011484799.0,9887.6,9892.6
1748011490402.0,9888.1,9893.1
1748011490502.0,9887.6,9892.6
1748011490702.0,9887.5,9892.5
1748011491280.0,9887.6,9892.6
1748011491983.0,9887.5,9892.5
1748011492748.0,9887.3,9892.3
1748011492909.0,9887.4,9892.4
1748011493010.0,9887.3,9892.3
1748011493419.0,9887.6,9892.6
1748011493517.0,9887.5,9892.5
1748011493741.0,9887.5,9892.5
1748011493859.0,9887.6,9892.6
1748011494066.0,9887.6,9892.6
1748011496236.0,9887.5,9892.5
1748011496335.0,9887.6,9892.6
1748011497114.0,9887.4,9892.4
1748011497215.0,9887.5,9892.5
1748011497422.0,9887.5,9892.5
1748011497522.0,9887.4,9892.4
1748011497622.0,9887.6,9892.6
1748011497867.0,9887.8,9892.8
1748011498210.0,9887.6,9892.6
1748011499659.0,9887.8,9892.8
1748011500011.0,9887.6,9892.6
1748011500125.0,9887.8,9892.8
1748011501085.0,9887.9,9892.9
1748011501285.0,9887.3,9892.3
1748011501386.0,9887.4,9892.4
1748011502635.0,9887.5,9892.5
1748011502735.0,9887.3,9892.3
1748011503040.0,9887.3,9892.3
1748011503947.0,9887.6,9892.6
1748011504715.0,9887.3,9892.3
1748011504816.0,9887.6,9892.6
1748011505328.0,9887.6,9892.6
1748011507016.0,9887.5,9892.5
1748011507120.0,9887.3,9892.3
1748011507527.0,9887.4,9892.4
1748011508729.0,9887.3,9892.3
1748011509211.0,9887.6,9892.6
1748011510626.0,9887.8,9892.8
1748011511515.0,9887.8,9892.8
1748011515120.0,9887.6,9892.6
1748011516296.0,9887.3,9892.3
1748011516402.0,9887.4,9892.4
1748011516520.0,9887.6,9892.6
1748011517995.0,9887.3,9892.3
1748011518096.0,9886.8,9891.8
1748011519755.0,9886.6,9891.6
1748011519855.0,9886.8,9891.8
1748011521575.0,9886.5,9891.5
1748011521721.0,9886.6,9891.6
1748011522516.0,9886.5,9891.5
1748011522617.0,9886.1,9891.1
1748011522816.0,9886.3,9891.3
1748011524048.0,9886.6,9891.6
1748011524141,,
1748011528252.0,9887.1,9892.1
1748011532560.0,9887.0,9892.0
1748011532660.0,9886.8,9891.8
1748011537307.0,9886.9,9891.9
1748011538573.0,9887.8,9892.8
1748011538673.0,9888.1,9893.1
1748011538998.0,9888.0,9893.0
1748011539236.0,9887.9,9892.9
1748011539436.0,9888.1,9893.1
1748011539759.0,9888.3,9893.3
1748011539970.0,9888.1,9893.1
1748011540469.0,9888.4,9893.4
1748011540671.0,9889.4,9894.4
1748011540771.0,9889.7,9894.7
1748011540969.0,9891.8,9896.8
1748011541169.0,9891.4,9896.4
1748011541270.0,9891.8,9896.8
1748011541657.0,9891.6,9896.6
1748011541758.0,9891.4,9896.4
1748011541958.0,9892.3,9897.3
1748011542058.0,9892.6,9897.6
1748011542258.0,9893.4,9898.4
1748011542358.0,9893.1,9898.1
1748011542532,,
1748011542731.0,9892.7,9897.7
1748011542907.0,9892.8,9897.8
1748011543343.0,9892.4,9897.4
1748011543443.0,9892.0,9897.0
1748011543652.0,9891.8,9896.8
1748011543753.0,9891.3,9896.3
1748011543962.0,9892.1,9897.1
1748011544063.0,9892.8,9897.8
1748011544262.0,9893.0,9898.0
1748011544599.0,9893.0,9898.0
1748011544701.0,9893.3,9898.3
1748011544879.0,9893.0,9898.0
1748011544978.0,9893.1,9898.1
1748011545482.0,9892.8,9897.8
1748011546246.0,9893.1,9898.1
1748011546436.0,9893.0,9898.0
1748011546536.0,9892.8,9897.8
1748011546636.0,9892.0,9897.0
1748011546956.0,9892.1,9897.1
1748011547181.0,9892.0,9897.0
1748011547469.0,9892.1,9897.1
1748011547567.0,9892.0,9897.0
1748011547700.0,9892.1,9897.1
1748011548223.0,9892.0,9897.0
1748011548425.0,9892.0,9897.0
1748011548539.0,9892.1,9897.1
1748011548740.0,9892.1,9897.1
1748011548839.0,9891.3,9896.3
1748011549130.0,9891.0,9896.0
1748011549339.0,9891.0,9896.0
1748011549460.0,9891.1,9896.1
1748011549661.0,9890.9,9895.9
1748011550279,,
1748011550440.0,9890.4,9895.4
1748011550539.0,9890.3,9895.3
1748011550684.0,9890.5,9895.5
1748011551191.0,9889.8,9894.8
1748011551293.0,9889.6,9894.6
1748011551549.0,9889.3,9894.3
1748011551648.0,9889.1,9894.1
1748011552107.0,9889.3,9894.3
1748011552269.0,9889.6,9894.6
1748011552427.0,9889.3,9894.3
1748011552727.0,9889.5,9894.5
1748011552928.0,9889.6,9894.6
1748011554412.0,9889.5,9894.5
1748011554512.0,9889.1,9894.1
1748011555578.0,9889.1,9894.1
1748011556570.0,9888.8,9893.8
1748011560813.0,9889.1,9894.1
1748011562690.0,9888.6,9893.6
1748011562789.0,9888.9,9893.9
1748011563610.0,9888.8,9893.8
1748011563936.0,9888.3,9893.3
1748011564038.0,9888.6,9893.6
1748011564283.0,9888.6,9893.6
1748011565757.0,9889.6,9894.6
1748011566372.0,9889.3,9894.3
1748011568141.0,9889.1,9894.1
1748011569238.0,9889.0,9894.0
1748011569480.0,9888.9,9893.9
1748011569582.0,9889.0,9894.0
1748011569680.0,9889.1,9894.1
1748011569933.0,9889.0,9894.0
1748011570649.0,9889.1,9894.1
1748011574444.0,9888.8,9893.8
1748011575952.0,9888.9,9893.9
1748011576051,,
1748011577013,,
1748011577185.0,9889.0,9894.0
1748011578139.0,9888.8,9893.8
1748011578813.0,9889.1,9894.1
1748011581307.0,9889.1,9894.1
1748011581604.0,9888.6,9893.6
1748011583274.0,9889.1,9894.1
1748011583376.0,9889.0,9894.0
1748011584091.0,9889.1,9894.1
1748011584191.0,9889.0,9894.0
1748011586018.0,9888.8,9893.8
1748011586218.0,9889.0,9894.0
1748011586565.0,9888.8,9893.8
1748011588545.0,9889.1,9894.1
1748011590366.0,9888.8,9893.8
1748011590465.0,9888.9,9893.9
1748011590587.0,9888.8,9893.8
1748011591901.0,9888.9,9893.9
1748011592003.0,9888.8,9893.8
1748011593887.0,9888.6,9893.6
1748011606256.0,9889.1,9894.1
1748011606358.0,9888.8,9893.8
1748011608016.0,9888.6,9893.6
1748011608115.0,9888.3,9893.3
1748011608880.0,9888.6,9893.6
1748011609665.0,9888.5,9893.5
1748011609766.0,9888.4,9893.4
1748011612345.0,9887.9,9892.9
1748011612765.0,9887.6,9892.6
1748011612865.0,9888.1,9893.1
1748011613922.0,9887.8,9892.8
1748011614068.0,9887.9,9892.9
1748011614919.0,9888.1,9893.1
1748011615120.0,9887.5,9892.5
1748011616062.0,9887.6,9892.6
1748011616262.0,9887.8,9892.8
1748011616681.0,9887.6,9892.6
1748011617224.0,9887.8,9892.8
1748011618573.0,9888.1,9893.1
1748011618825.0,9887.8,9892.8
1748011619194.0,9888.1,9893.1
1748011623012.0,9888.1,9893.1
1748011624161.0,9887.8,9892.8
1748011626698.0,9887.6,9892.6
1748011628581.0,9887.8,9892.8
1748011629931.0,9887.8,9892.8
1748011630597.0,9887.6,9892.6
1748011631465.0,9887.8,9892.8
1748011631969.0,9887.6,9892.6
1748011632447.0,9887.4,9892.4
1748011632543.0,9887.3,9892.3
1748011634158.0,9886.8,9891.8
1748011634558.0,9886.9,9891.9
1748011635011.0,9887.1,9892.1
1748011635335.0,9886.8,9891.8
1748011635652.0,9886.3,9891.3
1748011635752.0,9886.4,9891.4
1748011636134.0,9886.4,9891.4
1748011636556.0,9886.3,9891.3
1748011636809.0,9886.6,9891.6
1748011637415.0,9886.3,9891.3
1748011639502.0,9886.6,9891.6
1748011640580.0,9886.8,9891.8
1748011644257.0,9887.1,9892.1
1748011644415,,
1748011644614.0,9887.3,9892.3
1748011644814.0,9887.8,9892.8
1748011646029.0,9888.1,9893.1
1748011646316.0,9887.8,9892.8
1748011646647.0,9888.0,9893.0
1748011647632.0,9887.9,9892.9
1748011648637.0,9888.3,9893.3
1748011649040.0,9888.1,9893.1
1748011650017.0,9888.3,9893.3
1748011650265.0,9888.1,9893.1
1748011651325.0,9887.9,9892.9
1748011651424.0,9888.1,9893.1
1748011652077.0,9888.3,9893.3
1748011652227.0,9888.4,9893.4
1748011652870.0,9888.3,9893.3
1748011653769.0,9888.1,9893.1
1748011654315.0,9888.3,9893.3
1748011655247.0,9888.5,9893.5
1748011655347.0,9888.4,9893.4
1748011657096.0,9888.6,9893.6
1748011658253.0,9888.3,9893.3
1748011658890.0,9888.4,9893.4
1748011659131.0,9888.3,9893.3
1748011660017.0,9888.1,9893.1
1748011660827.0,9888.3,9893.3
1748011661455.0,9888.1,9893.1
1748011662055.0,9888.6,9893.6
1748011662465.0,9888.8,9893.8
1748011662664.0,9888.3,9893.3
1748011662802.0,9888.4,9893.4
1748011664782.0,9888.4,9893.4
1748011665707.0,9888.3,9893.3
1748011672834.0,9887.8,9892.8
1748011674893.0,9887.3,9892.3
1748011675167.0,9887.4,9892.4
1748011677346.0,9887.3,9892.3
1748011677975.0,9887.1,9892.1
1748011678102.0,9887.0,9892.0
1748011678203.0,9886.9,9891.9
1748011679056.0,9886.9,9891.9
1748011680009.0,9887.1,9892.1
1748011680117.0,9886.8,9891.8
1748011680263.0,9886.9,9891.9
1748011680440.0,9886.8,9891.8
1748011681002.0,9886.9,9891.9
1748011681882.0,9886.8,9891.8
1748011683695.0,9886.6,9891.6
1748011685514.0,9886.3,9891.3
1748011687430.0,9886.3,9891.3
1748011688287,,
1748011688526.0,9886.1,9891.1
1748011689822.0,9886.3,9891.3
1748011690492.0,9886.4,9891.4
1748011690576.0,9886.3,9891.3
1748011692078.0,9886.6,9891.6
1748011692177.0,9886.3,9891.3
1748011692278.0,9886.6,9891.6
1748011697323.0,9886.5,9891.5
1748011697423.0,9886.6,9891.6
1748011698934.0,9886.3,9891.3
1748011699835.0,9886.4,9891.4
1748011699934.0,9886.3,9891.3
1748011701311.0,9886.6,9891.6
1748011701924.0,9886.5,9891.5
1748011702136.0,9886.8,9891.8
1748011703617.0,9886.9,9891.9
1748011703718.0,9886.8,9891.8
1748011704020.0,9886.6,9891.6
1748011704410.0,9886.8,9891.8
1748011705719.0,9886.5,9891.5
1748011709502.0,9886.6,9891.6
1748011709700.0,9886.1,9891.1
1748011713184.0,9886.3,9891.3
1748011713285.0,9886.1,9891.1
1748011713736.0,9886.3,9891.3
1748011714295.0,9886.1,9891.1
1748011714942.0,9886.3,9891.3
1748011715043.0,9886.1,9891.1
1748011717474.0,9886.3,9891.3
1748011718029.0,9886.1,9891.1
1748011718756.0,9885.9,9890.9
1748011718857.0,9886.1,9891.1
1748011720706.0,9886.3,9891.3
1748011722001.0,9886.1,9891.1
1748011722101.0,9886.3,9891.3
1748011722201.0,9886.1,9891.1
1748011723617.0,9886.3,9891.3
1748011724258.0,9886.1,9891.1
1748011724474.0,9886.3,9891.3
1748011725473,,
1748011726769.0,9886.1,9891.1
1748011728600.0,9886.3,9891.3
1748011733043.0,9886.1,9891.1
1748011734551.0,9886.3,9891.3
1748011735858.0,9886.1,9891.1
1748011736219.0,9886.3,9891.3
1748011736320.0,9886.1,9891.1
1748011737434.0,9885.8,9890.8
1748011737535.0,9886.1,9891.1
1748011740022.0,9886.3,9891.3
1748011740133,,
1748011745156.0,9886.6,9891.6
1748011745254.0,9886.8,9891.8
1748011745474.0,9886.6,9891.6
1748011745575.0,9886.3,9891.3
1748011749308.0,9886.1,9891.1
1748011749647.0,9886.4,9891.4
1748011750585.0,9886.1,9891.1
1748011750811.0,9886.3,9891.3
1748011751953.0,9886.1,9891.1
1748011752053,,
1748011752264.0,9886.4,9891.4
1748011752795.0,9886.8,9891.8
1748011753206.0,9886.6,9891.6
1748011753308.0,9886.1,9891.1
1748011753424.0,9886.3,9891.3
1748011755008.0,9886.1,9891.1
1748011755741.0,9886.3,9891.3
1748011757345.0,9886.1,9891.1
1748011757544.0,9886.3,9891.3
1748011757870.0,9885.9,9890.9
1748011757969.0,9886.3,9891.3
1748011760597.0,9886.1,9891.1
1748011760696.0,9886.3,9891.3
1748011764612.0,9886.5,9891.5
1748011764757.0,9886.4,9891.4
1748011765415.0,9886.8,9891.8
1748011765632.0,9887.1,9892.1
1748011765732.0,9886.8,9891.8
1748011766272.0,9887.1,9892.1
1748011766515.0,9887.1,9892.1
1748011766617.0,9887.0,9892.0
1748011766716.0,9886.9,9891.9
1748011766847.0,9886.8,9891.8
1748011767095.0,9886.9,9891.9
1748011767195.0,9886.8,9891.8
1748011767360.0,9887.1,9892.1
1748011767461.0,9886.8,9891.8
1748011767929.0,9887.1,9892.1
1748011768481.0,9887.0,9892.0
1748011768581.0,9887.1,9892.1
1748011769576.0,9887.0,9892.0
1748011769676.0,9886.9,9891.9
1748011770008.0,9887.1,9892.1
1748011770788.0,9886.6,9891.6
1748011778741.0,9886.8,9891.8
1748011780399.0,9886.9,9891.9
1748011782991.0,9886.8,9891.8
1748011784147.0,9887.1,9892.1
1748011784246.0,9886.8,9891.8
1748011787048.0,9887.1,9892.1
1748011787877.0,9887.3,9892.3
1748011790662.0,9886.9,9891.9
1748011790761.0,9886.8,9891.8
1748011793049.0,9886.4,9891.4
1748011793157,,
1748011794584.0,9886.8,9891.8
1748011794684,,
1748011797869.0,9886.3,9891.3
1748011800182.0,9886.4,9891.4
1748011800481.0,9886.4,9891.4
1748011800841.0,9886.4,9891.4
1748011800941.0,9886.3,9891.3
1748011801224.0,9886.6,9891.6
1748011801664.0,9886.8,9891.8
1748011801975,,
1748011802948.0,9886.4,9891.4
1748011803272.0,9886.3,9891.3
1748011803374.0,9886.4,9891.4
1748011805189.0,9886.3,9891.3
1748011807980.0,9886.8,9891.8
1748011808080.0,9886.9,9891.9
1748011809043.0,9886.3,9891.3
1748011810151.0,9886.1,9891.1
1748011810251.0,9886.9,9891.9
1748011810552.0,9887.0,9892.0
1748011810983.0,9887.1,9892.1
1748011811762.0,9886.8,9891.8
1748011811862.0,9886.9,9891.9
1748011812075.0,9886.8,9891.8
1748011812176.0,9886.9,9891.9
1748011812833.0,9887.0,9892.0
1748011812947.0,9887.1,9892.1
1748011813586.0,9886.8,9891.8
1748011815011.0,9886.6,9891.6
1748011819177.0,9886.4,9891.4
1748011819377.0,9885.9,9890.9
1748011819477.0,9886.0,9891.0
1748011819905.0,9885.8,9890.8
1748011820255.0,9885.8,9890.8
1748011820560.0,9886.0,9891.0
1748011820666.0,9885.9,9890.9
1748011820759.0,9885.8,9890.8
1748011821024.0,9885.9,9890.9
1748011821225.0,9885.6,9890.6
1748011822311.0,9885.8,9890.8
1748011830782.0,9885.4,9890.4
1748011830884.0,9885.3,9890.3
1748011831083.0,9883.8,9888.8
1748011831501.0,9883.6,9888.6
1748011832002.0,9884.1,9889.1
1748011832102.0,9884.4,9889.4
1748011832225.0,9884.3,9889.3
1748011833248.0,9884.4,9889.4
1748011833350.0,9884.3,9889.3
1748011833449.0,9884.1,9889.1
1748011833845,,
1748011834534.0,9883.3,9888.3
1748011834633.0,9883.1,9888.1
1748011836262.0,9882.8,9887.8
1748011838229.0,9882.8,9887.8
1748011838529.0,9882.8,9887.8
1748011838629.0,9882.9,9887.9
1748011839062.0,9882.8,9887.8
1748011839162.0,9882.9,9887.9
1748011840408.0,9882.8,9887.8
1748011841061.0,9882.9,9887.9
1748011843789.0,9882.8,9887.8
1748011843889.0,9883.1,9888.1
1748011844540,,
1748011847886.0,9883.6,9888.6
1748011847986.0,9883.3,9888.3
1748011848313.0,9883.1,9888.1
1748011848727.0,9883.3,9888.3
1748011848816.0,9883.4,9888.4
1748011848922.0,9883.3,9888.3
1748011849466.0,9883.4,9888.4
1748011849676.0,9883.3,9888.3
1748011850269.0,9883.3,9888.3
1748011850796.0,9883.1,9888.1
1748011851088.0,9883.3,9888.3
1748011852435.0,9883.4,9888.4
1748011852534.0,9883.3,9888.3
1748011853540.0,9883.1,9888.1
1748011855171.0,9882.8,9887.8
1748011855423,,
1748011856561.0,9882.9,9887.9
1748011857668.0,9882.8,9887.8
1748011857767.0,9882.9,9887.9
1748011857870.0,9882.6,9887.6
1748011861707.0,9882.3,9887.3
1748011861807.0,9882.4,9887.4
1748011862007.0,9882.4,9887.4
1748011862108.0,9882.3,9887.3
1748011862406.0,9881.9,9886.9
1748011862606.0,9881.8,9886.8
1748011863793,,
1748011864118,,
1748011865674.0,9881.3,9886.3
1748011865773,,
1748011866031.0,9881.4,9886.4
1748011866133.0,9881.3,9886.3
1748011867836,,
1748011869153.0,9881.3,9886.3
1748011869253,,
1748011870004,,
1748011871689,,
1748011874330.0,9880.8,9885.8
1748011874596,,
1748011874795.0,9881.1,9886.1
