1748008705782.0,47307.1,47327.1
1748008719828.0,47306.1,47326.1
1748008719928.0,47302.6,47322.6
1748008720860.0,47294.6,47314.6
1748008723244.0,47296.1,47316.1
1748008724791.0,47297.1,47317.1
1748008724899.0,47292.1,47312.1
1748008725640.0,47294.6,47314.6
1748008725740.0,47297.1,47317.1
1748008730041.0,47297.2,47317.2
1748008740318.0,47298.2,47318.2
1748008740418.0,47302.2,47322.2
1748008741858,,
1748008742930.0,47299.7,47319.7
1748008743553.0,47301.1,47321.1
1748008743654.0,47302.2,47322.2
1748008744003.0,47299.7,47319.7
1748008745140.0,47298.2,47318.2
1748008745224.0,47299.7,47319.7
1748008747214.0,47302.2,47322.2
1748008747950.0,47299.7,47319.7
1748008748424.0,47298.2,47318.2
1748008748524.0,47299.7,47319.7
1748008751361.0,47300.7,47320.7
1748008751463.0,47302.2,47322.2
1748008753458.0,47303.6,47323.6
1748008754307.0,47302.2,47322.2
1748008755217.0,47303.2,47323.2
1748008755317.0,47304.7,47324.7
1748008762133,,
1748008762233.0,47308.6,47328.6
1748008763230.0,47319.7,47339.7
1748008764091.0,47317.2,47337.2
1748008764443.0,47319.7,47339.7
1748008764876.0,47314.7,47334.7
1748008770363,,
1748008770736,,
1748008770939.0,47319.7,47339.7
1748008772080.0,47322.2,47342.2
1748008772178.0,47319.7,47339.7
1748008775331.0,47318.6,47338.6
1748008775432.0,47318.2,47338.2
1748008776084.0,47317.2,47337.2
1748008789760.0,47308.2,47328.2
1748008789860.0,47309.7,47329.7
1748008792198.0,47309.7,47329.7
1748008793300.0,47308.6,47328.6
1748008793401.0,47307.2,47327.2
1748008793646.0,47308.6,47328.6
1748008794165.0,47309.7,47329.7
1748008800221.0,47310.7,47330.7
1748008800369.0,47312.2,47332.2
1748008800470,,
1748008800770.0,47322.6,47342.6
1748008800869.0,47322.2,47342.2
1748008801672.0,47324.7,47344.7
1748008801883.0,47326.1,47346.1
1748008802173.0,47327.6,47347.6
1748008802274.0,47328.2,47348.2
1748008802714.0,47327.2,47347.2
1748008802915.0,47327.2,47347.2
1748008803216.0,47322.2,47342.2
1748008803641.0,47320.7,47340.7
1748008804152.0,47319.7,47339.7
1748008809541.0,47318.6,47338.6
1748008811707.0,47321.7,47341.7
1748008811968,,
1748008812168.0,47317.2,47337.2
1748008812759.0,47318.2,47338.2
1748008812860.0,47319.7,47339.7
1748008813325,,
1748008814771.0,47322.2,47342.2
1748008818672,,
1748008819173.0,47319.7,47339.7
1748008819274.0,47322.2,47342.2
1748008819473.0,47323.6,47343.6
1748008819692.0,47328.6,47348.6
1748008819792.0,47329.7,47349.7
1748008822601.0,47331.1,47351.1
1748008822796.0,47338.6,47358.6
1748008823688.0,47340.1,47360.1
1748008823789.0,47341.1,47361.1
1748008824231.0,47344.7,47364.7
1748008824908.0,47347.2,47367.2
1748008825307.0,47352.2,47372.2
1748008825745.0,47354.7,47374.7
1748008826274.0,47352.2,47372.2
1748008827940,,
1748008828142.0,47349.2,47369.2
1748008829270.0,47349.7,47369.7
1748008830313.0,47352.2,47372.2
1748008831044.0,47349.7,47369.7
1748008831841.0,47352.2,47372.2
1748008833191.0,47354.7,47374.7
1748008835093.0,47357.2,47377.2
1748008835650.0,47359.7,47379.7
1748008836029.0,47357.2,47377.2
1748008836253.0,47358.6,47378.6
1748008837247.0,47358.2,47378.2
1748008837346.0,47357.2,47377.2
1748008839373.0,47359.7,47379.7
1748008840953.0,47358.2,47378.2
1748008841154.0,47353.6,47373.6
1748008841388.0,47352.2,47372.2
1748008843525.0,47350.7,47370.7
1748008843792.0,47352.2,47372.2
1748008844258.0,47347.2,47367.2
1748008845016.0,47346.1,47366.1
1748008846584.0,47344.7,47364.7
1748008847823.0,47342.2,47362.2
1748008848700.0,47340.7,47360.7
1748008848799.0,47338.2,47358.2
1748008850068.0,47334.7,47354.7
1748008850831.0,47329.7,47349.7
1748008850941.0,47328.2,47348.2
1748008852886.0,47329.7,47349.7
1748008854269.0,47334.7,47354.7
1748008854957.0,47337.2,47357.2
1748008855540.0,47343.2,47363.2
1748008856570.0,47344.7,47364.7
1748008857262,,
1748008857337.0,47343.6,47363.6
1748008859071.0,47341.1,47361.1
1748008859247.0,47338.6,47358.6
1748008860441.0,47335.7,47355.7
1748008860642.0,47334.7,47354.7
1748008860741.0,47336.1,47356.1
1748008860840.0,47337.2,47357.2
1748008862727.0,47338.6,47358.6
1748008862987.0,47339.7,47359.7
1748008863387.0,47343.6,47363.6
1748008863659.0,47347.2,47367.2
1748008864818.0,47348.6,47368.6
1748008865267,,
1748008865365.0,47344.7,47364.7
1748008865667.0,47344.7,47364.7
1748008867358.0,47343.2,47363.2
1748008867458.0,47342.2,47362.2
1748008867849.0,47344.7,47364.7
1748008868300.0,47342.2,47362.2
1748008868500.0,47339.7,47359.7
1748008868841.0,47337.2,47357.2
1748008869746.0,47334.7,47354.7
1748008870800.0,47336.1,47356.1
1748008870901.0,47337.2,47357.2
1748008872212.0,47338.6,47358.6
1748008872943.0,47340.1,47360.1
1748008873318.0,47342.6,47362.6
1748008874157.0,47345.1,47365.1
1748008875274.0,47346.1,47366.1
1748008875486.0,47358.0,47378.0
1748008875770.0,47362.6,47382.6
1748008876212,,
1748008883497.0,47368.2,47388.2
1748008884096.0,47365.7,47385.7
1748008891187,,
1748008894134.0,47368.2,47388.2
1748008894233.0,47369.7,47389.7
1748008896241.0,47370.7,47390.7
1748008897365.0,47373.2,47393.2
1748008898723.0,47370.7,47390.7
1748008898926.0,47373.6,47393.6
1748008899027.0,47374.7,47394.7
1748008900290.0,47377.2,47397.2
1748008901129.0,47374.2,47394.2
1748008901230.0,47372.2,47392.2
1748008905143,,
1748008908044.0,47364.7,47384.7
1748008908570.0,47363.6,47383.6
1748008908820.0,47363.6,47383.6
1748008909063.0,47361.1,47381.1
1748008909163.0,47363.6,47383.6
1748008910615.0,47362.2,47382.2
1748008910912,,
1748008913041,,
1748008914407.0,47363.6,47383.6
1748008914491.0,47364.7,47384.7
1748008915210.0,47367.2,47387.2
1748008915736.0,47369.7,47389.7
1748008915972.0,47372.2,47392.2
1748008919800.0,47373.6,47393.6
1748008922496.0,47372.2,47392.2
1748008923489.0,47373.6,47393.6
1748008924400,,
1748008924721.0,47369.7,47389.7
1748008925028.0,47372.6,47392.6
1748008925228.0,47373.6,47393.6
1748008925520.0,47372.2,47392.2
1748008925619,,
1748008926052.0,47372.2,47392.2
1748008930677,,
1748008932994.0,47363.2,47383.2
1748008933535.0,47361.7,47381.7
1748008933635.0,47359.7,47379.7
1748008934023.0,47357.2,47377.2
1748008934412.0,47354.7,47374.7
1748008934811.0,47353.6,47373.6
1748008934907.0,47352.2,47372.2
1748008936731.0,47349.7,47369.7
1748008936930.0,47347.2,47367.2
1748008937797.0,47344.7,47364.7
1748008939873.0,47343.2,47363.2
1748008939975.0,47342.2,47362.2
1748008940840,,
1748008941459.0,47343.6,47363.6
1748008943206.0,47344.7,47364.7
1748008943548.0,47347.2,47367.2
1748008946069.0,47342.2,47362.2
1748008946464.0,47337.2,47357.2
1748008947835.0,47334.7,47354.7
1748008948619.0,47336.1,47356.1
1748008948720.0,47337.2,47357.2
1748008948941,,
1748008949417.0,47334.7,47354.7
1748008949517.0,47337.2,47357.2
1748008949809.0,47334.7,47354.7
1748008950340.0,47337.2,47357.2
1748008952723.0,47339.7,47359.7
1748008953107.0,47338.6,47358.6
1748008953206.0,47337.2,47357.2
1748008954404.0,47339.7,47359.7
1748008956078.0,47337.2,47357.2
1748008960373.0,47339.7,47359.7
1748008963801.0,47338.6,47358.6
1748008963902.0,47337.2,47357.2
1748008964564.0,47335.7,47355.7
1748008965031.0,47334.7,47354.7
1748008965698.0,47333.2,47353.2
1748008965798,,
1748008966258.0,47332.2,47352.2
1748008966895.0,47330.7,47350.7
1748008969523.0,47332.2,47352.2
1748008970796.0,47330.7,47350.7
1748008972332.0,47329.7,47349.7
1748008973287,,
1748008973388.0,47327.2,47347.2
1748008973490.0,47324.7,47344.7
1748008974065.0,47329.7,47349.7
1748008977798,,
1748008981261.0,47335.7,47355.7
1748008981756.0,47337.2,47357.2
1748008983519,,
1748008988351,,
1748008991133,,
1748008992396.0,47339.7,47359.7
1748008993293.0,47337.2,47357.2
1748008993846.0,47338.6,47358.6
1748008994042.0,47338.2,47358.2
1748008994142.0,47337.2,47357.2
1748008995199.0,47335.7,47355.7
1748008995732.0,47334.7,47354.7
1748008996642.0,47337.2,47357.2
1748008997034.0,47334.7,47354.7
1748008998284.0,47337.2,47357.2
1748008999535.0,47340.1,47360.1
1748009000355.0,47343.6,47363.6
1748009001129.0,47347.2,47367.2
1748009002136.0,47349.7,47369.7
1748009002757.0,47348.2,47368.2
1748009004623.0,47347.2,47367.2
1748009005627.0,47344.7,47364.7
1748009006431.0,47343.2,47363.2
1748009006665.0,47340.7,47360.7
1748009009245.0,47341.7,47361.7
1748009009623.0,47340.7,47360.7
1748009010127.0,47343.2,47363.2
1748009011768.0,47344.7,47364.7
1748009014286.0,47346.1,47366.1
1748009014384.0,47347.2,47367.2
1748009018473.0,47347.2,47367.2
1748009021372.0,47349.7,47369.7
1748009022115.0,47352.2,47372.2
1748009023970.0,47363.2,47383.2
1748009024379.0,47367.2,47387.2
1748009024462.0,47371.1,47391.1
1748009029808,,
1748009033025,,
1748009033375,,
1748009033566.0,47377.2,47397.2
1748009035152.0,47374.7,47394.7
1748009035727,,
1748009036275.0,47373.2,47393.2
1748009036368.0,47369.7,47389.7
1748009037328.0,47367.2,47387.2
1748009037641,,
1748009037952.0,47364.7,47384.7
1748009038599.0,47367.2,47387.2
1748009039214.0,47368.6,47388.6
1748009039516.0,47370.1,47390.1
1748009039772.0,47371.1,47391.1
1748009040331,,
1748009040563.0,47373.6,47393.6
1748009041856,,
1748009046136.0,47373.2,47393.2
1748009048762.0,47374.7,47394.7
1748009048861.0,47377.2,47397.2
1748009049495.0,47378.2,47398.2
1748009057483.0,47377.2,47397.2
1748009059729.0,47376.1,47396.1
1748009064282.0,47376.2,47396.2
1748009068390.0,47373.7,47393.7
1748009068977.0,47367.2,47387.2
1748009072534.0,47365.7,47385.7
1748009073210.0,47365.7,47385.7
1748009073453.0,47367.2,47387.2
1748009073876.0,47364.7,47384.7
1748009074077.0,47362.2,47382.2
1748009074545.0,47363.7,47383.7
1748009074650.0,47364.7,47384.7
1748009077145.0,47366.2,47386.2
1748009079203.0,47364.7,47384.7
1748009079487.0,47362.2,47382.2
1748009079907.0,47360.7,47380.7
1748009079996,,
1748009081818.0,47358.2,47378.2
1748009083585.0,47360.7,47380.7
1748009087320.0,47359.3,47379.3
1748009087419.0,47358.2,47378.2
1748009087621.0,47357.2,47377.2
1748009088923.0,47362.2,47382.2
1748009093657.0,47359.7,47379.7
1748009101807.0,47357.2,47377.2
1748009103112.0,47359.7,47379.7
1748009103310.0,47363.2,47383.2
1748009106471.0,47367.2,47387.2
1748009107153.0,47369.7,47389.7
1748009107353.0,47372.2,47392.2
1748009112797,,
1748009112896.0,47373.7,47393.7
1748009113653.0,47376.2,47396.2
1748009115028.0,47377.2,47397.2
1748009116015.0,47379.7,47399.7
1748009116564.0,47381.2,47401.2
1748009117761,,
1748009118368.0,47382.2,47402.2
1748009120998.0,47384.7,47404.7
1748009130682,,
1748009131808.0,47389.7,47409.7
1748009133889.0,47398.2,47418.2
1748009134089.0,47400.7,47420.7
1748009134189.0,47399.7,47419.7
1748009134289.0,47397.2,47417.2
1748009136405.0,47395.7,47415.7
1748009137801.0,47394.7,47414.7
1748009138874.0,47397.2,47417.2
1748009142151.0,47395.7,47415.7
1748009142257.0,47394.7,47414.7
1748009143041.0,47397.2,47417.2
1748009143254.0,47394.7,47414.7
1748009143634.0,47397.2,47417.2
1748009148425,,
1748009149030.0,47394.7,47414.7
1748009149592.0,47393.2,47413.2
1748009150696.0,47397.2,47417.2
1748009154162.0,47398.7,47418.7
1748009157925.0,47400.1,47420.1
1748009158197.0,47411.4,47431.4
1748009158421.0,47421.2,47441.2
1748009158930.0,47413.2,47433.2
1748009159397.0,47412.2,47432.2
1748009159556.0,47413.7,47433.7
1748009160047.0,47414.7,47434.7
1748009160173.0,47417.2,47437.2
1748009160625.0,47418.7,47438.7
1748009160725.0,47419.7,47439.7
1748009161084.0,47422.2,47442.2
1748009163423,,
1748009164255.0,47427.2,47447.2
1748009164826.0,47433.7,47453.7
1748009165075.0,47432.2,47452.2
1748009165275.0,47434.7,47454.7
1748009165695.0,47436.2,47456.2
1748009165894.0,47436.2,47456.2
1748009166378.0,47437.2,47457.2
1748009166476,,
1748009166857.0,47439.7,47459.7
1748009167940,,
1748009168799.0,47442.2,47462.2
1748009169181.0,47439.7,47459.7
1748009169507.0,47441.2,47461.2
1748009170056.0,47440.7,47460.7
1748009170751.0,47442.2,47462.2
1748009172525.0,47439.7,47459.7
1748009173432.0,47441.2,47461.2
1748009173673.0,47442.2,47462.2
1748009174909,,
1748009175684,,
1748009176035.0,47447.2,47467.2
1748009177366,,
1748009177979,,
1748009179076.0,47445.7,47465.7
1748009180354.0,47447.2,47467.2
1748009180940.0,47444.7,47464.7
1748009181384.0,47443.2,47463.2
1748009181484.0,47442.2,47462.2
1748009182087,,
1748009183191,,
1748009184214.0,47437.8,47457.8
1748009184312.0,47434.9,47454.9
1748009184622.0,47431.8,47451.8
1748009185295.0,47430.3,47450.3
1748009185494,,
1748009186680.0,47423.2,47443.2
1748009186880.0,47425.7,47445.7
1748009186982.0,47427.2,47447.2
1748009187788.0,47428.7,47448.7
1748009190295.0,47430.1,47450.1
1748009190410.0,47432.2,47452.2
1748009190972,,
1748009191172.0,47439.3,47459.3
1748009191301.0,47440.7,47460.7
1748009191978.0,47442.2,47462.2
1748009192445.0,47444.7,47464.7
1748009192741.0,47442.2,47462.2
1748009195155.0,47439.7,47459.7
1748009195927,,
1748009196811.0,47442.2,47462.2
1748009197290.0,47439.7,47459.7
1748009197867.0,47438.2,47458.2
1748009197967.0,47437.2,47457.2
1748009199117.0,47432.2,47452.2
1748009201304,,
1748009202807,,
1748009205247.0,47427.2,47447.2
1748009207866.0,47425.7,47445.7
1748009208970.0,47427.2,47447.2
1748009209070.0,47432.2,47452.2
1748009209710.0,47435.1,47455.1
1748009209911.0,47437.2,47457.2
1748009212507,,
1748009215397,,
1748009215497.0,47427.2,47447.2
1748009216755,,
1748009217140.0,47429.7,47449.7
1748009220417.0,47432.2,47452.2
1748009221014,,
1748009221109.0,47435.1,47455.1
1748009221758.0,47439.7,47459.7
1748009222294.0,47441.2,47461.2
1748009222672.0,47448.7,47468.7
1748009222973.0,47450.1,47470.1
1748009223668.0,47462.2,47482.2
1748009223906.0,47462.2,47482.2
1748009224736.0,47457.2,47477.2
1748009224936.0,47457.2,47477.2
1748009225271,,
1748009225370,,
1748009227779,,
1748009228775,,
1748009228875.0,47460.1,47480.1
1748009229517.0,47461.6,47481.6
1748009230073.0,47469.1,47489.1
1748009230174,,
1748009230885.0,47470.6,47490.6
1748009232145.0,47473.7,47493.7
1748009232245,,
1748009233738,,
1748009234260,,
1748009234804,,
1748009238521.0,47475.1,47495.1
1748009243824,,
1748009244280,,
1748009244790.0,47477.2,47497.2
1748009245283,,
1748009245785,,
1748009246404.0,47474.7,47494.7
1748009249086,,
1748009249476,,
1748009249690.0,47467.2,47487.2
1748009251229.0,47464.7,47484.7
1748009251833.0,47462.2,47482.2
1748009252627.0,47463.7,47483.7
1748009252725.0,47464.7,47484.7
1748009254163.0,47462.2,47482.2
1748009258267.0,47461.2,47481.2
1748009258467.0,47461.2,47481.2
1748009259141.0,47462.2,47482.2
1748009260187.0,47460.1,47480.1
1748009261652.0,47462.2,47482.2
1748009265346.0,47459.7,47479.7
1748009266547.0,47464.7,47484.7
1748009267396.0,47459.7,47479.7
1748009268034.0,47460.7,47480.7
1748009269181.0,47459.7,47479.7
1748009269382.0,47461.2,47481.2
1748009269759.0,47458.2,47478.2
1748009270199.0,47457.2,47477.2
1748009271178,,
1748009271396,,
1748009271496.0,47454.7,47474.7
1748009274801.0,47451.8,47471.8
1748009277511,,
1748009277809.0,47452.2,47472.2
1748009278499,,
1748009278697.0,47456.2,47476.2
1748009279016.0,47457.2,47477.2
1748009281124.0,47462.2,47482.2
1748009283461.0,47459.7,47479.7
1748009287247.0,47455.7,47475.7
1748009287345.0,47457.2,47477.2
1748009287609.0,47452.2,47472.2
1748009287942.0,47454.7,47474.7
1748009288306.0,47457.2,47477.2
1748009288940.0,47458.7,47478.7
1748009289038.0,47462.6,47482.6
1748009289591.0,47464.7,47484.7
1748009290082,,
1748009290679.0,47467.2,47487.2
1748009292380.0,47465.7,47485.7
1748009292462.0,47464.7,47484.7
1748009295100.0,47462.2,47482.2
1748009301932,,
1748009302030,,
1748009303266.0,47459.3,47479.3
1748009303467.0,47457.8,47477.8
1748009303573.0,47456.8,47476.8
1748009305498.0,47458.2,47478.2
1748009307234.0,47457.2,47477.2
1748009308076.0,47455.7,47475.7
1748009308331.0,47452.2,47472.2
1748009308526.0,47449.7,47469.7
1748009310805.0,47452.2,47472.2
1748009311924.0,47454.7,47474.7
1748009313875,,
1748009315297.0,47459.1,47479.1
1748009315913.0,47462.2,47482.2
1748009316097.0,47464.7,47484.7
1748009317082.0,47467.2,47487.2
1748009317291,,
1748009319928.0,47483.1,47503.1
1748009321144.0,47484.1,47504.1
1748009321244.0,47481.6,47501.6
1748009322346,,
1748009323824.0,47483.7,47503.7
1748009324740.0,47486.2,47506.2
1748009325868,,
1748009326294.0,47487.2,47507.2
1748009326494.0,47488.2,47508.2
1748009328518.0,47489.7,47509.7
1748009336316.0,47491.2,47511.2
1748009336410.0,47492.2,47512.2
1748009340289.0,47494.7,47514.7
1748009340396.0,47502.2,47522.2
1748009340680.0,47503.2,47523.2
1748009341036.0,47504.7,47524.7
1748009341136,,
1748009345347.0,47516.6,47536.6
1748009345780,,
1748009346234.0,47516.2,47536.2
1748009346656.0,47519.1,47539.1
1748009346757.0,47521.2,47541.2
1748009347844,,
1748009348042,,
1748009348783,,
1748009349627.0,47513.2,47533.2
1748009351861.0,47514.7,47534.7
1748009352297.0,47522.2,47542.2
1748009353069,,
1748009353169.0,47524.7,47544.7
1748009353546,,
1748009353865.0,47526.2,47546.2
1748009354149.0,47524.7,47544.7
1748009355131,,
1748009355393.0,47524.7,47544.7
1748009357551,,
1748009357651.0,47528.7,47548.7
1748009357855.0,47527.2,47547.2
1748009358056.0,47526.2,47546.2
1748009358155.0,47524.7,47544.7
1748009358256.0,47526.2,47546.2
1748009359229.0,47524.7,47544.7
1748009359350.0,47526.2,47546.2
1748009360508.0,47524.7,47544.7
1748009360706,,
1748009361381.0,47526.2,47546.2
1748009362101.0,47524.7,47544.7
1748009364998.0,47524.7,47544.7
1748009366558.0,47526.2,47546.2
1748009368174.0,47523.7,47543.7
1748009370879,,
1748009372858,,
1748009373606.0,47526.2,47546.2
1748009374302,,
1748009376163.0,47521.2,47541.2
1748009378188.0,47519.7,47539.7
1748009378856.0,47521.2,47541.2
1748009379978,,
1748009380079.0,47519.7,47539.7
1748009380389.0,47521.2,47541.2
1748009381467.0,47511.3,47531.3
1748009382166.0,47508.2,47528.2
1748009382366.0,47505.7,47525.7
1748009383371.0,47506.8,47526.8
1748009384963.0,47505.7,47525.7
1748009386133.0,47501.4,47521.4
1748009386334.0,47512.2,47532.2
1748009389574.0,47512.2,47532.2
1748009392208,,
1748009392307.0,47503.7,47523.7
1748009393474.0,47502.2,47522.2
1748009394020.0,47499.7,47519.7
1748009394120.0,47497.2,47517.2
1748009394867,,
1748009395235,,
1748009395559.0,47494.7,47514.7
1748009395963.0,47497.2,47517.2
1748009400443.0,47493.3,47513.3
1748009400537.0,47492.2,47512.2
1748009404657,,
1748009404756.0,47489.7,47509.7
1748009408441.0,47491.2,47511.2
1748009408640.0,47489.7,47509.7
1748009409197.0,47491.2,47511.2
1748009409499.0,47496.2,47516.2
1748009410225.0,47498.7,47518.7
1748009411262.0,47501.2,47521.2
1748009411464,,
1748009411731.0,47502.2,47522.2
1748009415429.0,47504.7,47524.7
1748009416959,,
1748009417059.0,47502.2,47522.2
1748009418762,,
1748009418967,,
1748009419290.0,47506.6,47526.6
1748009419390.0,47507.7,47527.7
1748009420048,,
1748009420684,,
1748009420884.0,47506.6,47526.6
1748009424331.0,47510.2,47530.2
1748009424431.0,47511.6,47531.6
1748009424533.0,47510.2,47530.2
1748009426023.0,47508.7,47528.7
1748009426168.0,47510.2,47530.2
1748009428122,,
1748009428825.0,47508.7,47528.7
1748009434699.0,47510.2,47530.2
1748009437676.0,47507.7,47527.7
1748009441083.0,47510.2,47530.2
1748009442914,,
1748009443770,,
1748009444054.0,47507.7,47527.7
1748009445080.0,47510.2,47530.2
1748009445406,,
1748009445505.0,47508.7,47528.7
1748009446232.0,47510.2,47530.2
1748009451266.0,47514.1,47534.1
1748009451368.0,47515.2,47535.2
1748009453325,,
1748009454416.0,47509.7,47529.7
1748009454902.0,47507.2,47527.2
1748009455066.0,47508.7,47528.7
1748009455165.0,47511.2,47531.2
1748009455635.0,47509.7,47529.7
1748009456052.0,47507.2,47527.2
1748009457713.0,47506.2,47526.2
1748009458215,,
1748009460400,,
1748009461380.0,47502.7,47522.7
1748009462050.0,47500.2,47520.2
1748009462947.0,47495.2,47515.2
1748009466716,,
1748009466916.0,47490.2,47510.2
1748009467251.0,47490.2,47510.2
1748009469562.0,47494.1,47514.1
1748009470412.0,47497.7,47517.7
1748009470612.0,47502.7,47522.7
1748009471485.0,47506.6,47526.6
1748009471584.0,47509.1,47529.1
1748009471950.0,47511.6,47531.6
1748009473380.0,47512.7,47532.7
1748009474471,,
1748009474672,,
1748009474872.0,47515.2,47535.2
1748009475421,,
1748009475825.0,47525.2,47545.2
1748009478939.0,47527.7,47547.7
1748009480761,,
1748009481121,,
1748009481852.0,47530.2,47550.2
1748009482560.0,47535.2,47555.2
1748009482778,,
1748009483643.0,47537.7,47557.7
1748009484207.0,47540.2,47560.2
1748009485459,,
1748009488464,,
1748009490412,,
1748009490629.0,47544.1,47564.1
1748009493576.0,47549.1,47569.1
1748009494025.0,47550.6,47570.6
1748009494520.0,47554.1,47574.1
1748009494723.0,47557.7,47577.7
1748009494919.0,47560.2,47580.2
1748009495234.0,47561.6,47581.6
1748009495333.0,47560.2,47580.2
1748009495672.0,47564.1,47584.1
1748009495772.0,47565.2,47585.2
1748009497569,,
1748009497769.0,47573.1,47593.1
1748009498047.0,47585.2,47605.2
1748009498659.0,47588.1,47608.1
1748009498859.0,47594.1,47614.1
1748009499160,,
1748009500424.0,47597.7,47617.7
1748009501206.0,47598.7,47618.7
1748009501596,,
1748009502034.0,47604.1,47624.1
1748009502233.0,47598.7,47618.7
1748009502841,,
1748009503722.0,47597.7,47617.7
1748009503822,,
1748009504527,,
1748009509245.0,47600.2,47620.2
1748009509780.0,47595.2,47615.2
1748009511062.0,47597.7,47617.7
1748009511222.0,47599.1,47619.1
1748009512471.0,47602.1,47622.1
1748009512671.0,47603.3,47623.3
1748009513210.0,47600.2,47620.2
1748009513410,,
1748009513645.0,47595.2,47615.2
1748009514692.0,47590.2,47610.2
1748009514994,,
1748009515539.0,47588.7,47608.7
1748009515783.0,47590.2,47610.2
1748009516313.0,47587.7,47607.7
1748009516640,,
1748009516905.0,47590.2,47610.2
1748009517779,,
1748009518194,,
1748009518760.0,47588.7,47608.7
1748009518860.0,47586.6,47606.6
1748009519315.0,47587.7,47607.7
1748009519736.0,47590.2,47610.2
1748009520825,,
1748009521715.0,47592.7,47612.7
1748009522708.0,47595.2,47615.2
1748009523823,,
1748009524042,,
1748009524141,,
1748009524442.0,47594.1,47614.1
1748009524769.0,47595.2,47615.2
1748009525100,,
1748009526672.0,47596.6,47616.6
1748009528643.0,47595.2,47615.2
1748009528744,,
1748009530338.0,47598.1,47618.1
1748009530608.0,47600.2,47620.2
1748009530808,,
1748009531526.0,47601.6,47621.6
1748009531626.0,47603.1,47623.1
1748009532010.0,47605.6,47625.6
1748009532111.0,47609.1,47629.1
1748009533045.0,47611.6,47631.6
1748009533283,,
1748009533554.0,47610.6,47630.6
1748009533732.0,47609.1,47629.1
1748009535735.0,47615.2,47635.2
1748009536811,,
1748009536979.0,47617.7,47637.7
1748009537078,,
1748009537278.0,47615.2,47635.2
1748009537548.0,47612.7,47632.7
1748009538607.0,47615.2,47635.2
1748009538924.0,47614.1,47634.1
1748009539267.0,47616.6,47636.6
1748009539924.0,47618.1,47638.1
1748009540414.0,47620.6,47640.6
1748009540615.0,47625.6,47645.6
1748009540979.0,47630.2,47650.2
1748009541573,,
1748009542548.0,47616.2,47636.2
1748009542850.0,47616.2,47636.2
1748009543727.0,47617.7,47637.7
1748009544927.0,47621.2,47641.2
1748009545028.0,47622.7,47642.7
1748009545998.0,47625.2,47645.2
1748009546099.0,47627.7,47647.7
1748009547398.0,47632.7,47652.7
1748009547799.0,47635.2,47655.2
1748009548536,,
1748009548895.0,47637.7,47657.7
1748009549273.0,47642.7,47662.7
1748009549374.0,47640.2,47660.2
1748009549624.0,47637.7,47657.7
1748009549994.0,47640.2,47660.2
1748009550284.0,47637.7,47657.7
1748009550350.0,47635.2,47655.2
1748009550449.0,47632.7,47652.7
1748009551235,,
1748009551906.0,47635.2,47655.2
1748009552108.0,47630.2,47650.2
1748009552388.0,47627.7,47647.7
1748009552489.0,47623.3,47643.3
1748009552846.0,47617.7,47637.7
1748009553111.0,47618.7,47638.7
1748009553280.0,47621.2,47641.2
1748009553531.0,47622.7,47642.7
1748009554920.0,47625.2,47645.2
1748009555179.0,47627.7,47647.7
1748009558496.0,47632.7,47652.7
1748009558596,,
1748009561901.0,47640.2,47660.2
1748009562201.0,47643.1,47663.1
1748009562300.0,47645.2,47665.2
1748009563171,,
1748009563952.0,47641.2,47661.2
1748009565360,,
1748009565560.0,47632.7,47652.7
1748009565811.0,47629.7,47649.7
1748009565911.0,47627.7,47647.7
1748009568323.0,47622.7,47642.7
1748009568421.0,47621.2,47641.2
1748009570607,,
1748009570708.0,47615.8,47635.8
1748009570806.0,47613.7,47633.7
1748009572448.0,47609.1,47629.1
1748009574043,,
1748009574931.0,47605.2,47625.2
1748009575032.0,47600.2,47620.2
1748009575400.0,47597.2,47617.2
1748009575960.0,47589.7,47609.7
1748009576886,,
1748009577531.0,47588.7,47608.7
1748009577711.0,47591.2,47611.2
1748009578308.0,47593.7,47613.7
1748009578422.0,47595.2,47615.2
1748009579064,,
1748009580341.0,47597.7,47617.7
1748009580657.0,47600.2,47620.2
1748009580757,,
1748009580966.0,47602.7,47622.7
1748009581513.0,47607.7,47627.7
1748009581754,,
1748009582056.0,47625.6,47645.6
1748009582363.0,47627.1,47647.1
1748009582960.0,47630.2,47650.2
1748009583516,,
1748009584170.0,47635.2,47655.2
1748009584370.0,47636.2,47656.2
1748009584655,,
1748009584755.0,47632.7,47652.7
1748009586052,,
1748009587901.0,47630.2,47650.2
1748009588898.0,47635.2,47655.2
1748009589717.0,47637.7,47657.7
1748009589917,,
1748009590215,,
1748009591051.0,47632.7,47652.7
1748009591396,,
1748009591790.0,47631.2,47651.2
1748009593063.0,47635.2,47655.2
1748009593255,,
1748009594762,,
1748009594946.0,47637.7,47657.7
1748009595774.0,47647.7,47667.7
1748009595978,,
1748009596436,,
1748009596709,,
1748009597318,,
1748009598175.0,47650.2,47670.2
1748009598441,,
1748009598741.0,47664.1,47684.1
1748009598942.0,47662.7,47682.7
1748009599241.0,47660.2,47680.2
1748009599443,,
1748009599541,,
1748009600298.0,47662.7,47682.7
1748009601089.0,47665.2,47685.2
1748009601188,,
1748009601645,,
1748009603188,,
1748009604204.0,47668.1,47688.1
1748009604606.0,47666.6,47686.6
1748009604979,,
1748009605303.0,47666.2,47686.2
1748009605405.0,47665.2,47685.2
1748009606874.0,47662.7,47682.7
1748009607191.0,47666.6,47686.6
1748009607471.0,47669.1,47689.1
1748009608100.0,47666.6,47686.6
1748009609295.0,47665.2,47685.2
1748009609522,,
1748009609621,,
1748009609726.0,47661.2,47681.2
1748009611123,,
1748009611409.0,47663.7,47683.7
1748009611676.0,47669.1,47689.1
1748009611777.0,47671.6,47691.6
1748009613078.0,47674.1,47694.1
1748009613303,,
1748009614124.0,47675.6,47695.6
1748009615325.0,47675.2,47695.2
1748009617250.0,47672.7,47692.7
1748009617764.0,47671.2,47691.2
1748009617863.0,47670.2,47690.2
1748009618541.0,47667.7,47687.7
1748009618885.0,47665.2,47685.2
1748009620235.0,47663.7,47683.7
1748009620335.0,47662.7,47682.7
1748009620727.0,47665.2,47685.2
1748009620845.0,47666.2,47686.2
1748009621215.0,47668.7,47688.7
1748009622733,,
1748009623442,,
1748009624373,,
1748009625723.0,47671.6,47691.6
1748009625823,,
1748009626041,,
1748009628501.0,47670.2,47690.2
1748009631528.0,47672.7,47692.7
1748009631839.0,47670.2,47690.2
1748009632114.0,47675.2,47695.2
1748009632313.0,47673.7,47693.7
1748009632663.0,47671.2,47691.2
1748009632847.0,47670.2,47690.2
1748009634607,,
1748009635297.0,47675.2,47695.2
1748009635547.0,47676.6,47696.6
1748009635731.0,47677.7,47697.7
1748009637629,,
1748009637917,,
1748009638118.0,47675.2,47695.2
1748009638649,,
1748009640742,,
1748009641591,,
1748009642075.0,47697.9,47717.9
1748009642176.0,47730.2,47750.2
1748009642274,,
1748009642621.0,47728.7,47748.7
1748009642719.0,47717.2,47737.2
1748009642819.0,47716.2,47736.2
1748009643143,,
1748009643341.0,47717.7,47737.7
1748009644058.0,47722.7,47742.7
1748009644297.0,47724.1,47744.1
1748009645119.0,47725.6,47745.6
1748009645254.0,47726.6,47746.6
1748009645610.0,47722.7,47742.7
1748009645866.0,47720.2,47740.2
1748009646219,,
1748009646936.0,47724.1,47744.1
1748009647369.0,47727.7,47747.7
1748009647669,,
1748009651422,,
1748009651705,,
1748009653007,,
1748009653209.0,47712.7,47732.7
1748009653543.0,47708.7,47728.7
1748009653642.0,47706.2,47726.2
1748009653899.0,47707.7,47727.7
1748009654573.0,47710.2,47730.2
1748009654782.0,47716.6,47736.6
1748009654949.0,47720.2,47740.2
1748009655391.0,47726.6,47746.6
1748009656759,,
1748009656958.0,47721.2,47741.2
1748009657158.0,47719.7,47739.7
1748009657699.0,47720.2,47740.2
1748009658054.0,47715.2,47735.2
1748009661017.0,47718.1,47738.1
1748009661407.0,47720.2,47740.2
1748009662276,,
1748009662376,,
1748009665146.0,47717.7,47737.7
1748009665297.0,47716.2,47736.2
1748009666193.0,47715.2,47735.2
1748009666909.0,47717.7,47737.7
1748009668248,,
1748009669630.0,47716.2,47736.2
1748009669965.0,47718.7,47738.7
1748009670231,,
1748009676123,,
1748009677041.0,47709.7,47729.7
1748009677140,,
1748009677625.0,47708.3,47728.3
1748009678069.0,47709.7,47729.7
1748009678716,,
1748009678818,,
1748009681421,,
1748009681622,,
1748009681815,,
1748009682102,,
1748009682317,,
1748009682617.0,47710.8,47730.8
1748009686015.0,47722.7,47742.7
1748009686259.0,47723.7,47743.7
1748009687312,,
1748009687612,,
1748009687869.0,47731.2,47751.2
1748009688068.0,47717.7,47737.7
1748009688454.0,47707.7,47727.7
1748009690024.0,47705.2,47725.2
1748009691011,,
1748009691211,,
1748009693176,,
1748009693376.0,47705.2,47725.2
1748009693755.0,47706.6,47726.6
1748009693857.0,47707.7,47727.7
1748009694297.0,47705.2,47725.2
1748009698299,,
1748009699627.0,47704.1,47724.1
1748009699926,,
1748009700828.0,47705.2,47725.2
1748009700928,,
1748009701151,,
1748009701253.0,47705.2,47725.2
1748009701698,,
1748009701965.0,47702.7,47722.7
1748009702184,,
1748009702302,,
1748009703552,,
1748009703652.0,47688.7,47708.7
1748009704113.0,47690.2,47710.2
1748009705578.0,47691.2,47711.2
1748009706872.0,47695.2,47715.2
1748009707170.0,47698.1,47718.1
1748009707470.0,47704.1,47724.1
1748009708858,,
1748009709404.0,47706.6,47726.6
1748009709999,,
1748009713381.0,47703.7,47723.7
1748009713839.0,47702.2,47722.2
1748009714140.0,47697.2,47717.2
1748009714503.0,47696.2,47716.2
1748009714878.0,47698.1,47718.1
1748009714979.0,47701.6,47721.6
1748009716046.0,47705.2,47725.2
1748009717506.0,47706.6,47726.6
1748009717636.0,47707.7,47727.7
1748009721431,,
1748009723655.0,47709.1,47729.1
1748009723755.0,47711.6,47731.6
1748009725577,,
1748009726290.0,47712.7,47732.7
1748009727332,,
1748009729972.0,47706.2,47726.2
1748009730091.0,47705.2,47725.2
1748009730730.0,47702.3,47722.3
1748009731323.0,47689.1,47709.1
1748009731674.0,47687.7,47707.7
1748009732596.0,47685.2,47705.2
1748009732696.0,47683.1,47703.1
1748009733952.0,47678.7,47698.7
1748009734515.0,47677.7,47697.7
1748009735835.0,47680.2,47700.2
1748009736325.0,47677.7,47697.7
1748009739596.0,47695.6,47715.6
1748009739697.0,47700.6,47720.6
1748009739961.0,47698.1,47718.1
1748009740061,,
1748009740445.0,47700.2,47720.2
1748009740546,,
1748009741901,,
1748009743333,,
1748009744141.0,47700.2,47720.2
1748009745434.0,47697.3,47717.3
1748009745534.0,47695.2,47715.2
1748009748194,,
1748009749616.0,47693.7,47713.7
1748009749718.0,47690.2,47710.2
1748009751251.0,47691.7,47711.7
1748009751351.0,47695.2,47715.2
1748009752757,,
1748009754880.0,47691.7,47711.7
1748009755179,,
1748009755933,,
1748009756034,,
1748009758303,,
1748009758561.0,47694.2,47714.2
1748009760741.0,47699.8,47719.8
1748009760840.0,47704.2,47724.2
1748009761089.0,47706.7,47726.7
1748009762108.0,47709.8,47729.8
1748009762207.0,47715.6,47735.6
1748009762562.0,47717.7,47737.7
1748009762662.0,47720.2,47740.2
1748009765774.0,47721.7,47741.7
1748009765872.0,47725.2,47745.2
1748009768208.0,47727.7,47747.7
1748009769203.0,47730.2,47750.2
1748009770771.0,47744.2,47764.2
1748009771371.0,47744.6,47764.6
1748009771653.0,47744.6,47764.6
1748009771853.0,47739.6,47759.6
1748009771953.0,47742.1,47762.1
1748009773785,,
1748009773884.0,47739.6,47759.6
1748009774274.0,47738.1,47758.1
1748009774453,,
1748009774773,,
1748009775090.0,47737.1,47757.1
1748009776061,,
1748009776392.0,47738.1,47758.1
1748009776491.0,47735.6,47755.6
1748009777947,,
1748009778242.0,47735.6,47755.6
1748009778528.0,47736.7,47756.7
1748009778629.0,47735.6,47755.6
1748009779687.0,47738.1,47758.1
1748009779887.0,47740.6,47760.6
1748009780187.0,47738.1,47758.1
1748009780940.0,47740.6,47760.6
1748009781040.0,47743.1,47763.1
1748009781596.0,47741.7,47761.7
1748009782121.0,47740.6,47760.6
1748009782999.0,47742.1,47762.1
1748009783289.0,47741.7,47761.7
1748009783487.0,47743.1,47763.1
1748009783698.0,47740.6,47760.6
1748009785817.0,47743.1,47763.1
1748009786025.0,47740.6,47760.6
1748009786225,,
1748009788067.0,47738.1,47758.1
1748009788264.0,47735.6,47755.6
1748009792698.0,47740.6,47760.6
1748009793130,,
1748009797295.0,47739.6,47759.6
1748009797394.0,47738.1,47758.1
1748009798889.0,47735.6,47755.6
1748009799092.0,47733.1,47753.1
1748009803175,,
1748009803450,,
1748009803550.0,47737.1,47757.1
1748009804565.0,47735.6,47755.6
1748009805795.0,47737.1,47757.1
1748009807156.0,47739.6,47759.6
1748009807256.0,47737.1,47757.1
1748009813625.0,47739.6,47759.6
1748009813824.0,47743.1,47763.1
1748009815467.0,47753.1,47773.1
1748009815721,,
1748009816303.0,47765.6,47785.6
1748009816404,,
1748009816640,,
1748009816840.0,47770.6,47790.6
1748009816941,,
1748009817261.0,47773.6,47793.6
1748009817581,,
1748009817829.0,47777.1,47797.1
1748009818129.0,47788.1,47808.1
1748009818429,,
1748009818530.0,47789.6,47809.6
1748009818913.0,47792.1,47812.1
1748009819013,,
1748009819215,,
1748009819415.0,47780.6,47800.6
1748009819741.0,47779.2,47799.2
1748009820025.0,47776.7,47796.7
1748009820225.0,47766.1,47786.1
1748009820325.0,47760.6,47780.6
1748009820798,,
1748009821042.0,47762.1,47782.1
1748009821243.0,47762.1,47782.1
1748009821499.0,47758.1,47778.1
1748009821940.0,47756.7,47776.7
1748009822121.0,47757.1,47777.1
1748009822420.0,47762.1,47782.1
1748009822547.0,47763.1,47783.1
1748009822748.0,47769.6,47789.6
1748009823394.0,47773.1,47793.1
1748009824027.0,47777.1,47797.1
1748009824281,,
1748009824482.0,47792.5,47812.5
1748009824882.0,47794.0,47814.0
1748009825363.0,47792.5,47812.5
1748009825563.0,47794.6,47814.6
1748009825863,,
1748009826429.0,47805.6,47825.6
1748009826629.0,47801.7,47821.7
1748009826728.0,47798.1,47818.1
1748009826927.0,47788.1,47808.1
1748009827482.0,47783.1,47803.1
1748009827950,,
1748009828151.0,47778.1,47798.1
1748009828566.0,47783.1,47803.1
1748009828816.0,47789.6,47809.6
1748009829016.0,47808.6,47828.6
1748009829316.0,47814.6,47834.6
1748009829417.0,47815.2,47835.2
1748009829616.0,47815.6,47835.6
1748009829817.0,47818.1,47838.1
1748009829916.0,47820.6,47840.6
1748009830017.0,47823.1,47843.1
1748009831164.0,47820.6,47840.6
1748009831460.0,47823.1,47843.1
1748009831636.0,47820.6,47840.6
1748009831885.0,47818.1,47838.1
1748009832235.0,47825.6,47845.6
1748009832435.0,47823.1,47843.1
1748009832599,,
1748009833291.0,47821.7,47841.7
1748009833390.0,47823.1,47843.1
1748009833489.0,47828.1,47848.1
1748009833844.0,47833.6,47853.6
1748009833945,,
1748009834364.0,47829.6,47849.6
1748009834564.0,47826.7,47846.7
1748009835133,,
1748009835370.0,47825.6,47845.6
1748009836208.0,47828.1,47848.1
1748009836479.0,47825.6,47845.6
1748009836680.0,47825.6,47845.6
1748009836942.0,47825.6,47845.6
1748009837853.0,47823.1,47843.1
1748009838165.0,47824.6,47844.6
1748009838254.0,47825.6,47845.6
1748009838453.0,47823.1,47843.1
1748009838915.0,47828.1,47848.1
1748009839227.0,47824.6,47844.6
1748009839418.0,47826.1,47846.1
1748009839618.0,47823.1,47843.1
1748009844263.0,47821.7,47841.7
1748009844363.0,47819.2,47839.2
1748009844767,,
1748009844955,,
1748009846445,,
1748009846544.0,47816.7,47836.7
1748009847116.0,47814.2,47834.2
1748009847216.0,47816.1,47836.1
1748009847318.0,47817.1,47837.1
1748009847755.0,47819.6,47839.6
1748009847855.0,47817.1,47837.1
1748009850124.0,47818.6,47838.6
1748009850432.0,47816.1,47836.1
1748009851498.0,47817.5,47837.5
1748009853848.0,47816.1,47836.1
1748009854346.0,47813.6,47833.6
1748009854852.0,47816.1,47836.1
1748009855457.0,47814.6,47834.6
1748009855557.0,47813.6,47833.6
1748009858442,,
1748009858540,,
1748009862637,,
1748009862937.0,47817.1,47837.1
1748009863933.0,47816.1,47836.1
1748009864234,,
1748009865114,,
1748009866116,,
1748009866215.0,47821.1,47841.1
1748009869748,,
1748009870630,,
1748009870729,,
1748009871125,,
1748009871226,,
1748009871326,,
1748009873284.0,47821.1,47841.1
1748009875176,,
1748009875281.0,47818.6,47838.6
1748009876760.0,47817.1,47837.1
1748009876960,,
1748009880431.0,47818.6,47838.6
1748009881197.0,47819.6,47839.6
1748009882398.0,47818.6,47838.6
1748009882497.0,47817.1,47837.1
1748009883141,,
1748009883241.0,47816.1,47836.1
1748009883640.0,47817.5,47837.5
1748009883739.0,47821.1,47841.1
1748009885505.0,47823.6,47843.6
1748009885607,,
1748009886156,,
1748009887417,,
1748009887605.0,47822.5,47842.5
1748009888264.0,47823.6,47843.6
1748009888947.0,47822.1,47842.1
1748009889329.0,47819.6,47839.6
1748009889867.0,47816.1,47836.1
1748009891091.0,47811.1,47831.1
1748009891713.0,47809.6,47829.6
1748009892021.0,47808.1,47828.1
1748009892121.0,47807.1,47827.1
1748009893994.0,47808.6,47828.6
1748009894356,,
1748009894458.0,47807.1,47827.1
1748009901680.0,47808.6,47828.6
1748009902322,,
1748009902422.0,47807.1,47827.1
1748009902884,,
1748009902984.0,47809.6,47829.6
1748009903674.0,47808.6,47828.6
1748009903773.0,47807.1,47827.1
1748009904156.0,47798.6,47818.6
1748009904530.0,47797.1,47817.1
1748009905002.0,47793.6,47813.6
1748009908169.0,47790.0,47810.0
1748009908267.0,47778.6,47798.6
1748009909286.0,47781.1,47801.1
1748009910599,,
1748009911857.0,47782.1,47802.1
1748009912320,,
1748009914534.0,47781.1,47801.1
1748009914635.0,47778.1,47798.1
1748009915020.0,47782.1,47802.1
1748009915549.0,47785.6,47805.6
1748009917619.0,47787.1,47807.1
1748009918046.0,47788.6,47808.6
1748009918308.0,47787.1,47807.1
1748009919904.0,47791.1,47811.1
1748009920004,,
1748009921940.0,47791.1,47811.1
1748009924762.0,47804.2,47824.2
1748009925119.0,47806.7,47826.7
1748009925290.0,47808.1,47828.1
1748009925391.0,47813.1,47833.1
1748009926570,,
1748009926851.0,47814.2,47834.2
1748009928189.0,47818.1,47838.1
1748009928289.0,47820.6,47840.6
1748009928946.0,47818.1,47838.1
1748009931131.0,47826.5,47846.5
1748009931431.0,47822.1,47842.1
1748009931930.0,47819.6,47839.6
1748009932394.0,47818.6,47838.6
1748009932923.0,47819.6,47839.6
1748009935113,,
1748009935861.0,47816.1,47836.1
1748009936925.0,47818.6,47838.6
1748009938556.0,47820.0,47840.0
1748009938655.0,47821.1,47841.1
1748009941369,,
1748009941974.0,47818.6,47838.6
1748009943027,,
1748009943124.0,47823.6,47843.6
1748009943525,,
1748009943908.0,47821.1,47841.1
1748009944017,,
1748009946475.0,47819.6,47839.6
1748009946775.0,47809.0,47829.0
1748009948164,,
1748009948523.0,47811.5,47831.5
1748009949207.0,47811.1,47831.1
1748009949340,,
1748009951912,,
1748009952350,,
1748009958524,,
1748009958722.0,47817.5,47837.5
1748009958823.0,47821.1,47841.1
1748009958923.0,47826.1,47846.1
1748009959128.0,47828.6,47848.6
1748009959229.0,47831.1,47851.1
1748009960366.0,47836.1,47856.1
1748009960670,,
1748009961101.0,47846.1,47866.1
1748009961924,,
1748009962024.0,47847.5,47867.5
1748009962334.0,47846.1,47866.1
1748009962743.0,47848.6,47868.6
1748009963334.0,47856.1,47876.1
1748009963634.0,47857.5,47877.5
1748009963835.0,47856.1,47876.1
1748009965227.0,47861.1,47881.1
1748009966328.0,47856.1,47876.1
1748009966722,,
1748009967466.0,47853.6,47873.6
1748009967899,,
1748009968000.0,47856.1,47876.1
1748009968685.0,47854.6,47874.6
1748009968783.0,47851.1,47871.1
1748009969186.0,47853.6,47873.6
1748009971587.0,47856.1,47876.1
1748009974270,,
1748009974982.0,47854.6,47874.6
1748009975314.0,47852.1,47872.1
1748009976404.0,47848.6,47868.6
1748009977925.0,47846.5,47866.5
1748009978024.0,47841.1,47861.1
1748009979779,,
1748009981718.0,47842.5,47862.5
1748009981817.0,47851.5,47871.5
1748009982291.0,47851.1,47871.1
1748009982492.0,47848.6,47868.6
1748009983164.0,47846.1,47866.1
1748009983462.0,47841.1,47861.1
1748009983825.0,47841.1,47861.1
1748009986140.0,47845.0,47865.0
1748009987333.0,47842.5,47862.5
1748009988350.0,47839.6,47859.6
1748009988446.0,47828.6,47848.6
1748009990602.0,47826.1,47846.1
1748009994386.0,47824.6,47844.6
1748009994988.0,47823.6,47843.6
1748009995090.0,47821.1,47841.1
1748009996352.0,47821.1,47841.1
1748010000273.0,47822.5,47842.5
1748010000374.0,47828.0,47848.0
1748010000877.0,47830.0,47850.0
1748010001640.0,47831.1,47851.1
1748010003115,,
1748010004125,,
1748010004640.0,47834.6,47854.6
1748010005446.0,47833.6,47853.6
1748010005545.0,47831.1,47851.1
1748010007728,,
1748010008944.0,47830.0,47850.0
1748010009539.0,47831.1,47851.1
1748010011974.0,47834.0,47854.0
1748010013032.0,47836.1,47856.1
1748010013379,,
1748010013991.0,47841.1,47861.1
1748010014579,,
1748010016206.0,47838.6,47858.6
1748010023401.0,47843.6,47863.6
1748010024228.0,47848.6,47868.6
1748010024327.0,47851.1,47871.1
1748010024814,,
1748010026054,,
1748010026384.0,47854.6,47874.6
1748010026483,,
1748010028028.0,47852.1,47872.1
1748010028357.0,47854.6,47874.6
1748010031010.0,47860.0,47880.0
1748010033498.0,47861.5,47881.5
1748010034713,,
1748010034940.0,47866.1,47886.1
1748010035042.0,47869.6,47889.6
1748010035643.0,47869.6,47889.6
1748010035962.0,47868.6,47888.6
1748010036381.0,47869.6,47889.6
1748010037543,,
1748010038662,,
1748010038862.0,47871.1,47891.1
1748010040201,,
1748010040300.0,47872.1,47892.1
1748010042127.0,47871.1,47891.1
1748010042227.0,47873.6,47893.6
1748010045064,,
1748010045264.0,47876.1,47896.1
1748010045364.0,47880.0,47900.0
1748010045690,,
1748010046832.0,47882.5,47902.5
1748010048527.0,47902.5,47922.5
1748010048726,,
1748010049287.0,47906.1,47926.1
1748010050332.0,47904.6,47924.6
1748010050431.0,47901.1,47921.1
1748010050656.0,47895.6,47915.6
1748010050759.0,47893.6,47913.6
1748010053079.0,47892.5,47912.5
1748010053280.0,47890.0,47910.0
1748010053570.0,47886.1,47906.1
1748010054635,,
1748010055247.0,47884.6,47904.6
1748010055345.0,47881.1,47901.1
1748010059015.0,47878.6,47898.6
1748010059404,,
1748010059841,,
1748010060144.0,47886.1,47906.1
1748010060424,,
1748010061016.0,47896.5,47916.5
1748010061117.0,47898.6,47918.6
1748010061477.0,47905.6,47925.6
1748010063925.0,47910.0,47930.0
1748010064224.0,47916.1,47936.1
1748010064765,,
1748010064965.0,47918.6,47938.6
1748010065065.0,47913.6,47933.6
1748010065266,,
1748010065365.0,47913.6,47933.6
1748010066884.0,47904.6,47924.6
1748010067089.0,47893.6,47913.6
1748010071572,,
1748010072772.0,47891.1,47911.1
1748010074259,,
1748010075121,,
1748010075222.0,47889.6,47909.6
1748010077546.0,47891.1,47911.1
1748010078276.0,47893.6,47913.6
1748010079166.0,47896.1,47916.1
1748010079267.0,47893.6,47913.6
1748010081533.0,47903.6,47923.6
1748010083175.0,47913.6,47933.6
1748010083499.0,47918.6,47938.6
1748010084959.0,47917.1,47937.1
1748010085060.0,47916.1,47936.1
1748010085413,,
1748010087560.0,47917.1,47937.1
1748010088071.0,47916.1,47936.1
1748010088650.0,47914.6,47934.6
1748010088750.0,47913.6,47933.6
1748010089956.0,47916.1,47936.1
1748010090184.0,47913.6,47933.6
1748010090645.0,47912.5,47932.5
1748010090859.0,47913.6,47933.6
1748010091062,,
1748010093723.0,47921.1,47941.1
1748010094002.0,47918.2,47938.2
1748010095046.0,47916.1,47936.1
1748010095578.0,47913.6,47933.6
1748010096170.0,47903.2,47923.2
1748010096370.0,47894.6,47914.6
1748010096572,,
1748010097497,,
1748010097801.0,47893.2,47913.2
1748010098002.0,47869.2,47889.2
1748010098103.0,47865.7,47885.7
1748010098515,,
1748010098795,,
1748010098998,,
1748010099562.0,47863.6,47883.6
1748010100159.0,47861.1,47881.1
1748010100360.0,47860.1,47880.1
1748010100459.0,47861.1,47881.1
1748010102264.0,47858.6,47878.6
1748010102363.0,47854.0,47874.0
1748010102819.0,47852.6,47872.6
1748010102925.0,47841.1,47861.1
1748010105640.0,47838.6,47858.6
1748010106509,,
1748010107032.0,47841.1,47861.1
1748010108023.0,47843.6,47863.6
1748010108886.0,47846.1,47866.1
1748010108988.0,47847.1,47867.1
1748010110036.0,47857.6,47877.6
1748010111369.0,47859.6,47879.6
1748010111468.0,47866.1,47886.1
1748010112398.0,47867.6,47887.6
1748010112497.0,47871.1,47891.1
1748010113474.0,47874.0,47894.0
1748010115385.0,47873.6,47893.6
1748010116883.0,47876.5,47896.5
1748010116983.0,47877.6,47897.6
1748010117253.0,47876.1,47896.1
1748010117846.0,47877.6,47897.6
1748010118596.0,47878.6,47898.6
1748010119024.0,47876.1,47896.1
1748010119904.0,47874.6,47894.6
1748010120012.0,47876.1,47896.1
1748010120334.0,47880.1,47900.1
1748010120435.0,47876.1,47896.1
1748010121126,,
1748010121491.0,47878.6,47898.6
1748010121593.0,47881.1,47901.1
1748010122200,,
1748010122393,,
1748010122895.0,47877.6,47897.6
1748010123382.0,47879.6,47899.6
1748010123843.0,47884.0,47904.0
1748010124043.0,47887.6,47907.6
1748010125365.0,47889.6,47909.6
1748010127231.0,47891.1,47911.1
1748010127579.0,47895.1,47915.1
1748010127828.0,47898.6,47918.6
1748010128329,,
1748010128430.0,47903.6,47923.6
1748010129126.0,47905.1,47925.1
1748010129226.0,47908.6,47928.6
1748010129483.0,47911.1,47931.1
1748010132798.0,47912.6,47932.6
1748010133873,,
1748010134226,,
1748010134326,,
1748010134805,,
1748010135521.0,47908.2,47928.2
1748010136723.0,47906.1,47926.1
1748010138200.0,47904.6,47924.6
1748010138301.0,47903.6,47923.6
1748010139525,,
1748010140535,,
1748010141167.0,47901.1,47921.1
1748010141666.0,47902.1,47922.1
1748010143389.0,47903.6,47923.6
1748010143590.0,47901.1,47921.1
1748010143928.0,47903.6,47923.6
1748010144944.0,47902.1,47922.1
1748010145411.0,47901.1,47921.1
1748010145510.0,47903.6,47923.6
1748010145840.0,47902.1,47922.1
1748010148193.0,47901.1,47921.1
1748010149933.0,47902.6,47922.6
1748010150032.0,47903.6,47923.6
1748010150746,,
1748010150844.0,47906.5,47926.5
1748010151128,,
1748010151365.0,47908.0,47928.0
1748010151643.0,47911.5,47931.5
1748010151935.0,47911.1,47931.1
1748010152681,,
1748010153547.0,47907.1,47927.1
1748010154170.0,47908.6,47928.6
1748010154562.0,47907.1,47927.1
1748010156107.0,47906.1,47926.1
1748010156755,,
1748010158656,,
1748010159208.0,47904.6,47924.6
1748010159309.0,47903.6,47923.6
1748010159695.0,47902.1,47922.1
1748010159796.0,47903.6,47923.6
1748010160304.0,47901.1,47921.1
1748010160406.0,47903.6,47923.6
1748010160849.0,47904.6,47924.6
1748010166531.0,47908.6,47928.6
1748010170636,,
1748010171640.0,47906.1,47926.1
1748010172448.0,47903.6,47923.6
1748010174410.0,47901.1,47921.1
1748010179375.0,47899.6,47919.6
1748010179672.0,47898.2,47918.2
1748010180022.0,47897.1,47917.1
1748010180134.0,47898.6,47918.6
1748010180391,,
1748010181276,,
1748010182269.0,47898.6,47918.6
1748010182999,,
1748010185574,,
1748010185842,,
1748010185939.0,47903.6,47923.6
1748010186965.0,47907.1,47927.1
1748010187580.0,47908.6,47928.6
1748010190869,,
1748010191327,,
1748010192602.0,47916.1,47936.1
1748010194073.0,47924.6,47944.6
1748010194377.0,47935.1,47955.1
1748010194569.0,47941.1,47961.1
1748010195086,,
1748010195898.0,47942.1,47962.1
1748010196075.0,47941.1,47961.1
1748010197128,,
1748010197731.0,47938.6,47958.6
1748010198132.0,47936.1,47956.1
1748010198233.0,47941.1,47961.1
1748010198658,,
1748010198759.0,47943.6,47963.6
1748010199134.0,47948.6,47968.6
1748010199234.0,47949.6,47969.6
1748010199544.0,47948.6,47968.6
1748010200395.0,47947.1,47967.1
1748010201027.0,47944.6,47964.6
1748010201126.0,47943.6,47963.6
1748010201383.0,47941.1,47961.1
1748010202274.0,47940.1,47960.1
1748010202400,,
1748010202500.0,47942.6,47962.6
1748010204216.0,47945.1,47965.1
1748010204315.0,47948.6,47968.6
1748010204798.0,47951.1,47971.1
1748010204999,,
1748010206866.0,47951.1,47971.1
1748010207414.0,47952.6,47972.6
1748010207614.0,47952.1,47972.1
1748010207960.0,47953.6,47973.6
1748010208689.0,47951.1,47971.1
1748010209632.0,47953.6,47973.6
1748010212711.0,47956.1,47976.1
1748010213280,,
1748010213380.0,47959.0,47979.0
1748010213794.0,47961.1,47981.1
1748010213955,,
1748010215004.0,47958.6,47978.6
1748010215900.0,47958.6,47978.6
1748010219260.0,47961.1,47981.1
1748010220610.0,47956.1,47976.1
1748010221856,,
1748010222277.0,47954.6,47974.6
1748010222377.0,47953.6,47973.6
1748010223311.0,47954.6,47974.6
1748010223412.0,47956.1,47976.1
1748010226352.0,47958.6,47978.6
1748010227372,,
1748010228153,,
1748010228640.0,47970.1,47990.1
1748010230054.0,47972.6,47992.6
1748010230154.0,47974.0,47994.0
1748010230579.0,47972.6,47992.6
1748010231034.0,47971.5,47991.5
1748010231282.0,47975.5,47995.5
1748010235065.0,47983.6,48003.6
1748010235164,,
1748010235822,,
1748010240138.0,47981.1,48001.1
1748010240369.0,47982.6,48002.6
1748010240655.0,47983.6,48003.6
1748010241189.0,47986.5,48006.5
1748010241486,,
1748010241688.0,47991.1,48011.1
1748010242211,,
1748010242530.0,47990.1,48010.1
1748010242631.0,47991.1,48011.1
1748010242849.0,47987.1,48007.1
1748010243049,,
1748010243383.0,47990.1,48010.1
1748010243482.0,47991.1,48011.1
1748010244363.0,47987.1,48007.1
1748010244464.0,47988.6,48008.6
1748010245671.0,47992.1,48012.1
1748010245771.0,47992.6,48012.6
1748010246075,,
1748010246479.0,47984.6,48004.6
1748010246583.0,47981.1,48001.1
1748010248033.0,47983.6,48003.6
1748010248229.0,47981.1,48001.1
1748010249735.0,47985.1,48005.1
1748010250988.0,47983.2,48003.2
1748010251086.0,47981.1,48001.1
1748010253055.0,47983.6,48003.6
1748010255147.0,47985.1,48005.1
1748010255848.0,47986.1,48006.1
1748010256130,,
1748010257750.0,47991.1,48011.1
1748010257971,,
1748010258188.0,47994.6,48014.6
1748010258290.0,47993.6,48013.6
1748010258587,,
1748010259535.0,47994.6,48014.6
1748010259636,,
1748010261389,,
1748010261589.0,47996.1,48016.1
1748010263893.0,47991.1,48011.1
1748010263995.0,47996.1,48016.1
1748010265144,,
1748010265246.0,47993.6,48013.6
1748010265453.0,47994.6,48014.6
1748010265551.0,47996.1,48016.1
1748010266796.0,47993.6,48013.6
1748010266895.0,47996.1,48016.1
1748010267322.0,48008.6,48028.6
1748010267521.0,48026.1,48046.1
1748010267722.0,48020.7,48040.7
1748010268107.0,48018.6,48038.6
1748010268341.0,48020.1,48040.1
1748010268921.0,48031.1,48051.1
1748010269021.0,48027.1,48047.1
1748010269701.0,48027.6,48047.6
1748010270237.0,48026.1,48046.1
1748010271608,,
1748010271719,,
1748010272297,,
1748010272609.0,48024.6,48044.6
1748010272902.0,48016.7,48036.7
1748010273154.0,48014.2,48034.2
1748010273383.0,48009.6,48029.6
1748010274241.0,48008.6,48028.6
1748010274452.0,48011.1,48031.1
1748010278352,,
1748010278758,,
1748010279779,,
1748010279981.0,48001.1,48021.1
1748010280892.0,47997.1,48017.1
1748010280993.0,47998.6,48018.6
1748010282319.0,47996.1,48016.1
1748010282597.0,47989.2,48009.2
1748010282953.0,47987.1,48007.1
1748010283052,,
1748010283350.0,47986.1,48006.1
1748010283856,,
1748010285036.0,47981.1,48001.1
1748010285180,,
1748010286926,,
1748010287200.0,47980.1,48000.1
1748010287391.0,47977.6,47997.6
1748010287811.0,47976.1,47996.1
1748010288397.0,47973.6,47993.6
1748010288830.0,47972.1,47992.1
1748010289029.0,47966.1,47986.1
1748010290067.0,47963.6,47983.6
1748010290720,,
1748010291166.0,47962.1,47982.1
1748010291569.0,47963.6,47983.6
1748010291980.0,47966.1,47986.1
1748010292809,,
1748010297358.0,47967.6,47987.6
1748010297456.0,47975.1,47995.1
1748010299240.0,47979.0,47999.0
1748010299748.0,47980.1,48000.1
1748010300301,,
1748010300403.0,47978.6,47998.6
1748010301384,,
1748010302120.0,47981.1,48001.1
1748010302840,,
1748010303633.0,47991.1,48011.1
1748010306201,,
1748010307405,,
1748010308290.0,47993.6,48013.6
1748010308390.0,47991.1,48011.1
1748010309095.0,47986.1,48006.1
1748010310644,,
1748010310744.0,47983.2,48003.2
1748010310944,,
1748010311777.0,47978.6,47998.6
1748010312926.0,47976.1,47996.1
1748010316004.0,47981.1,48001.1
1748010318912,,
1748010319559.0,47978.2,47998.2
1748010319660.0,47976.1,47996.1
1748010322732.0,47974.6,47994.6
1748010322832.0,47973.6,47993.6
1748010323167.0,47970.7,47990.7
1748010323267.0,47967.1,47987.1
1748010324036.0,47966.1,47986.1
1748010324143,,
1748010324447.0,47963.6,47983.6
1748010327513,,
1748010330270.0,47961.1,47981.1
1748010331170.0,47959.6,47979.6
1748010331268.0,47958.6,47978.6
1748010331603.0,47959.6,47979.6
1748010332244.0,47956.7,47976.7
1748010332344.0,47961.1,47981.1
1748010333382.0,47957.1,47977.1
1748010334230.0,47949.6,47969.6
1748010335342,,
1748010343529.0,47948.6,47968.6
1748010343929,,
1748010344128.0,47948.6,47968.6
1748010345002.0,47946.1,47966.1
1748010345470.0,47947.6,47967.6
1748010346374.0,47946.1,47966.1
1748010348872.0,47948.6,47968.6
1748010350254.0,47950.1,47970.1
1748010351068.0,47947.6,47967.6
1748010351652.0,47949.0,47969.0
1748010352572.0,47950.1,47970.1
1748010352902.0,47946.1,47966.1
1748010354088,,
1748010356095.0,47948.6,47968.6
1748010356294.0,47951.1,47971.1
1748010356641,,
1748010356941.0,47962.6,47982.6
1748010357069.0,47967.6,47987.6
1748010357271.0,47972.1,47992.1
1748010357370.0,47975.1,47995.1
1748010357725.0,47976.1,47996.1
1748010357825.0,47974.6,47994.6
1748010358042,,
1748010358142.0,47976.1,47996.1
1748010359353.0,47977.6,47997.6
1748010360301.0,47976.1,47996.1
1748010360400.0,47973.6,47993.6
1748010361526.0,47976.1,47996.1
1748010365273.0,47973.6,47993.6
1748010366973.0,47976.1,47996.1
1748010368983.0,47971.1,47991.1
1748010370947.0,47962.0,47982.0
1748010371134.0,47960.5,47980.5
1748010372155.0,47960.1,47980.1
1748010375364.0,47956.1,47976.1
1748010376243.0,47953.6,47973.6
1748010376541.0,47950.7,47970.7
1748010376675.0,47949.6,47969.6
1748010378281.0,47947.1,47967.1
1748010379481.0,47946.1,47966.1
1748010379850,,
1748010382408,,
1748010382578,,
1748010382779.0,47939.0,47959.0
1748010384733.0,47941.5,47961.5
1748010384976,,
1748010385175.0,47932.1,47952.1
1748010385395.0,47931.1,47951.1
1748010386184.0,47930.1,47950.1
1748010386424.0,47928.6,47948.6
1748010386586.0,47927.6,47947.6
1748010386686.0,47926.1,47946.1
1748010387276.0,47921.1,47941.1
1748010387691.0,47918.6,47938.6
1748010388807,,
1748010390117.0,47922.1,47942.1
1748010390310.0,47923.6,47943.6
1748010391058.0,47926.1,47946.1
1748010393553,,
1748010396479,,
1748010396580.0,47922.1,47942.1
1748010396680.0,47920.7,47940.7
1748010396851.0,47919.2,47939.2
1748010396951.0,47918.2,47938.2
1748010398113.0,47918.2,47938.2
1748010398879.0,47917.1,47937.1
1748010398979.0,47918.6,47938.6
1748010399457.0,47926.5,47946.5
1748010399669.0,47930.7,47950.7
1748010399770.0,47935.1,47955.1
1748010400140.0,47936.1,47956.1
1748010400775,,
1748010401159,,
1748010402916.0,47925.7,47945.7
1748010403115.0,47926.1,47946.1
1748010405611.0,47928.6,47948.6
1748010405962.0,47926.1,47946.1
1748010406241.0,47929.6,47949.6
1748010407152.0,47934.0,47954.0
1748010407252.0,47935.1,47955.1
1748010407625.0,47937.6,47957.6
1748010408287.0,47939.0,47959.0
1748010411710.0,47943.6,47963.6
1748010411809.0,47951.1,47971.1
1748010412951,,
1748010413313.0,47953.6,47973.6
1748010413516.0,47955.1,47975.1
1748010414388.0,47957.6,47977.6
1748010414653.0,47962.6,47982.6
1748010414753.0,47968.6,47988.6
1748010415882.0,47967.1,47987.1
1748010416398.0,47956.1,47976.1
1748010417183,,
1748010417583.0,47953.6,47973.6
1748010420421.0,47956.1,47976.1
1748010420970.0,47957.6,47977.6
1748010421284.0,47956.1,47976.1
1748010421384.0,47955.1,47975.1
1748010423655.0,47958.6,47978.6
1748010424275.0,47961.1,47981.1
1748010425336.0,47962.6,47982.6
1748010425740.0,47961.1,47981.1
1748010427395.0,47953.6,47973.6
1748010427595.0,47948.6,47968.6
1748010428227.0,47951.1,47971.1
1748010428328.0,47954.0,47974.0
1748010430140.0,47956.1,47976.1
1748010430583,,
1748010430803.0,47957.6,47977.6
1748010431091.0,47961.1,47981.1
1748010431290.0,47966.1,47986.1
1748010433754.0,47971.1,47991.1
1748010434354,,
1748010434597,,
1748010437112.0,47972.6,47992.6
1748010437434,,
1748010439786.0,47973.6,47993.6
1748010440452.0,47976.1,47996.1
1748010441072.0,47980.1,48000.1
1748010441735.0,47982.6,48002.6
1748010442521.0,47984.0,48004.0
1748010442721.0,47987.6,48007.6
1748010442963.0,47988.6,48008.6
1748010443392.0,47991.1,48011.1
1748010444118,,
1748010444360.0,47988.6,48008.6
1748010444717.0,47985.1,48005.1
1748010444817.0,47981.1,48001.1
1748010446430,,
1748010446834,,
1748010446933.0,47982.6,48002.6
1748010447173.0,47984.7,48004.7
1748010451290.0,47983.6,48003.6
1748010451533.0,47981.1,48001.1
1748010452182,,
1748010452281.0,47977.2,47997.2
1748010453246.0,47976.1,47996.1
1748010453588,,
1748010454031.0,47973.6,47993.6
1748010454440.0,47972.2,47992.2
1748010458253.0,47972.2,47992.2
1748010458638.0,47973.2,47993.2
1748010458840.0,47976.1,47996.1
1748010459325.0,47977.2,47997.2
1748010459424.0,47978.6,47998.6
1748010460347.0,47981.1,48001.1
1748010460656.0,47978.6,47998.6
1748010462053.0,47977.2,47997.2
1748010462155.0,47976.1,47996.1
1748010463142.0,47974.7,47994.7
1748010464410.0,47973.6,47993.6
1748010465657,,
1748010466272.0,47977.6,47997.6
1748010466373.0,47981.1,48001.1
1748010466779.0,47982.6,48002.6
1748010466879.0,47983.6,48003.6
1748010466980,,
1748010467425.0,47981.1,48001.1
1748010468144.0,47986.1,48006.1
1748010471900.0,47983.6,48003.6
1748010473728.0,47982.2,48002.2
1748010473819.0,47976.1,47996.1
1748010474152.0,47972.2,47992.2
1748010474415.0,47970.7,47990.7
1748010475381.0,47966.1,47986.1
1748010475481.0,47963.6,47983.6
1748010475741.0,47962.2,47982.2
1748010476632.0,47961.1,47981.1
1748010476965.0,47961.1,47981.1
1748010480169.0,47958.6,47978.6
1748010480271.0,47960.1,47980.1
1748010480454.0,47961.1,47981.1
1748010483039.0,47954.7,47974.7
1748010483941.0,47951.6,47971.6
1748010484036.0,47947.6,47967.6
1748010485628.0,47945.1,47965.1
1748010486245.0,47942.6,47962.6
1748010486736.0,47937.2,47957.2
1748010490068.0,47934.7,47954.7
1748010490240.0,47933.2,47953.2
1748010490341.0,47932.2,47952.2
1748010490979.0,47931.1,47951.1
1748010492601.0,47940.1,47960.1
1748010492994.0,47941.1,47961.1
1748010495719,,
1748010495920.0,47939.7,47959.7
1748010496120.0,47940.7,47960.7
1748010497392.0,47945.3,47965.3
1748010498149.0,47946.7,47966.7
1748010501756.0,47949.2,47969.2
1748010501955.0,47958.2,47978.2
1748010502970.0,47955.7,47975.7
1748010503395.0,47953.2,47973.2
1748010503851.0,47950.7,47970.7
1748010505496.0,47949.2,47969.2
1748010505598.0,47948.2,47968.2
1748010510008.0,47947.2,47967.2
1748010510137.0,47945.7,47965.7
1748010511201.0,47937.3,47957.3
1748010512181,,
1748010512821.0,47935.9,47955.9
1748010513391,,
1748010516166.0,47930.0,47950.0
1748010516978.0,47927.1,47947.1
1748010517077.0,47921.9,47941.9
1748010517278.0,47917.8,47937.8
1748010517610.0,47918.2,47938.2
1748010518215,,
1748010519089,,
1748010519188,,
1748010519598,,
1748010519698,,
1748010520077,,
1748010520376,,
1748010520478.0,47920.7,47940.7
1748010521118.0,47928.2,47948.2
1748010521217,,
1748010521591.0,47930.7,47950.7
1748010523539,,
1748010523641,,
1748010524010.0,47933.2,47953.2
1748010524340.0,47937.2,47957.2
1748010524886.0,47938.2,47958.2
1748010524986.0,47940.7,47960.7
1748010525474.0,47938.2,47958.2
1748010526093.0,47940.7,47960.7
1748010527591.0,47943.2,47963.2
1748010528335,,
1748010529385.0,47938.2,47958.2
1748010530071.0,47940.7,47960.7
1748010530929.0,47938.2,47958.2
1748010531302,,
1748010531603.0,47933.2,47953.2
1748010532313.0,47934.7,47954.7
1748010533996.0,47937.8,47957.8
1748010534096.0,47940.7,47960.7
1748010534535.0,47943.2,47963.2
1748010535100,,
1748010536082,,
1748010537280.0,47941.7,47961.7
1748010537889.0,47942.8,47962.8
1748010538499.0,47949.7,47969.7
1748010539401.0,47950.7,47970.7
1748010540371.0,47954.2,47974.2
1748010540971.0,47958.2,47978.2
1748010542334.0,47960.7,47980.7
1748010543501.0,47959.2,47979.2
1748010543801.0,47953.2,47973.2
1748010543902.0,47951.7,47971.7
1748010544547.0,47950.7,47970.7
1748010546998.0,47942.8,47962.8
1748010547484.0,47938.2,47958.2
1748010548909.0,47940.7,47960.7
1748010549885,,
1748010549986.0,47934.2,47954.2
1748010550460,,
1748010551120,,
1748010551743,,
1748010551842,,
1748010552393,,
1748010553396,,
1748010555727.0,47926.3,47946.3
1748010555924.0,47925.3,47945.3
1748010557590.0,47923.8,47943.8
1748010560293.0,47917.2,47937.2
1748010560393.0,47916.1,47936.1
1748010561565,,
1748010562554.0,47918.6,47938.6
1748010562964.0,47917.2,47937.2
1748010563485.0,47918.6,47938.6
1748010564882.0,47920.1,47940.1
1748010570417.0,47917.2,47937.2
1748010570525.0,47915.1,47935.1
1748010571528,,
1748010571729.0,47911.1,47931.1
1748010571829.0,47910.1,47930.1
1748010573831.0,47908.6,47928.6
1748010574146.0,47908.6,47928.6
1748010574247.0,47906.1,47926.1
1748010576986.0,47907.6,47927.6
1748010577156.0,47908.6,47928.6
1748010578596.0,47911.1,47931.1
1748010578892.0,47913.6,47933.6
1748010580202.0,47911.1,47931.1
1748010581202.0,47914.7,47934.7
1748010581580.0,47913.6,47933.6
1748010585147.0,47911.1,47931.1
1748010586136,,
1748010588269.0,47909.7,47929.7
1748010588469.0,47911.1,47931.1
1748010593388.0,47908.6,47928.6
1748010595115.0,47911.1,47931.1
1748010595881.0,47908.6,47928.6
1748010600211.0,47911.1,47931.1
1748010600527.0,47913.6,47933.6
1748010600626.0,47912.6,47932.6
1748010600826.0,47911.1,47931.1
1748010601025.0,47902.2,47922.2
1748010601256.0,47902.6,47922.6
1748010601455,,
1748010601687.0,47907.2,47927.2
1748010601986,,
1748010602165.0,47908.6,47928.6
1748010602588,,
1748010603435.0,47901.1,47921.1
1748010603671.0,47906.1,47926.1
1748010604529.0,47908.6,47928.6
1748010604742,,
1748010604842,,
1748010606859.0,47911.1,47931.1
1748010607096.0,47912.6,47932.6
1748010607196.0,47913.6,47933.6
1748010608465.0,47915.1,47935.1
1748010610123.0,47918.0,47938.0
1748010610406.0,47916.6,47936.6
1748010610939.0,47919.1,47939.1
1748010611156,,
1748010614395,,
1748010615523,,
1748010616656,,
1748010620099,,
1748010620723.0,47920.5,47940.5
1748010620824.0,47940.1,47960.1
1748010621036.0,47942.6,47962.6
1748010621135.0,47940.7,47960.7
1748010621437.0,47937.2,47957.2
1748010628422,,
1748010628667.0,47934.7,47954.7
1748010628867.0,47928.2,47948.2
1748010629013.0,47925.7,47945.7
1748010629321.0,47924.7,47944.7
1748010630018.0,47923.6,47943.6
1748010630453.0,47914.7,47934.7
1748010630762.0,47913.2,47933.2
1748010631149.0,47912.2,47932.2
1748010631654.0,47913.6,47933.6
1748010632457.0,47912.2,47932.2
1748010632559.0,47911.1,47931.1
1748010634806.0,47908.6,47928.6
1748010635527,,
1748010636711,,
1748010636944.0,47911.1,47931.1
1748010641846,,
1748010643324.0,47913.6,47933.6
1748010643853.0,47915.1,47935.1
1748010643946.0,47916.1,47936.1
1748010648019.0,47913.6,47933.6
1748010649587.0,47916.1,47936.1
1748010655655,,
1748010656444,,
1748010658481.0,47917.6,47937.6
1748010659325.0,47918.6,47938.6
1748010659425.0,47920.1,47940.1
1748010659895.0,47926.1,47946.1
1748010660141.0,47924.7,47944.7
1748010660233.0,47923.6,47943.6
1748010660591.0,47926.1,47946.1
1748010660695,,
1748010660897.0,47927.6,47947.6
1748010661001.0,47931.1,47951.1
1748010662177.0,47933.2,47953.2
1748010662278.0,47936.1,47956.1
1748010663733.0,47941.1,47961.1
1748010664300.0,47946.1,47966.1
1748010664399,,
1748010664499.0,47948.6,47968.6
1748010665399.0,47954.7,47974.7
1748010665678.0,47954.7,47974.7
1748010665780.0,47953.6,47973.6
1748010669183.0,47954.7,47974.7
1748010671860.0,47953.6,47973.6
1748010674041.0,47948.6,47968.6
1748010674240.0,47951.1,47971.1
1748010675767.0,47948.6,47968.6
1748010677123.0,47950.1,47970.1
1748010677341.0,47948.6,47968.6
1748010677440.0,47947.2,47967.2
1748010677540.0,47948.6,47968.6
1748010678140.0,47941.1,47961.1
1748010679785,,
1748010679883.0,47943.6,47963.6
1748010680214,,
1748010680850.0,47946.6,47966.6
1748010681639.0,47949.1,47969.1
1748010684401.0,47950.5,47970.5
1748010686389.0,47953.0,47973.0
1748010690629,,
1748010690918.0,47967.6,47987.6
1748010691121.0,47976.1,47996.1
1748010691743,,
1748010691843,,
1748010693629.0,47978.6,47998.6
1748010693917.0,47973.6,47993.6
1748010695802.0,47971.1,47991.1
1748010696002.0,47966.1,47986.1
1748010696102.0,47965.1,47985.1
1748010696531,,
1748010696632.0,47956.6,47976.6
1748010698909.0,47954.1,47974.1
1748010700043.0,47948.6,47968.6
1748010700276,,
1748010700576,,
1748010700812,,
1748010701191,,
1748010701905.0,47936.1,47956.1
1748010703164.0,47938.6,47958.6
1748010705417,,
1748010706117.0,47937.2,47957.2
1748010706321.0,47937.6,47957.6
1748010707909.0,47938.6,47958.6
1748010708252.0,47936.1,47956.1
1748010709878.0,47933.6,47953.6
1748010711220.0,47928.6,47948.6
1748010711348.0,47926.1,47946.1
1748010712290.0,47927.6,47947.6
1748010712389.0,47928.6,47948.6
1748010713459,,
1748010714328,,
1748010715283,,
1748010715696.0,47927.2,47947.2
1748010715971.0,47926.1,47946.1
1748010716649.0,47928.6,47948.6
1748010717011.0,47926.1,47946.1
1748010719395.0,47925.1,47945.1
1748010719719.0,47926.1,47946.1
1748010720131.0,47920.3,47940.3
1748010720298.0,47915.7,47935.7
1748010720397.0,47917.2,47937.2
1748010720639.0,47918.6,47938.6
1748010720945.0,47920.1,47940.1
1748010721284.0,47931.6,47951.6
1748010721572.0,47932.6,47952.6
1748010722936.0,47943.6,47963.6
1748010723398.0,47946.1,47966.1
1748010724657,,
1748010726661.0,47947.2,47967.2
1748010726762.0,47946.1,47966.1
1748010726960,,
1748010727980,,
1748010728118.0,47951.1,47971.1
1748010728731.0,47953.6,47973.6
1748010728831.0,47957.6,47977.6
1748010729031,,
1748010729766.0,47961.1,47981.1
1748010730018,,
1748010730478,,
1748010731418,,
1748010731519,,
1748010731942.0,47959.7,47979.7
1748010732463.0,47956.1,47976.1
1748010733092,,
1748010734114,,
1748010734808,,
1748010735144,,
1748010735761,,
1748010736524.0,47958.6,47978.6
1748010737417,,
1748010738400,,
1748010739420,,
1748010739620.0,47961.1,47981.1
1748010739954.0,47963.6,47983.6
1748010740437,,
1748010744440.0,47967.6,47987.6
1748010744540.0,47968.6,47988.6
1748010745314,,
1748010747466.0,47966.1,47986.1
1748010750825.0,47967.6,47987.6
1748010750979.0,47971.1,47991.1
1748010751227,,
1748010755747.0,47972.6,47992.6
1748010757361,,
1748010759689.0,47971.1,47991.1
1748010759788.0,47962.2,47982.2
1748010760928,,
1748010761129.0,47961.1,47981.1
1748010762382,,
1748010763305.0,47959.7,47979.7
1748010763606.0,47961.1,47981.1
1748010764462,,
1748010764822.0,47963.6,47983.6
1748010767132.0,47966.1,47986.1
1748010772964.0,47969.1,47989.1
1748010773066.0,47975.1,47995.1
1748010774261.0,47981.2,48001.2
1748010775109.0,47985.5,48005.5
1748010775312,,
1748010776667.0,47994.7,48014.7
1748010776766.0,47998.7,48018.7
1748010778693,,
1748010779297.0,47997.2,48017.2
1748010779497.0,47993.7,48013.7
1748010779874,,
1748010780906,,
1748010781006.0,47993.7,48013.7
1748010781685.0,47996.2,48016.2
1748010782529.0,48005.1,48025.1
1748010782628.0,48006.2,48026.2
1748010784658.0,48008.7,48028.7
1748010784867.0,48011.2,48031.2
1748010784967,,
1748010785508.0,48013.7,48033.7
1748010787307.0,48011.2,48031.2
1748010787508,,
1748010787608,,
1748010787809.0,48010.1,48030.1
1748010788657.0,48011.2,48031.2
1748010788859,,
1748010788957.0,48014.7,48034.7
1748010791759,,
1748010791959.0,48014.7,48034.7
1748010792158,,
1748010792571.0,48020.1,48040.1
1748010793164.0,48031.6,48051.6
1748010793374.0,48029.7,48049.7
1748010793575.0,48026.2,48046.2
1748010794241.0,48023.7,48043.7
1748010794513.0,48018.7,48038.7
1748010795889,,
1748010796090.0,48003.2,48023.2
1748010796316.0,47995.7,48015.7
1748010796418.0,47998.7,48018.7
1748010797180,,
1748010797480.0,48001.6,48021.6
1748010799564.0,48003.0,48023.0
1748010799665.0,48005.1,48025.1
1748010800284.0,48006.2,48026.2
1748010801411.0,48003.2,48023.2
1748010801610,,
1748010801981.0,47996.8,48016.8
1748010802432.0,47993.7,48013.7
1748010802678.0,47988.7,48008.7
1748010803895,,
1748010806693,,
1748010809342.0,47990.1,48010.1
1748010809443,,
1748010810963.0,47988.7,48008.7
1748010811063.0,47986.2,48006.2
1748010811363.0,47983.7,48003.7
1748010813368,,
1748010814541.0,47981.2,48001.2
1748010815247.0,47983.7,48003.7
1748010818514,,
1748010820548,,
1748010821330.0,47985.1,48005.1
1748010821431.0,47986.2,48006.2
1748010824934,,
1748010831815.0,47984.7,48004.7
1748010832076.0,47986.2,48006.2
1748010833579,,
1748010836270.0,47988.7,48008.7
1748010839231.0,47992.6,48012.6
1748010840321.0,47996.2,48016.2
1748010840422.0,47997.6,48017.6
1748010840834.0,47999.7,48019.7
1748010840934.0,48001.2,48021.2
1748010841376,,
1748010841576.0,47999.7,48019.7
1748010841901.0,48001.2,48021.2
1748010842908,,
1748010843008,,
1748010843357,,
1748010845889,,
1748010847370.0,47997.2,48017.2
1748010848765.0,47996.2,48016.2
1748010849205.0,47993.7,48013.7
1748010850642.0,47996.2,48016.2
1748010852300,,
1748010854776,,
1748010857131,,
1748010857230,,
1748010857493.0,47994.7,48014.7
1748010857722.0,47993.7,48013.7
1748010859215.0,47996.2,48016.2
1748010859314,,
1748010860383.0,47993.7,48013.7
1748010860771.0,47996.2,48016.2
1748010860926,,
1748010862692,,
1748010862791.0,47993.7,48013.7
1748010864567.0,47992.6,48012.6
1748010864667.0,47990.1,48010.1
1748010869795.0,47995.1,48015.1
1748010870391.0,48001.2,48021.2
1748010872611.0,48003.7,48023.7
1748010873180.0,48006.2,48026.2
1748010876840.0,48015.1,48035.1
1748010877941,,
1748010878039.0,48013.7,48033.7
1748010880251.0,48011.2,48031.2
1748010880566.0,48008.7,48028.7
1748010881785.0,48006.2,48026.2
1748010884482.0,48006.2,48026.2
1748010885012.0,47998.2,48018.2
1748010885113.0,47996.2,48016.2
1748010885499,,
1748010887397.0,47998.7,48018.7
1748010888549.0,47997.2,48017.2
1748010888649.0,47994.7,48014.7
1748010890684.0,47993.2,48013.2
1748010890784.0,47992.2,48012.2
1748010892441,,
1748010893139.0,47991.2,48011.2
1748010898015.0,47993.7,48013.7
1748010898241,,
1748010898670.0,47992.2,48012.2
1748010900034.0,47991.2,48011.2
1748010902900,,
1748010906622.0,47988.7,48008.7
1748010907150.0,47991.2,48011.2
1748010909597.0,47988.7,48008.7
1748010912688.0,47991.2,48011.2
1748010914549.0,47994.1,48014.1
1748010915215.0,47998.7,48018.7
1748010921534.0,48002.2,48022.2
1748010925880.0,48004.7,48024.7
1748010926567.0,48008.7,48028.7
1748010929009,,
1748010929109.0,47988.4,48008.4
1748010929529.0,47985.3,48005.3
1748010929639.0,47984.3,48004.3
1748010930631.0,47978.7,47998.7
1748010930731,,
1748010930931.0,47977.6,47997.6
1748010931331,,
1748010931432.0,47977.6,47997.6
1748010931631.0,47978.7,47998.7
1748010931732.0,47977.6,47997.6
1748010932131.0,47978.7,47998.7
1748010932232.0,47977.2,47997.2
1748010932431,,
1748010933258.0,47945.1,47965.1
1748010933458.0,47952.6,47972.6
1748010933797.0,47953.7,47973.7
1748010934598.0,47952.6,47972.6
1748010934797,,
1748010934926,,
1748010936933,,
1748010937033.0,47946.2,47966.2
1748010937294,,
1748010937394.0,47936.2,47956.2
1748010940929.0,47942.2,47962.2
1748010942530,,
1748010944086.0,47939.7,47959.7
1748010944662,,
1748010947873.0,47942.6,47962.6
1748010947971.0,47946.2,47966.2
1748010948999.0,47949.1,47969.1
1748010949101.0,47936.2,47956.2
1748010950873.0,47938.7,47958.7
1748010951828.0,47940.1,47960.1
1748010951929.0,47941.2,47961.2
1748010952326.0,47937.2,47957.2
1748010952858.0,47939.1,47959.1
1748010955678.0,47941.2,47961.2
1748010959893.0,47942.6,47962.6
1748010959994.0,47943.7,47963.7
1748010960349.0,47945.1,47965.1
1748010961751.0,47947.6,47967.6
1748010962233.0,47950.1,47970.1
1748010962334.0,47951.2,47971.2
1748010963590.0,47968.7,47988.7
1748010964400,,
1748010965447,,
1748010966739.0,47956.2,47976.2
1748010966837,,
1748010967109.0,47957.6,47977.6
1748010967208.0,47958.7,47978.7
1748010967757,,
1748010968047.0,47961.2,47981.2
1748010968854.0,47965.1,47985.1
1748010970481.0,47971.6,47991.6
1748010970581.0,47972.6,47992.6
1748010974535.0,47971.2,47991.2
1748010978718.0,47973.7,47993.7
1748010979542.0,47986.2,48006.2
1748010986160,,
1748010986359.0,47976.2,47996.2
1748010987144.0,47971.2,47991.2
1748010992453.0,47969.7,47989.7
1748010993058.0,47965.6,47985.6
1748010993307.0,47949.7,47969.7
1748010993659.0,47950.1,47970.1
1748010994420.0,47948.2,47968.2
1748010995532.0,47948.7,47968.7
1748010995762.0,47951.2,47971.2
1748010995960.0,47968.7,47988.7
1748010996649.0,47973.7,47993.7
1748010997525.0,47976.2,47996.2
1748010997916.0,47978.7,47998.7
1748010999145.0,47981.2,48001.2
1748011000038.0,47986.2,48006.2
1748011000593.0,47998.7,48018.7
1748011001346.0,48005.1,48025.1
1748011001836.0,48015.1,48035.1
1748011002114.0,48018.7,48038.7
1748011003212.0,48021.2,48041.2
1748011004658.0,48023.7,48043.7
1748011006635.0,48026.2,48046.2
1748011007996.0,48027.6,48047.6
1748011008296.0,48031.6,48051.6
1748011008799.0,48033.7,48053.7
1748011008899.0,48031.2,48051.2
1748011010307,,
1748011011654,,
1748011012201,,
1748011012874.0,48024.1,48044.1
1748011013582,,
1748011013682,,
1748011015105.0,48026.2,48046.2
1748011015505.0,48047.6,48067.6
1748011015804,,
1748011016214.0,48048.7,48068.7
1748011016413.0,48052.6,48072.6
1748011017208.0,48054.1,48074.1
1748011020323.0,48055.6,48075.6
1748011020424.0,48058.1,48078.1
1748011020580,,
1748011020927.0,48059.1,48079.1
1748011021871.0,48060.6,48080.6
1748011022071.0,48057.6,48077.6
1748011022370.0,48060.6,48080.6
1748011022673.0,48060.1,48080.1
1748011024301.0,48059.1,48079.1
1748011024794.0,48042.2,48062.2
1748011024997.0,48039.3,48059.3
1748011025293.0,48041.2,48061.2
1748011025456,,
1748011026218.0,48043.7,48063.7
1748011028448.0,48046.2,48066.2
1748011028649,,
1748011028933.0,48047.6,48067.6
1748011029284,,
1748011030041.0,48052.6,48072.6
1748011031130.0,48051.2,48071.2
1748011031568.0,48048.7,48068.7
1748011032569.0,48046.2,48066.2
1748011033382,,
1748011035256.0,48043.7,48063.7
1748011038544.0,48046.2,48066.2
1748011039447.0,48048.7,48068.7
1748011043115.0,48051.2,48071.2
1748011043834.0,48052.6,48072.6
1748011049249,,
1748011049502.0,48051.2,48071.2
1748011051871.0,48031.8,48051.8
1748011052656.0,48029.7,48049.7
1748011052757.0,48028.7,48048.7
1748011054031.0,48026.2,48046.2
1748011055905,,
1748011056648,,
1748011058141.0,48023.7,48043.7
1748011058342.0,48026.2,48046.2
1748011059043.0,48018.7,48038.7
1748011059143,,
1748011064226.0,48016.2,48036.2
1748011066676.0,48013.7,48033.7
1748011066967.0,48010.7,48030.7
1748011071617.0,48008.7,48028.7
1748011072027.0,48006.2,48026.2
1748011072518.0,48003.2,48023.2
1748011072618,,
1748011073746.0,47998.2,48018.2
1748011076515.0,47996.2,48016.2
1748011076714.0,47993.7,48013.7
1748011077417.0,47992.2,48012.2
1748011077493.0,47991.2,48011.2
1748011080389.0,47992.6,48012.6
1748011080807,,
1748011081705.0,47995.1,48015.1
1748011082292.0,47998.7,48018.7
1748011083063.0,48000.1,48020.1
1748011084319.0,48001.2,48021.2
1748011084628.0,48002.6,48022.6
1748011085094.0,48004.1,48024.1
1748011085194.0,48005.1,48025.1
1748011086387.0,48009.1,48029.1
1748011086486.0,48010.1,48030.1
1748011086906.0,48008.2,48028.2
1748011088474.0,48007.2,48027.2
1748011092792.0,48006.2,48026.2
1748011096215.0,48008.7,48028.7
1748011096756.0,48011.2,48031.2
1748011103820,,
1748011107341,,
1748011108105.0,48018.7,48038.7
1748011108424.0,48016.2,48036.2
1748011108692.0,48014.7,48034.7
1748011108792.0,48013.7,48033.7
1748011109155.0,48018.7,48038.7
1748011111651.0,48021.2,48041.2
1748011114296,,
1748011114853.0,48023.7,48043.7
1748011116892.0,48026.2,48046.2
1748011117390.0,48023.3,48043.3
1748011117732.0,48018.3,48038.3
1748011117832.0,48019.7,48039.7
1748011121842.0,48018.7,48038.7
1748011123263.0,48016.2,48036.2
1748011123744.0,48013.7,48033.7
1748011125446,,
1748011128657.0,48011.6,48031.6
1748011128757.0,48006.6,48026.6
1748011129384.0,48002.2,48022.2
1748011129484.0,48001.2,48021.2
1748011129676.0,47998.7,48018.7
1748011129919,,
1748011130020.0,48001.6,48021.6
1748011130370.0,47998.7,48018.7
1748011131804.0,47996.2,48016.2
1748011131905.0,47994.7,48014.7
1748011132695.0,47996.2,48016.2
1748011133928.0,47993.7,48013.7
1748011134129.0,47996.2,48016.2
1748011134434.0,47994.7,48014.7
1748011135042.0,47995.2,48015.2
1748011135351.0,47993.7,48013.7
1748011136650.0,47995.2,48015.2
1748011137654.0,47996.2,48016.2
1748011139010.0,47992.2,48012.2
1748011139309,,
1748011139770.0,47987.2,48007.2
1748011140381.0,47988.7,48008.7
1748011140481.0,47989.7,48009.7
1748011143752,,
1748011144055.0,47990.2,48010.2
1748011144296.0,47991.2,48011.2
1748011144863.0,47993.7,48013.7
1748011144963.0,47996.2,48016.2
1748011149419,,
1748011150193.0,47993.7,48013.7
1748011150294.0,47996.2,48016.2
1748011154607.0,47991.2,48011.2
1748011156077.0,47989.7,48009.7
1748011156178.0,47988.7,48008.7
1748011159081.0,47983.7,48003.7
1748011159820.0,47984.7,48004.7
1748011159920.0,47986.2,48006.2
1748011160561.0,47983.7,48003.7
1748011161141.0,47984.7,48004.7
1748011161241.0,47986.2,48006.2
1748011161840.0,47984.7,48004.7
1748011162067.0,47983.7,48003.7
1748011162920,,
1748011163022.0,47978.3,47998.3
1748011163287.0,47974.7,47994.7
1748011163387.0,47973.7,47993.7
1748011165158.0,47971.2,47991.2
1748011165574.0,47970.2,47990.2
1748011165675.0,47968.7,47988.7
1748011168386.0,47966.2,47986.2
1748011170697.0,47969.7,47989.7
1748011172404.0,47971.2,47991.2
1748011174227,,
1748011181326,,
1748011182186.0,47968.7,47988.7
1748011182857.0,47963.7,47983.7
1748011182956.0,47958.7,47978.7
1748011184719,,
1748011184819.0,47957.2,47977.2
1748011186740.0,47958.7,47978.7
1748011189014.0,47961.2,47981.2
1748011191745.0,47958.7,47978.7
1748011193796,,
1748011196189.0,47954.7,47974.7
1748011196641.0,47955.8,47975.8
1748011200027.0,47954.7,47974.7
1748011200410.0,47952.2,47972.2
1748011200851.0,47951.2,47971.2
1748011201250.0,47949.7,47969.7
1748011201728,,
1748011202265.0,47939.7,47959.7
1748011202363.0,47935.8,47955.8
1748011202825.0,47934.7,47954.7
1748011204297.0,47935.8,47955.8
1748011204868.0,47931.8,47951.8
1748011206619.0,47933.3,47953.3
1748011206719.0,47931.8,47951.8
1748011208412,,
1748011208511.0,47933.7,47953.7
1748011209342.0,47936.2,47956.2
1748011209526.0,47937.7,47957.7
1748011209621.0,47938.7,47958.7
1748011213772.0,47937.7,47957.7
1748011213973.0,47938.7,47958.7
1748011214530.0,47936.2,47956.2
1748011214812.0,47934.7,47954.7
1748011215016.0,47926.2,47946.2
1748011215162,,
1748011215600,,
1748011217147,,
1748011219321.0,47930.2,47950.2
1748011220110.0,47928.7,47948.7
1748011220866,,
1748011222241.0,47931.6,47951.6
1748011222342.0,47933.7,47953.7
1748011222588.0,47935.2,47955.2
1748011222789.0,47941.2,47961.2
1748011224655.0,47945.2,47965.2
1748011227011.0,47946.2,47966.2
1748011227111.0,47947.7,47967.7
1748011233236.0,47946.2,47966.2
1748011234023,,
1748011234124.0,47943.7,47963.7
1748011234522.0,47941.2,47961.2
1748011237159.0,47938.7,47958.7
1748011237660,,
1748011238248.0,47936.2,47956.2
1748011239508.0,47937.7,47957.7
1748011239703.0,47937.2,47957.2
1748011240536.0,47933.7,47953.7
1748011241912.0,47932.7,47952.7
1748011242014.0,47931.2,47951.2
1748011244317,,
1748011245935.0,47933.7,47953.7
1748011246119.0,47936.2,47956.2
1748011248295.0,47937.7,47957.7
1748011248395.0,47938.7,47958.7
1748011250419.0,47942.2,47962.2
1748011250621,,
1748011252746.0,47941.2,47961.2
1748011253310.0,47942.7,47962.7
1748011253410.0,47943.7,47963.7
1748011255176.0,47938.3,47958.3
1748011255641.0,47935.8,47955.8
1748011256180,,
1748011256379.0,47933.7,47953.7
1748011256692.0,47933.7,47953.7
1748011257201,,
1748011257403.0,47931.2,47951.2
1748011258220,,
1748011260516.0,47933.7,47953.7
1748011260810.0,47936.2,47956.2
1748011261640.0,47941.2,47961.2
1748011262311.0,47942.7,47962.7
1748011262682.0,47941.2,47961.2
1748011262782.0,47942.7,47962.7
1748011263728.0,47943.7,47963.7
1748011264190.0,47948.7,47968.7
1748011264703.0,47951.2,47971.2
1748011267991.0,47948.7,47968.7
1748011268275.0,47950.2,47970.2
1748011268375.0,47951.2,47971.2
1748011268821,,
1748011268922.0,47952.7,47972.7
1748011269084.0,47953.7,47973.7
1748011273011.0,47955.2,47975.2
1748011273105.0,47956.2,47976.2
1748011273206.0,47953.7,47973.7
1748011276940.0,47951.2,47971.2
1748011277375.0,47948.7,47968.7
1748011277752.0,47950.2,47970.2
1748011277959.0,47949.7,47969.7
1748011278162.0,47951.2,47971.2
1748011279206.0,47948.7,47968.7
1748011283609.0,47951.2,47971.2
1748011284211.0,47952.2,47972.2
1748011287382,,
1748011288829.0,47954.7,47974.7
1748011289189.0,47956.2,47976.2
1748011289525.0,47954.7,47974.7
1748011289626.0,47953.7,47973.7
1748011291360,,
1748011291559.0,47949.7,47969.7
1748011291948.0,47947.2,47967.2
1748011292046.0,47948.7,47968.7
1748011296410.0,47946.2,47966.2
1748011297295.0,47948.7,47968.7
1748011297701.0,47947.2,47967.2
1748011300035.0,47946.2,47966.2
1748011301475.0,47947.2,47967.2
1748011301703.0,47948.7,47968.7
1748011302983.0,47950.2,47970.2
1748011303072.0,47951.2,47971.2
1748011304298.0,47950.2,47970.2
1748011304399.0,47948.7,47968.7
1748011305185.0,47946.2,47966.2
1748011320324,,
1748011321318,,
1748011321612,,
1748011322528,,
1748011322927.0,47948.7,47968.7
1748011326673.0,47953.7,47973.7
1748011327101.0,47956.2,47976.2
1748011331673,,
1748011331772.0,47953.7,47973.7
1748011332140.0,47948.7,47968.7
1748011334763.0,47947.2,47967.2
1748011334862.0,47946.2,47966.2
1748011335375.0,47939.7,47959.7
1748011335848.0,47937.2,47957.2
1748011335948.0,47933.7,47953.7
1748011337133,,
1748011340893.0,47935.2,47955.2
1748011340992.0,47937.7,47957.7
1748011342342.0,47941.2,47961.2
1748011342672.0,47943.7,47963.7
1748011347006.0,47936.2,47956.2
1748011350279,,
1748011352466,,
1748011353594,,
1748011354274.0,47934.7,47954.7
1748011354375.0,47932.2,47952.2
1748011356147.0,47929.7,47949.7
1748011358351,,
1748011358449.0,47931.2,47951.2
1748011359940,,
1748011360180.0,47928.3,47948.3
1748011360480.0,47924.7,47944.7
1748011360587.0,47923.7,47943.7
1748011362789,,
1748011365812,,
1748011366656.0,47923.7,47943.7
1748011366758.0,47921.2,47941.2
1748011368435.0,47922.7,47942.7
1748011368536.0,47921.2,47941.2
1748011372849.0,47923.7,47943.7
1748011372950.0,47922.2,47942.2
1748011376665.0,47921.2,47941.2
1748011377795.0,47919.7,47939.7
1748011377895.0,47921.2,47941.2
1748011378144,,
1748011378499.0,47920.2,47940.2
1748011378740,,
1748011380268,,
1748011380367.0,47922.7,47942.7
1748011380468.0,47925.2,47945.2
1748011381079,,
1748011382247.0,47928.7,47948.7
1748011382871.0,47933.7,47953.7
1748011383330.0,47941.2,47961.2
1748011383501.0,47942.7,47962.7
1748011383694.0,47950.2,47970.2
1748011383894.0,47947.2,47967.2
1748011384094.0,47948.3,47968.3
1748011384733.0,47951.2,47971.2
1748011385859,,
1748011385958,,
1748011386200,,
1748011386796.0,47950.2,47970.2
1748011388594.0,47951.2,47971.2
1748011390051.0,47952.7,47972.7
1748011405997,,
1748011406410.0,47955.2,47975.2
1748011406856,,
1748011407089.0,47953.7,47973.7
1748011408147.0,47955.2,47975.2
1748011409917.0,47957.7,47977.7
1748011410129,,
1748011410612,,
1748011414050.0,47961.6,47981.6
1748011416893,,
1748011417412.0,47963.1,47983.1
1748011425958.0,47959.1,47979.1
1748011426840,,
1748011440430.0,47961.6,47981.6
1748011441259.0,47959.1,47979.1
1748011443297.0,47961.6,47981.6
1748011443651.0,47960.2,47980.2
1748011445117.0,47960.6,47980.6
1748011445217.0,47961.6,47981.6
1748011448625.0,47965.2,47985.2
1748011452287,,
1748011452387.0,47966.6,47986.6
1748011453144.0,47967.7,47987.7
1748011454777.0,47966.2,47986.2
1748011457616.0,47967.7,47987.7
1748011457716.0,47968.7,47988.7
1748011458436.0,47966.2,47986.2
1748011460007.0,47968.7,47988.7
1748011461294.0,47967.3,47987.3
1748011461394.0,47966.2,47986.2
1748011464041.0,47968.7,47988.7
1748011465921.0,47966.2,47986.2
1748011466301,,
1748011470547.0,47963.3,47983.3
1748011470647.0,47961.2,47981.2
1748011473385.0,47956.2,47976.2
1748011474525.0,47954.8,47974.8
1748011476161.0,47953.7,47973.7
1748011479190.0,47947.7,47967.7
1748011479291.0,47950.2,47970.2
1748011480193.0,47948.7,47968.7
1748011480750.0,47950.2,47970.2
1748011482127.0,47951.2,47971.2
1748011483862,,
1748011486746.0,47946.2,47966.2
1748011490170.0,47947.7,47967.7
1748011490309.0,47946.2,47966.2
1748011490406.0,47949.2,47969.2
1748011493417,,
1748011500358.0,47946.2,47966.2
1748011500455.0,47947.7,47967.7
1748011500620.0,47951.2,47971.2
1748011501231,,
1748011501481.0,47952.7,47972.7
1748011501579.0,47953.7,47973.7
1748011504796.0,47956.2,47976.2
1748011510685.0,47958.7,47978.7
1748011511949,,
1748011512050,,
1748011513217.0,47956.2,47976.2
1748011513325.0,47948.3,47968.3
1748011514412.0,47942.3,47962.3
1748011515237.0,47946.2,47966.2
1748011516518.0,47947.7,47967.7
1748011519769.0,47946.2,47966.2
1748011522364,,
1748011523388.0,47947.7,47967.7
1748011523487.0,47950.2,47970.2
1748011526094.0,47946.2,47966.2
1748011528717,,
1748011528920.0,47945.2,47965.2
1748011529184,,
1748011533291.0,47943.7,47963.7
1748011537146.0,47941.2,47961.2
1748011537246.0,47935.8,47955.8
1748011537446.0,47935.8,47955.8
1748011538068.0,47932.7,47952.7
1748011538178.0,47934.2,47954.2
1748011538564.0,47933.7,47953.7
1748011539136.0,47935.2,47955.2
1748011540726.0,47931.2,47951.2
1748011540836.0,47930.2,47950.2
1748011545149.0,47928.7,47948.7
1748011545249,,
1748011546591,,
1748011547305.0,47929.8,47949.8
1748011548889.0,47926.2,47946.2
1748011550057.0,47928.7,47948.7
1748011551209.0,47931.2,47951.2
1748011551310.0,47939.2,47959.2
1748011551543,,
1748011551913,,
1748011554340,,
1748011558776,,
1748011560859,,
1748011562277.0,47937.7,47957.7
1748011562859.0,47936.2,47956.2
1748011563287.0,47933.3,47953.3
1748011563388.0,47931.2,47951.2
1748011563741,,
1748011563942.0,47928.7,47948.7
1748011564043,,
1748011564469.0,47934.8,47954.8
1748011565166,,
1748011565741,,
1748011566169.0,47933.7,47953.7
1748011568099.0,47932.3,47952.3
1748011568199.0,47933.7,47953.7
1748011569237,,
1748011570793,,
1748011572858.0,47935.2,47955.2
1748011572957.0,47940.2,47960.2
1748011574571,,
1748011575362.0,47942.3,47962.3
1748011575943.0,47941.2,47961.2
1748011576726,,
1748011578172,,
1748011578902.0,47941.2,47961.2
1748011579001,,
1748011579388.0,47935.2,47955.2
1748011580670.0,47936.7,47956.7
1748011581272.0,47935.2,47955.2
1748011581474.0,47936.7,47956.7
1748011582682.0,47937.7,47957.7
1748011596439.0,47936.2,47956.2
1748011596900.0,47937.7,47957.7
1748011597046.0,47938.7,47958.7
1748011598171.0,47936.2,47956.2
1748011598272.0,47931.2,47951.2
1748011603645.0,47924.8,47944.8
1748011604678.0,47926.2,47946.2
1748011606468.0,47927.3,47947.3
1748011607125.0,47929.2,47949.2
1748011607225.0,47930.2,47950.2
1748011611798,,
1748011611899.0,47931.2,47951.2
1748011612348.0,47933.7,47953.7
1748011614864.0,47935.2,47955.2
1748011615079.0,47936.2,47956.2
1748011616163.0,47931.2,47951.2
1748011617408,,
1748011617608.0,47926.2,47946.2
1748011619911.0,47931.2,47951.2
1748011620011.0,47928.7,47948.7
1748011620320.0,47931.2,47951.2
1748011622807,,
1748011622908.0,47933.7,47953.7
1748011623397,,
1748011623756.0,47935.2,47955.2
1748011624713.0,47938.7,47958.7
1748011627330.0,47935.8,47955.8
1748011627432.0,47933.7,47953.7
1748011627530.0,47936.2,47956.2
1748011627777.0,47937.7,47957.7
1748011629089.0,47938.7,47958.7
1748011629289.0,47936.2,47956.2
1748011629490.0,47933.7,47953.7
1748011629740,,
1748011630596.0,47931.2,47951.2
1748011630798.0,47928.7,47948.7
1748011632447.0,47931.2,47951.2
1748011633675.0,47933.7,47953.7
1748011635567,,
1748011637071.0,47935.2,47955.2
1748011637169.0,47938.7,47958.7
1748011638192,,
1748011639488.0,47941.2,47961.2
1748011639586.0,47938.7,47958.7
1748011642005.0,47941.2,47961.2
1748011642429.0,47939.8,47959.8
1748011642529.0,47938.7,47958.7
1748011643549,,
1748011643648.0,47940.2,47960.2
1748011643749.0,47941.2,47961.2
1748011644247.0,47938.7,47958.7
1748011644347.0,47936.2,47956.2
1748011644871,,
1748011646493.0,47933.7,47953.7
1748011647358.0,47930.6,47950.6
1748011647457.0,47927.7,47947.7
1748011649804.0,47926.2,47946.2
1748011649897.0,47925.2,47945.2
1748011651599,,
1748011653289.0,47921.2,47941.2
1748011653666,,
1748011653868.0,47923.7,47943.7
1748011654985.0,47922.3,47942.3
1748011659936,,
1748011663491,,
1748011665531,,
1748011678133.0,47923.7,47943.7
1748011679213,,
1748011680308.0,47924.8,47944.8
1748011680408.0,47923.7,47943.7
1748011680736.0,47926.2,47946.2
1748011680836,,
1748011681484.0,47927.7,47947.7
1748011682186.0,47926.2,47946.2
1748011682898,,
1748011682997.0,47931.2,47951.2
1748011684808,,
1748011685253,,
1748011685454,,
1748011685629,,
1748011686196,,
1748011686297,,
1748011687115,,
1748011687234,,
1748011687316,,
1748011687920,,
1748011688227,,
1748011688467,,
1748011688669.0,47935.2,47955.2
1748011689074.0,47936.2,47956.2
1748011690149.0,47937.7,47957.7
1748011690250.0,47938.7,47958.7
1748011693431.0,47940.2,47960.2
1748011693531.0,47941.2,47961.2
1748011694852,,
1748011694953.0,47938.7,47958.7
1748011695396,,
1748011697521.0,47939.8,47959.8
1748011698089.0,47938.7,47958.7
1748011700677,,
1748011702258,,
1748011702518.0,47939.8,47959.8
1748011702845,,
1748011703823.0,47938.7,47958.7
1748011704103.0,47943.7,47963.7
1748011707104.0,47940.2,47960.2
1748011707854.0,47941.2,47961.2
1748011709476,,
1748011710496,,
1748011711522,,
1748011713382.0,47943.7,47963.7
1748011713646.0,47941.2,47961.2
1748011718122.0,47943.7,47963.7
1748011718841,,
1748011721099.0,47942.7,47962.7
1748011721199.0,47941.2,47961.2
1748011721300.0,47938.7,47958.7
1748011725695.0,47941.2,47961.2
1748011725795.0,47942.7,47962.7
1748011725896.0,47943.7,47963.7
1748011726275,,
1748011726635.0,47944.8,47964.8
1748011726735.0,47946.2,47966.2
1748011731378.0,47947.3,47967.3
1748011731478.0,47946.2,47966.2
1748011738079,,
1748011738179.0,47945.2,47965.2
1748011739108.0,47943.7,47963.7
1748011740042.0,47941.2,47961.2
1748011740148,,
1748011742705,,
1748011743279.0,47946.2,47966.2
1748011743723,,
1748011744829,,
1748011745763,,
1748011746219,,
1748011746991,,
1748011752665,,
1748011754536,,
1748011754737.0,47947.3,47967.3
1748011757340.0,47943.7,47963.7
1748011757842,,
1748011759245.0,47942.3,47962.3
1748011759520.0,47946.2,47966.2
1748011762990,,
1748011765497.0,47945.2,47965.2
1748011767731.0,47942.7,47962.7
1748011768298,,
1748011768398.0,47941.2,47961.2
1748011769494.0,47942.7,47962.7
1748011770285.0,47941.2,47961.2
1748011771067,,
1748011772471.0,47942.3,47962.3
1748011772571.0,47946.2,47966.2
1748011772770.0,47955.2,47975.2
1748011772872.0,47957.7,47977.7
1748011773599.0,47961.2,47981.2
1748011774312,,
1748011775775,,
1748011776381.0,47958.7,47978.7
1748011777861,,
1748011778159.0,47953.7,47973.7
1748011778828.0,47950.8,47970.8
1748011778930.0,47948.7,47968.7
1748011779701,,
1748011780002,,
1748011780488,,
1748011780919,,
1748011781940,,
1748011782041,,
1748011782554.0,47948.7,47968.7
1748011782654.0,47946.2,47966.2
1748011782969,,
1748011783975,,
1748011785002,,
1748011786013,,
1748011787034,,
1748011787333,,
1748011788053,,
1748011789071,,
1748011790090,,
1748011790599,,
1748011790901.0,47949.8,47969.8
1748011791107,,
1748011791741,,
1748011792148,,
1748011793145,,
1748011793665,,
1748011793765.0,47948.3,47968.3
1748011794167,,
1748011795281,,
1748011795920.0,47946.2,47966.2
1748011796122.0,47942.3,47962.3
1748011796222,,
1748011796715,,
1748011796843.0,47941.2,47961.2
1748011797073.0,47939.8,47959.8
1748011797274,,
1748011798241,,
1748011799257,,
1748011800285,,
1748011800529,,
1748011800628.0,47943.8,47963.8
1748011800750.0,47946.3,47966.3
1748011801152.0,47947.7,47967.7
1748011801253.0,47948.8,47968.8
1748011801353,,
1748011801571.0,47951.3,47971.3
1748011801871,,
1748011802326,,
1748011802426,,
1748011803469,,
1748011803694.0,47948.8,47968.8
1748011804016.0,47947.3,47967.3
1748011804216.0,47941.3,47961.3
1748011804517,,
1748011805438,,
1748011806498,,
1748011807467,,
1748011808486,,
1748011809113.0,47946.3,47966.3
1748011809506,,
1748011810062.0,47948.8,47968.8
1748011810270.0,47946.3,47966.3
1748011810549,,
1748011811542,,
1748011812437.0,47948.8,47968.8
1748011812634.0,47947.3,47967.3
1748011813900.0,47946.3,47966.3
1748011814015,,
1748011815865,,
1748011820777,,
1748011822720.0,47944.8,47964.8
1748011822823.0,47943.8,47963.8
1748011823761.0,47941.3,47961.3
1748011827262.0,47938.8,47958.8
1748011827845.0,47936.3,47956.3
1748011830340.0,47941.3,47961.3
1748011830979.0,47943.8,47963.8
1748011831178.0,47946.3,47966.3
1748011831984.0,47943.8,47963.8
1748011832567.0,47941.3,47961.3
1748011832806.0,47943.8,47963.8
1748011833275.0,47942.3,47962.3
1748011833376.0,47946.3,47966.3
1748011834420.0,47941.3,47961.3
1748011835601.0,47943.8,47963.8
1748011836136.0,47942.3,47962.3
1748011836227.0,47941.3,47961.3
1748011838649.0,47938.8,47958.8
1748011839651,,
1748011841162,,
1748011841383.0,47944.8,47964.8
1748011841882.0,47951.3,47971.3
1748011841981,,
1748011843272.0,47947.3,47967.3
1748011843591.0,47946.3,47966.3
1748011843892.0,47943.8,47963.8
1748011845452,,
1748011846977.0,47946.3,47966.3
1748011847083,,
1748011848475.0,47949.8,47969.8
1748011848577.0,47951.3,47971.3
1748011856703,,
1748011857025,,
1748011857406.0,47948.3,47968.3
1748011857713.0,47946.3,47966.3
1748011858643.0,47941.3,47961.3
1748011862988.0,47944.2,47964.2
1748011863086.0,47946.3,47966.3
1748011865640.0,47947.3,47967.3
1748011865740.0,47948.8,47968.8
1748011866278.0,47947.3,47967.3
1748011866377.0,47946.3,47966.3
1748011872705.0,47947.7,47967.7
1748011873785.0,47949.8,47969.8
1748011873884.0,47951.3,47971.3
1748011877977.0,47949.8,47969.8
1748011878134.0,47951.3,47971.3
1748011880968,,
1748011882358.0,47946.3,47966.3
1748011882458.0,47936.3,47956.3
1748011884915,,
1748011886848,,
1748011889596.0,47939.8,47959.8
1748011890171.0,47942.3,47962.3
1748011891814.0,47943.8,47963.8
1748011892141.0,47944.8,47964.8
1748011892339.0,47942.3,47962.3
1748011893132.0,47943.3,47963.3
1748011893232.0,47944.8,47964.8
1748011893950.0,47942.3,47962.3
1748011896593.0,47948.8,47968.8
1748011898399.0,47951.3,47971.3
1748011898883,,
1748011900747.0,47952.7,47972.7
1748011900845.0,47953.8,47973.8
1748011902482.0,47961.3,47981.3
1748011911818.0,47962.7,47982.7
1748011911919.0,47965.2,47985.2
1748011912285,,
1748011915454.0,47963.8,47983.8
1748011915653.0,47966.3,47986.3
1748011916914.0,47963.8,47983.8
1748011917012,,
1748011917301.0,47961.3,47981.3
1748011917401.0,47959.8,47979.8
1748011918997.0,47958.8,47978.8
1748011919197.0,47956.3,47976.3
1748011922926,,
1748011925641,,
1748011930471.0,47955.2,47975.2
1748011930597.0,47956.3,47976.3
1748011939725.0,47953.8,47973.8
1748011940580.0,47956.3,47976.3
1748011941007.0,47954.8,47974.8
1748011941108.0,47956.3,47976.3
1748011947972,,
1748011949068.0,47956.3,47976.3
1748011952567.0,47958.8,47978.8
1748011952802.0,47957.3,47977.3
1748011953067.0,47957.7,47977.7
1748011953513.0,47957.3,47977.3
1748011953749.0,47956.3,47976.3
1748011953848.0,47957.7,47977.7
1748011954224.0,47956.3,47976.3
1748011959263,,
1748011959364.0,47952.7,47972.7
1748011959640.0,47948.3,47968.3
1748011959940.0,47943.8,47963.8
1748011960451.0,47947.3,47967.3
1748011962358,,
1748011963567.0,47946.3,47966.3
1748011963668.0,47950.2,47970.2
1748011966358,,
1748011972003.0,47948.8,47968.8
1748011972103.0,47946.3,47966.3
1748011979683.0,47945.2,47965.2
1748011979783.0,47946.3,47966.3
1748011980342.0,47943.8,47963.8
1748011982436,,
1748011982630.0,47936.3,47956.3
1748011984842.0,47933.3,47953.3
1748011984944.0,47932.3,47952.3
1748011985150.0,47933.8,47953.8
1748011985625.0,47935.2,47955.2
1748011985726.0,47936.3,47956.3
1748011987828,,
1748011988444.0,47936.3,47956.3
1748011989192,,
1748011989391.0,47937.3,47957.3
1748011990305.0,47936.3,47956.3
1748011990606,,
1748012000184.0,47937.7,47957.7
1748012000285.0,47938.8,47958.8
1748012000388.0,47941.3,47961.3
1748012000630.0,47946.3,47966.3
1748012001996,,
1748012004479.0,47942.3,47962.3
1748012005869.0,47941.3,47961.3
1748012011087.0,47938.8,47958.8
1748012011382.0,47941.3,47961.3
1748012014368.0,47946.3,47966.3
1748012015217.0,47948.8,47968.8
1748012015733.0,47950.2,47970.2
1748012015833.0,47951.3,47971.3
1748012017105.0,47948.8,47968.8
1748012019932.0,47951.3,47971.3
1748012020620.0,47952.7,47972.7
1748012020721.0,47953.8,47973.8
1748012027856.0,47956.3,47976.3
1748012028751.0,47958.8,47978.8
1748012029889.0,47956.3,47976.3
1748012033572.0,47958.8,47978.8
1748012033952.0,47956.3,47976.3
1748012035155,,
1748012039845.0,47958.8,47978.8
1748012040344.0,47956.3,47976.3
1748012041511,,
1748012041726,,
1748012045799,,
1748012046552.0,47958.8,47978.8
1748012048758,,
1748012050239.0,47960.2,47980.2
1748012050332.0,47961.3,47981.3
1748012052031.0,47958.8,47978.8
1748012052134.0,47961.3,47981.3
1748012055454,,
1748012055754.0,47965.2,47985.2
1748012064071.0,47966.3,47986.3
1748012064248.0,47968.8,47988.8
1748012066596.0,47961.3,47981.3
1748012067148.0,47958.8,47978.8
1748012067509.0,47956.3,47976.3
1748012067609.0,47958.8,47978.8
1748012068877.0,47956.3,47976.3
1748012069663.0,47954.8,47974.8
1748012069902.0,47952.3,47972.3
1748012070350,,
1748012070548,,
1748012072246.0,47949.2,47969.2
1748012073134.0,47946.3,47966.3
1748012073241,,
1748012082333,,
1748012083911.0,47944.8,47964.8
1748012085933,,
1748012086852.0,47943.8,47963.8
1748012087635.0,47941.3,47961.3
1748012091886,,
1748012100199.0,47941.7,47961.7
1748012100400.0,47946.3,47966.3
1748012101086.0,47948.8,47968.8
1748012101593.0,47951.3,47971.3
1748012103278.0,47948.8,47968.8
1748012103378.0,47951.3,47971.3
1748012111518.0,47952.7,47972.7
1748012114453.0,47951.3,47971.3
1748012114761.0,47952.7,47972.7
1748012114865.0,47953.8,47973.8
1748012118368,,
1748012118674.0,47963.8,47983.8
1748012118974,,
1748012119385.0,47966.3,47986.3
1748012121642.0,47963.8,47983.8
1748012121742.0,47965.2,47985.2
1748012123719,,
1748012125564,,
1748012126640.0,47967.3,47987.3
1748012127850,,
1748012128051,,
1748012129087,,
1748012129288.0,47961.3,47981.3
1748012148888.0,47961.3,47981.3
1748012154464.0,47958.8,47978.8
1748012155434.0,47959.8,47979.8
1748012155535.0,47961.3,47981.3
1748012155810.0,47960.2,47980.2
1748012158490.0,47960.3,47980.3
1748012160440,,
1748012165557.0,47966.3,47986.3
1748012169145.0,47968.8,47988.8
1748012169346.0,47971.3,47991.3
1748012170300,,
1748012170601.0,47967.3,47987.3
1748012170801.0,47966.3,47986.3
1748012172566.0,47961.3,47981.3
1748012172765,,
1748012175136,,
1748012179558.0,47959.8,47979.8
1748012181991.0,47956.3,47976.3
1748012183319.0,47963.2,47983.2
1748012183420.0,47970.3,47990.3
1748012184348.0,47970.3,47990.3
1748012184979.0,47968.8,47988.8
1748012186208.0,47972.8,47992.8
1748012186308.0,47971.3,47991.3
1748012187798.0,47969.8,47989.8
1748012187897.0,47966.3,47986.3
1748012188296.0,47963.8,47983.8
1748012188905.0,47958.8,47978.8
1748012194820.0,47957.3,47977.3
1748012197607.0,47954.8,47974.8
1748012197806.0,47952.3,47972.3
1748012198627.0,47951.3,47971.3
1748012200114.0,47946.3,47966.3
1748012200301.0,47943.8,47963.8
1748012200502.0,47941.3,47961.3
1748012202640.0,47938.8,47958.8
1748012203363,,
1748012206574.0,47933.8,47953.8
1748012207798.0,47936.3,47956.3
1748012214164.0,47937.8,47957.8
1748012214476,,
1748012219546.0,47936.3,47956.3
1748012219645.0,47935.3,47955.3
1748012219910.0,47932.8,47952.8
1748012220311.0,47931.3,47951.3
1748012223988,,
1748012236607,,
1748012237120,,
1748012238901,,
1748012239000,,
1748012245492.0,47932.8,47952.8
1748012245886.0,47935.3,47955.3
1748012257745.0,47939.2,47959.2
1748012257991,,
1748012288870,,
1748012289402.0,47942.8,47962.8
1748012299062.0,47944.2,47964.2
1748012299163.0,47945.7,47965.7
1748012300919,,
1748012304644.0,47951.3,47971.3
1748012305133,,
1748012311173,,
1748012315915,,
1748012317299.0,47952.8,47972.8
1748012321640.0,47956.3,47976.3
1748012321839.0,47961.3,47981.3
1748012322368.0,47966.3,47986.3
1748012324013.0,47967.8,47987.8
1748012324114.0,47968.8,47988.8
1748012324395.0,47971.3,47991.3
1748012324582,,
1748012327079,,
1748012331707.0,47968.8,47988.8
1748012332417.0,47971.3,47991.3
1748012335307.0,47968.8,47988.8
1748012337498.0,47972.8,47992.8
1748012337704.0,47973.8,47993.8
1748012337803,,
1748012339805.0,47975.3,47995.3
1748012341095,,
1748012343257.0,47978.8,47998.8
1748012343358.0,47976.3,47996.3
1748012344269.0,47980.3,48000.3
1748012346794.0,47979.2,47999.2
1748012346895.0,47976.3,47996.3
1748012347305.0,47980.3,48000.3
1748012348641,,
1748012348742.0,47982.8,48002.8
1748012350245.0,47981.3,48001.3
1748012350343.0,47980.3,48000.3
1748012351128,,
1748012353293.0,47978.8,47998.8
1748012355108.0,47980.3,48000.3
1748012357061,,
1748012357160.0,47982.8,48002.8
1748012358664.0,47981.3,48001.3
1748012358749.0,47980.3,48000.3
1748012359047.0,47982.8,48002.8
1748012359347.0,47980.3,48000.3
1748012362335.0,47976.3,47996.3
1748012362969.0,47971.3,47991.3
1748012366055.0,47969.8,47989.8
1748012366155.0,47968.8,47988.8
1748012367599.0,47971.3,47991.3
1748012371118,,
1748012371317.0,47973.8,47993.8
1748012372305.0,47975.3,47995.3
1748012376568.0,47977.8,47997.8
1748012378473.0,47988.8,48008.8
1748012378573,,
1748012381760.0,47991.3,48011.3
1748012382231.0,47997.8,48017.8
1748012382515.0,47998.8,48018.8
1748012383527.0,48000.3,48020.3
1748012388892,,
1748012389632,,
1748012389729,,
1748012393902,,
1748012394004,,
1748012395094.0,47998.8,48018.8
1748012397178,,
1748012398659.0,47996.3,48016.3
1748012400459.0,47998.8,48018.8
1748012401010,,
1748012401109.0,48003.8,48023.8
1748012401343,,
1748012401852,,
1748012402353.0,48003.8,48023.8
1748012402685,,
1748012402807,,
1748012403976.0,48005.3,48025.3
1748012404084.0,48006.3,48026.3
1748012404278,,
1748012404379.0,48007.8,48027.8
1748012405068.0,48009.8,48029.8
1748012405459,,
1748012405593,,
1748012406881.0,47998.4,48018.4
1748012406982.0,47996.3,48016.3
1748012408225.0,47993.8,48013.8
1748012408382.0,47996.3,48016.3
1748012410012.0,47993.8,48013.8
1748012410272.0,47995.3,48015.3
1748012410372.0,47996.3,48016.3
1748012411052,,
1748012411634.0,48001.3,48021.3
1748012412642.0,48002.8,48022.8
1748012412740.0,48003.8,48023.8
1748012413242,,
1748012415273.0,48004.8,48024.8
1748012415501.0,48003.8,48023.8
1748012415920.0,48002.3,48022.3
1748012416129.0,47999.8,48019.8
1748012416222.0,47998.8,48018.8
