1748008705855.0,161.602,161.617
1748008706104.0,161.603,161.618
1748008706230.0,161.601,161.616
1748008706649.0,161.599,161.614
1748008706781.0,161.602,161.617
1748008707155.0,161.604,161.619
1748008707406.0,161.609,161.624
1748008707541.0,161.603,161.618
1748008707906.0,161.606,161.621
1748008708155.0,161.609,161.624
1748008708530.0,161.601,161.616
1748008709030.0,161.601,161.616
1748008711111.0,161.613,161.628
1748008711693.0,161.609,161.624
1748008711818.0,161.61,161.625
1748008712069.0,161.612,161.627
1748008712317.0,161.613,161.628
1748008712443.0,161.612,161.627
1748008712841.0,161.616,161.631
1748008713092.0,161.618,161.633
1748008714917.0,161.617,161.632
1748008715474.0,161.618,161.633
1748008715598.0,161.619,161.634
1748008715728.0,161.613,161.628
1748008716098.0,161.616,161.631
1748008718909.0,161.618,161.633
1748008719772.0,161.616,161.631
1748008720020.0,161.614,161.629
1748008720271.0,161.609,161.624
1748008720647.0,161.604,161.619
1748008721859.0,161.603,161.618
1748008721987.0,161.606,161.621
1748008722359.0,161.608,161.623
1748008722693.0,161.609,161.624
1748008722997.0,161.61,161.625
1748008723122.0,161.613,161.628
1748008723371.0,161.611,161.626
1748008724025.0,161.612,161.627
1748008724226.0,161.611,161.626
1748008724349.0,161.607,161.622
1748008724475.0,161.605,161.62
1748008724725.0,161.606,161.621
1748008724850.0,161.609,161.624
1748008726903.0,161.608,161.623
1748008727029.0,161.609,161.624
1748008727402.0,161.606,161.621
1748008728560.0,161.608,161.623
1748008728685.0,161.609,161.624
1748008729192.0,161.607,161.622
1748008729443.0,161.609,161.624
1748008730041.0,161.61,161.625
1748008732051.0,161.609,161.624
1748008732563.0,161.61,161.625
1748008732835.0,161.609,161.624
1748008733085.0,161.609,161.624
1748008733334.0,161.611,161.626
1748008733825.0,161.612,161.627
1748008735185.0,161.61,161.625
1748008736287.0,161.606,161.621
1748008736540.0,161.603,161.618
1748008736664.0,161.608,161.623
1748008737042.0,161.607,161.622
1748008738950.0,161.606,161.621
1748008739199.0,161.606,161.621
1748008739734.0,161.607,161.622
1748008739981.0,161.606,161.621
1748008740368.0,161.609,161.624
1748008740618.0,161.607,161.622
1748008740869.0,161.609,161.624
1748008741118.0,161.608,161.623
1748008741239.0,161.607,161.622
1748008741489.0,161.606,161.621
1748008741740.0,161.607,161.622
1748008742268.0,161.613,161.628
1748008742392.0,161.612,161.627
1748008743018.0,161.613,161.628
1748008743143.0,161.614,161.629
1748008744023.0,161.613,161.628
1748008744147.0,161.612,161.627
1748008745512.0,161.61,161.625
1748008745761.0,161.599,161.614
1748008746136.0,161.603,161.618
1748008747400.0,161.601,161.616
1748008747650.0,161.602,161.617
1748008747775.0,161.601,161.616
1748008748343.0,161.6,161.615
1748008748622.0,161.603,161.618
1748008748903.0,161.604,161.619
1748008749156.0,161.605,161.62
1748008749404.0,161.606,161.621
1748008749655.0,161.603,161.618
1748008749904.0,161.605,161.62
1748008750029.0,161.604,161.619
1748008750153.0,161.603,161.618
1748008750278.0,161.604,161.619
1748008750404.0,161.614,161.629
1748008750779.0,161.613,161.628
1748008751229.0,161.612,161.627
1748008751771.0,161.612,161.627
1748008752248.0,161.609,161.624
1748008752626.0,161.604,161.619
1748008752747.0,161.605,161.62
1748008753531.0,161.607,161.622
1748008754156.0,161.6,161.615
1748008754272.0,161.599,161.614
1748008754401.0,161.598,161.613
1748008754522.0,161.597,161.612
1748008754897.0,161.598,161.613
1748008755148.0,161.597,161.612
1748008755523.0,161.59,161.605
1748008755646.0,161.593,161.608
1748008756313.0,161.591,161.606
1748008756564.0,161.592,161.607
1748008757359.0,161.592,161.607
1748008757608.0,161.592,161.607
1748008757858.0,161.594,161.609
1748008758357.0,161.593,161.608
1748008758608.0,161.594,161.609
1748008759185.0,161.596,161.611
1748008759685.0,161.593,161.608
1748008760119.0,161.592,161.607
1748008760244.0,161.593,161.608
1748008761116.0,161.595,161.61
1748008761366.0,161.598,161.613
1748008761740.0,161.597,161.612
1748008762115.0,161.6,161.615
1748008762367.0,161.604,161.619
1748008762490.0,161.602,161.617
1748008763264.0,161.6,161.615
1748008763515.0,161.6,161.615
1748008763766.0,161.598,161.613
1748008764141.0,161.6,161.615
1748008764511.0,161.599,161.614
1748008764886.0,161.598,161.613
1748008765142.0,161.597,161.612
1748008765636.0,161.598,161.613
1748008765886.0,161.591,161.606
1748008766136.0,161.595,161.61
1748008766263.0,161.597,161.612
1748008766515.0,161.596,161.611
1748008766640.0,161.597,161.612
1748008766886.0,161.596,161.611
1748008767157.0,161.597,161.612
1748008767528.0,161.591,161.606
1748008767784.0,161.592,161.607
1748008767914.0,161.593,161.608
1748008768161.0,161.591,161.606
1748008768529.0,161.59,161.605
1748008768661.0,161.593,161.608
1748008769030.0,161.595,161.61
1748008769280.0,161.593,161.608
1748008769529.0,161.585,161.6
1748008769780.0,161.587,161.602
1748008770647.0,161.588,161.603
1748008771021.0,161.588,161.603
1748008771147.0,161.59,161.605
1748008771400.0,161.588,161.603
1748008771647.0,161.589,161.604
1748008772589.0,161.589,161.604
1748008772841.0,161.592,161.607
1748008772966.0,161.594,161.609
1748008773350.0,161.597,161.612
1748008773602.0,161.595,161.61
1748008774477.0,161.596,161.611
1748008775037.0,161.595,161.61
1748008775287.0,161.587,161.602
1748008775536.0,161.587,161.602
1748008775659.0,161.592,161.607
1748008776035.0,161.595,161.61
1748008776160.0,161.593,161.608
1748008776870.0,161.596,161.611
1748008777329.0,161.595,161.61
1748008778792.0,161.593,161.608
1748008778916.0,161.594,161.609
1748008779875.0,161.59,161.605
1748008780124.0,161.589,161.61
1748008780244.0,161.592,161.607
1748008780495.0,161.593,161.608
1748008780745.0,161.592,161.607
1748008780997.0,161.595,161.61
1748008781247.0,161.596,161.611
1748008781372.0,161.597,161.612
1748008782114.0,161.598,161.613
1748008782364.0,161.596,161.611
1748008782805.0,161.598,161.613
1748008783056.0,161.596,161.611
1748008783337.0,161.597,161.612
1748008783588.0,161.596,161.611
1748008784476.0,161.591,161.618
1748008784603.0,161.594,161.615
1748008784977.0,161.596,161.617
1748008785554.0,161.594,161.615
1748008785803.0,161.59,161.611
1748008786053.0,161.588,161.609
1748008786616.0,161.589,161.61
1748008786867.0,161.594,161.609
1748008787116.0,161.591,161.612
1748008787296.0,161.59,161.611
1748008787673.0,161.591,161.612
1748008787923.0,,161.606
1748008788173.0,161.579,161.615
1748008788946.0,161.577,161.612
1748008789505.0,,161.613
1748008789754.0,161.576,
1748008790004.0,,161.613
1748008790251.0,161.562,161.615
1748008790501.0,161.561,
1748008790873.0,161.563,161.618
1748008791847.0,,161.616
1748008792098.0,161.555,161.61
1748008792224.0,161.553,161.612
1748008792586.0,,161.613
1748008792993.0,161.554,161.609
1748008793241.0,161.551,
1748008793490.0,161.553,
1748008795063.0,161.553,161.615
1748008795315.0,161.549,161.606
1748008795947.0,161.552,161.609
1748008796064.0,161.555,161.613
1748008796701.0,161.556,
1748008796941.0,,161.605
1748008797190.0,161.552,161.608
1748008797436.0,,161.612
1748008797560.0,161.556,
1748008797811.0,161.559,161.616
1748008798062.0,,161.623
1748008798186.0,161.559,
1748008798707.0,161.552,161.615
1748008798954.0,161.555,161.618
1748008799605.0,161.552,161.615
1748008799855.0,161.549,161.617
1748008799980.0,161.551,161.615
1748008800393.0,161.55,
1748008800518.0,161.547,161.616
1748008800996.0,,161.616
1748008801372.0,,161.615
1748008801622.0,161.555,161.618
1748008801871.0,,161.616
1748008802001.0,,161.618
1748008802565.0,161.554,
1748008802816.0,,161.619
1748008803208.0,161.553,
1748008803460.0,161.555,
1748008803710.0,161.558,161.623
1748008803962.0,161.553,161.617
1748008804208.0,,161.624
1748008804510.0,,161.625
1748008805054.0,161.562,161.629
1748008805178.0,161.563,161.63
1748008805685.0,,161.629
1748008806002.0,161.564,
1748008806256.0,161.565,
1748008806786.0,161.564,
1748008807157.0,161.564,
1748008808078.0,161.565,
1748008808707.0,161.566,161.63
1748008809082.0,161.565,161.627
1748008809209.0,161.558,161.637
1748008809333.0,161.553,161.632
1748008809583.0,161.559,161.637
1748008809834.0,161.557,161.642
1748008810084.0,161.568,161.65
1748008810334.0,161.568,161.652
1748008810583.0,161.568,
1748008810833.0,161.56,161.649
1748008810959.0,161.561,161.648
1748008811209.0,161.565,161.652
1748008811333.0,161.566,161.653
1748008811709.0,,161.647
1748008811959.0,161.554,161.642
1748008812210.0,161.559,161.638
1748008812459.0,161.561,161.649
1748008812709.0,161.554,161.642
1748008812959.0,161.569,161.616
1748008813208.0,,161.616
1748008813334.0,161.572,161.618
1748008813584.0,161.572,161.616
1748008813834.0,161.571,
1748008814085.0,161.572,161.615
1748008814211.0,161.57,
1748008814844.0,161.57,
1748008815143.0,161.565,161.607
1748008815393.0,161.559,161.599
1748008815650.0,161.558,
1748008815766.0,161.557,
1748008815891.0,161.558,
1748008816142.0,161.554,161.595
1748008816516.0,161.554,161.596
1748008817015.0,161.556,161.597
1748008817266.0,161.552,161.6
1748008817392.0,161.549,161.591
1748008817768.0,161.557,161.585
1748008818146.0,161.57,161.591
1748008818265.0,161.571,161.592
1748008818394.0,161.568,161.589
1748008818642.0,,161.593
1748008818892.0,161.561,161.591
1748008819144.0,161.559,
1748008819396.0,161.557,161.591
1748008819646.0,161.558,161.592
1748008819890.0,161.559,161.591
1748008820016.0,161.558,161.592
1748008820143.0,,161.591
1748008820395.0,161.562,161.591
1748008820521.0,,161.589
1748008820647.0,161.565,161.586
1748008821017.0,161.566,161.587
1748008821265.0,161.563,161.59
1748008821516.0,161.574,161.589
1748008821766.0,161.576,161.591
1748008822016.0,161.575,161.59
1748008822140.0,161.577,161.592
1748008822267.0,161.576,161.591
1748008822395.0,161.581,161.596
1748008822646.0,161.58,161.595
1748008823147.0,161.582,161.597
1748008823923.0,161.583,161.598
1748008824172.0,161.585,161.6
1748008824423.0,161.586,161.601
1748008824549.0,161.582,161.597
1748008824798.0,161.587,161.602
1748008825313.0,161.585,161.6
1748008825563.0,161.582,161.597
1748008825812.0,161.581,161.596
1748008826063.0,161.579,161.594
1748008826313.0,161.581,161.596
1748008826562.0,161.581,161.596
1748008826813.0,161.583,161.598
1748008827354.0,161.582,161.597
1748008827605.0,161.581,161.596
1748008827854.0,161.583,161.598
1748008828104.0,161.578,161.593
1748008828230.0,161.575,161.59
1748008829059.0,161.577,161.592
1748008829309.0,161.578,161.593
1748008829435.0,161.574,161.589
1748008830259.0,161.575,161.59
1748008830759.0,161.577,161.592
1748008830884.0,161.579,161.594
1748008831672.0,161.576,161.591
1748008832043.0,161.577,161.592
1748008832646.0,161.58,161.595
1748008832770.0,161.579,161.594
1748008832892.0,161.575,161.59
1748008833023.0,161.573,161.588
1748008833569.0,161.576,161.591
1748008833820.0,161.574,161.589
1748008834070.0,161.576,161.591
1748008834583.0,161.575,161.59
1748008834833.0,161.579,161.594
1748008835119.0,161.576,161.591
1748008835650.0,161.581,161.596
1748008835900.0,161.579,161.594
1748008836149.0,161.58,161.595
1748008836651.0,161.579,161.594
1748008836902.0,161.579,161.594
1748008837026.0,161.577,161.592
1748008837276.0,161.574,161.589
1748008837972.0,161.57,161.585
1748008839031.0,161.574,161.589
1748008839454.0,161.573,161.588
1748008840701.0,161.57,161.585
1748008841140.0,161.573,161.588
1748008841513.0,161.573,161.588
1748008841997.0,161.568,161.583
1748008842243.0,161.566,161.581
1748008843117.0,161.566,161.581
1748008843866.0,161.563,161.578
1748008844557.0,161.565,161.58
1748008844929.0,161.564,161.579
1748008845180.0,161.568,161.583
1748008845431.0,161.565,161.58
1748008845557.0,161.562,161.577
1748008845807.0,161.558,161.573
1748008845931.0,161.559,161.574
1748008846504.0,161.557,161.572
1748008846756.0,161.563,161.578
1748008847628.0,161.566,161.581
1748008847881.0,161.567,161.582
1748008848007.0,161.565,161.58
1748008848257.0,161.562,161.577
1748008848634.0,161.564,161.579
1748008848884.0,161.568,161.583
1748008849010.0,161.567,161.582
1748008850009.0,161.565,161.58
1748008850472.0,161.57,161.585
1748008851025.0,161.572,161.587
1748008851274.0,161.569,161.584
1748008851526.0,161.57,161.585
1748008852077.0,161.569,161.584
1748008852954.0,161.568,161.583
1748008853283.0,161.567,161.582
1748008853408.0,161.568,161.583
1748008853534.0,161.572,161.587
1748008854196.0,161.568,161.583
1748008856662.0,161.57,161.585
1748008856786.0,161.574,161.589
1748008857162.0,161.573,161.588
1748008857663.0,161.574,161.589
1748008858041.0,161.578,161.593
1748008858163.0,161.579,161.594
1748008858541.0,161.578,161.593
1748008858665.0,161.581,161.596
1748008859042.0,161.582,161.597
1748008859292.0,161.583,161.598
1748008859541.0,161.586,161.601
1748008860427.0,161.583,161.598
1748008860554.0,161.581,161.596
1748008860803.0,161.582,161.597
1748008861428.0,161.581,161.596
1748008862062.0,161.582,161.597
1748008862314.0,161.58,161.595
1748008863051.0,161.581,161.596
1748008863343.0,161.582,161.597
1748008863596.0,161.59,161.605
1748008863716.0,161.589,161.604
1748008864346.0,161.586,161.601
1748008865705.0,161.585,161.6
1748008865830.0,161.586,161.601
1748008866229.0,161.589,161.604
1748008866476.0,161.592,161.607
1748008866728.0,161.594,161.609
1748008867106.0,161.592,161.607
1748008867357.0,161.593,161.608
1748008867856.0,161.595,161.61
1748008868107.0,161.592,161.607
1748008868353.0,161.589,161.604
1748008868789.0,161.588,161.603
1748008870223.0,161.588,161.603
1748008871487.0,161.589,161.604
1748008872132.0,161.588,161.603
1748008872382.0,161.583,161.598
1748008872508.0,161.584,161.599
1748008872760.0,161.583,161.598
1748008873315.0,161.584,161.599
1748008873841.0,161.583,161.598
1748008874091.0,161.582,161.597
1748008875049.0,161.594,161.609
1748008875298.0,161.595,161.61
1748008875549.0,161.617,161.632
1748008875674.0,161.616,161.631
1748008875801.0,161.617,161.632
1748008876048.0,161.618,161.633
1748008876174.0,161.619,161.634
1748008876549.0,161.619,161.634
1748008877519.0,161.618,161.633
1748008877978.0,161.613,161.628
1748008878227.0,161.61,161.625
1748008878354.0,161.606,161.621
1748008878857.0,161.605,161.62
1748008879223.0,161.604,161.619
1748008879472.0,161.609,161.624
1748008879847.0,161.609,161.624
1748008880597.0,161.611,161.626
1748008880851.0,161.616,161.631
1748008881100.0,161.618,161.633
1748008881475.0,161.621,161.636
1748008881599.0,161.622,161.637
1748008881847.0,161.624,161.639
1748008882223.0,161.621,161.636
1748008883452.0,161.622,161.637
1748008883833.0,161.624,161.639
1748008884080.0,161.631,161.646
1748008884205.0,161.63,161.645
1748008884454.0,161.627,161.642
1748008884923.0,161.626,161.641
1748008886829.0,161.625,161.64
1748008887412.0,161.628,161.643
1748008888712.0,161.629,161.644
1748008888961.0,161.628,161.643
1748008890747.0,161.637,161.652
1748008890997.0,161.634,161.649
1748008891125.0,161.632,161.647
1748008891540.0,161.631,161.646
1748008891664.0,161.63,161.645
1748008891980.0,161.628,161.643
1748008892229.0,161.636,161.651
1748008892479.0,161.635,161.65
1748008892729.0,161.636,161.651
1748008893174.0,161.635,161.65
1748008894172.0,161.637,161.652
1748008894296.0,161.636,161.651
1748008894817.0,161.635,161.65
1748008895199.0,161.633,161.648
1748008895448.0,161.628,161.643
1748008895574.0,161.627,161.642
1748008895700.0,161.628,161.643
1748008896341.0,161.629,161.644
1748008896675.0,161.628,161.643
1748008897299.0,161.627,161.642
1748008899422.0,161.628,161.643
1748008900705.0,161.629,161.644
1748008901348.0,161.637,161.652
1748008901473.0,161.635,161.65
1748008902420.0,161.635,161.65
1748008902667.0,161.636,161.651
1748008903046.0,161.635,161.65
1748008904636.0,161.632,161.647
1748008905241.0,161.625,161.64
1748008905550.0,161.626,161.641
1748008905800.0,161.626,161.641
1748008906175.0,161.63,161.645
1748008908117.0,161.629,161.644
1748008908744.0,161.623,161.638
1748008908872.0,161.63,161.645
1748008908996.0,161.631,161.646
1748008909245.0,161.63,161.645
1748008909908.0,161.631,161.646
1748008910157.0,161.619,161.634
1748008910407.0,161.621,161.636
1748008910665.0,161.622,161.637
1748008910806.0,161.623,161.638
1748008911611.0,161.622,161.637
1748008911987.0,161.621,161.636
1748008912237.0,161.619,161.634
1748008912361.0,161.618,161.633
1748008912794.0,161.618,161.633
1748008913460.0,161.619,161.634
1748008914074.0,161.628,161.643
1748008915916.0,161.638,161.653
1748008916215.0,161.64,161.655
1748008916745.0,161.638,161.653
1748008917583.0,161.646,161.661
1748008917708.0,161.647,161.662
1748008919734.0,161.646,161.661
1748008919859.0,161.652,161.667
1748008919986.0,161.64,161.655
1748008920419.0,161.646,161.661
1748008920671.0,161.647,161.662
1748008921055.0,161.645,161.66
1748008921308.0,161.643,161.658
1748008921555.0,161.643,161.658
1748008921805.0,161.64,161.655
1748008921930.0,161.641,161.656
1748008922179.0,161.64,161.655
1748008922597.0,161.639,161.654
1748008922979.0,161.64,161.655
1748008923601.0,161.642,161.657
1748008923853.0,161.644,161.659
1748008924101.0,161.651,161.666
1748008924476.0,161.649,161.664
1748008924756.0,161.65,161.665
1748008925007.0,161.651,161.666
1748008925560.0,161.652,161.667
1748008925685.0,161.653,161.668
1748008926126.0,161.658,161.673
1748008926398.0,161.657,161.672
1748008926650.0,161.653,161.668
1748008926775.0,161.656,161.671
1748008927877.0,161.653,161.668
1748008928127.0,161.654,161.669
1748008928681.0,161.65,161.665
1748008928931.0,161.657,161.672
1748008929058.0,161.656,161.671
1748008929182.0,161.654,161.669
1748008929305.0,161.653,161.668
1748008929685.0,161.65,161.665
1748008930055.0,161.651,161.666
1748008930181.0,161.65,161.665
1748008931158.0,161.651,161.666
1748008931274.0,161.652,161.667
1748008931406.0,161.651,161.666
1748008932025.0,161.655,161.67
1748008932399.0,161.654,161.669
1748008932648.0,161.654,161.669
1748008932934.0,161.652,161.667
1748008933180.0,161.651,161.666
1748008933431.0,161.652,161.667
1748008933806.0,161.651,161.666
1748008934292.0,161.65,161.665
1748008934876.0,161.648,161.663
1748008935128.0,161.646,161.661
1748008935735.0,161.647,161.662
1748008936129.0,161.653,161.668
1748008936380.0,161.65,161.665
1748008936504.0,161.649,161.664
1748008937264.0,161.647,161.662
1748008937513.0,161.649,161.664
1748008937889.0,161.653,161.668
1748008938263.0,161.654,161.669
1748008939423.0,161.652,161.667
1748008939550.0,161.653,161.668
1748008939799.0,161.649,161.664
1748008940048.0,161.65,161.665
1748008940663.0,161.652,161.667
1748008940912.0,161.653,161.668
1748008941163.0,161.652,161.667
1748008941414.0,161.657,161.672
1748008941541.0,161.656,161.671
1748008941913.0,161.655,161.67
1748008942164.0,161.663,161.678
1748008943038.0,161.66,161.675
1748008943283.0,161.663,161.678
1748008943765.0,161.662,161.677
1748008944142.0,161.661,161.676
1748008944925.0,161.659,161.674
1748008945053.0,161.661,161.676
1748008945402.0,161.66,161.675
1748008945657.0,161.654,161.669
1748008945903.0,161.652,161.667
1748008946155.0,161.652,161.667
1748008946403.0,161.651,161.666
1748008947089.0,161.652,161.667
1748008947340.0,161.649,161.664
1748008947653.0,161.648,161.663
1748008947905.0,161.649,161.664
1748008948152.0,161.648,161.663
1748008948653.0,161.649,161.664
1748008948903.0,161.653,161.668
1748008949281.0,161.655,161.67
1748008949533.0,161.656,161.671
1748008949908.0,161.655,161.67
1748008950032.0,161.648,161.663
1748008950283.0,161.654,161.669
1748008951052.0,161.654,161.669
1748008951177.0,161.656,161.671
1748008952337.0,161.659,161.674
1748008952587.0,161.658,161.673
1748008952712.0,161.659,161.674
1748008953340.0,161.66,161.675
1748008955259.0,161.666,161.681
1748008955509.0,161.659,161.674
1748008955757.0,161.656,161.671
1748008957383.0,161.655,161.67
1748008957892.0,161.654,161.669
1748008958018.0,161.655,161.67
1748008958161.0,161.654,161.669
1748008958272.0,161.655,161.67
1748008960612.0,161.649,161.664
1748008960739.0,161.648,161.663
1748008961368.0,161.647,161.662
1748008961491.0,161.648,161.663
1748008961866.0,161.646,161.661
1748008961992.0,161.647,161.662
1748008962244.0,161.648,161.663
1748008963029.0,161.647,161.662
1748008963886.0,161.643,161.658
1748008964246.0,161.65,161.665
1748008964372.0,161.648,161.663
1748008964873.0,161.643,161.658
1748008964996.0,161.646,161.661
1748008965460.0,161.647,161.662
1748008965902.0,161.646,161.661
1748008966025.0,161.644,161.659
1748008967945.0,161.643,161.658
1748008968065.0,161.642,161.657
1748008968764.0,161.641,161.656
1748008968891.0,161.64,161.655
1748008969391.0,161.642,161.657
1748008969665.0,161.641,161.656
1748008969924.0,161.639,161.654
1748008970173.0,161.64,161.655
1748008970420.0,161.641,161.656
1748008970995.0,161.64,161.655
1748008971246.0,161.64,161.655
1748008971495.0,161.645,161.66
1748008971621.0,161.644,161.659
1748008974905.0,161.645,161.66
1748008976349.0,161.646,161.661
1748008978377.0,161.643,161.658
1748008978498.0,161.641,161.656
1748008979129.0,161.647,161.662
1748008979268.0,161.649,161.664
1748008979921.0,161.648,161.663
1748008980696.0,161.647,161.662
1748008980947.0,161.647,161.662
1748008981196.0,161.646,161.661
1748008982556.0,161.635,161.65
1748008982806.0,161.636,161.651
1748008983057.0,161.639,161.654
1748008983432.0,161.638,161.653
1748008983902.0,161.639,161.654
1748008984153.0,161.644,161.659
1748008984278.0,161.646,161.661
1748008984652.0,161.65,161.665
1748008984904.0,161.648,161.663
1748008985152.0,161.647,161.662
1748008985550.0,161.641,161.656
1748008985673.0,161.64,161.655
1748008985924.0,161.641,161.656
1748008987384.0,161.645,161.66
1748008987917.0,161.641,161.656
1748008988168.0,161.642,161.657
1748008988416.0,161.642,161.657
1748008988540.0,161.641,161.656
1748008989204.0,161.642,161.657
1748008989454.0,161.639,161.654
1748008989834.0,161.64,161.655
1748008990331.0,161.638,161.653
1748008990785.0,161.641,161.656
1748008990917.0,161.64,161.655
1748008991971.0,161.639,161.654
1748008992221.0,161.64,161.655
1748008992471.0,161.64,161.655
1748008992721.0,161.639,161.654
1748008992971.0,161.64,161.655
1748008993742.0,161.644,161.659
1748008994119.0,161.643,161.658
1748008994368.0,161.645,161.66
1748008994493.0,161.646,161.661
1748008995614.0,161.645,161.66
1748008995736.0,161.644,161.659
1748008996150.0,161.646,161.661
1748008996294.0,161.645,161.66
1748008996544.0,161.646,161.661
1748008997218.0,161.64,161.655
1748008997923.0,161.641,161.656
1748008998423.0,161.642,161.657
1748008998801.0,161.646,161.661
1748008998924.0,161.645,161.66
1748009000394.0,161.646,161.661
1748009000941.0,161.648,161.663
1748009001189.0,161.647,161.662
1748009001314.0,161.65,161.665
1748009001990.0,161.651,161.666
1748009002242.0,161.652,161.667
1748009003629.0,161.643,161.658
1748009004619.0,161.64,161.655
1748009004744.0,161.641,161.656
1748009004869.0,161.642,161.657
1748009004995.0,161.639,161.654
1748009005523.0,161.632,161.647
1748009005641.0,161.629,161.644
1748009006019.0,161.626,161.641
1748009006265.0,161.628,161.643
1748009006515.0,161.624,161.639
1748009006767.0,161.624,161.639
1748009007087.0,161.625,161.64
1748009008649.0,161.619,161.634
1748009008774.0,161.62,161.635
1748009009126.0,161.621,161.636
1748009009248.0,161.624,161.639
1748009010196.0,161.623,161.638
1748009010552.0,161.624,161.639
1748009010803.0,161.626,161.641
1748009011553.0,161.623,161.638
1748009011841.0,161.622,161.637
1748009012091.0,161.63,161.645
1748009012342.0,161.626,161.641
1748009012716.0,161.62,161.635
1748009013180.0,161.619,161.634
1748009013307.0,161.62,161.635
1748009013556.0,161.621,161.636
1748009013932.0,161.627,161.642
1748009014306.0,161.628,161.643
1748009014794.0,161.625,161.64
1748009015295.0,161.624,161.639
1748009015419.0,161.623,161.638
1748009016920.0,161.624,161.639
1748009017168.0,161.626,161.641
1748009018155.0,161.627,161.642
1748009018281.0,161.625,161.64
1748009018656.0,161.626,161.641
1748009019033.0,161.62,161.635
1748009019159.0,161.625,161.64
1748009019531.0,161.622,161.637
1748009019781.0,161.623,161.638
1748009020159.0,161.62,161.635
1748009020410.0,161.617,161.632
1748009020780.0,161.618,161.633
1748009021156.0,161.615,161.63
1748009021282.0,161.617,161.632
1748009021571.0,161.616,161.631
1748009021936.0,161.617,161.632
1748009022185.0,161.616,161.631
1748009022436.0,161.619,161.634
1748009022559.0,161.621,161.636
1748009023208.0,161.62,161.635
1748009025054.0,161.631,161.646
1748009025674.0,161.629,161.644
1748009026068.0,161.631,161.646
1748009026446.0,161.634,161.649
1748009026695.0,161.633,161.648
1748009027369.0,161.634,161.649
1748009029251.0,161.635,161.65
1748009029626.0,161.642,161.657
1748009029751.0,161.639,161.654
1748009031092.0,161.647,161.662
1748009031463.0,161.641,161.656
1748009031712.0,161.636,161.651
1748009031878.0,161.637,161.652
1748009032516.0,161.637,161.652
1748009032641.0,161.634,161.649
1748009032761.0,161.637,161.652
1748009033013.0,161.64,161.655
1748009033262.0,161.643,161.658
1748009033803.0,161.645,161.66
1748009033927.0,161.644,161.659
1748009035352.0,161.645,161.66
1748009035848.0,161.644,161.659
1748009036302.0,161.639,161.654
1748009036428.0,161.64,161.655
1748009037303.0,161.64,161.655
1748009038054.0,161.643,161.658
1748009038179.0,161.644,161.659
1748009038940.0,161.646,161.661
1748009039055.0,161.644,161.659
1748009039400.0,161.645,161.66
1748009039651.0,161.648,161.663
1748009039901.0,161.647,161.662
1748009040613.0,161.65,161.665
1748009040862.0,161.659,161.674
1748009040989.0,161.658,161.673
1748009041114.0,161.659,161.674
1748009041410.0,161.658,161.673
1748009041926.0,161.661,161.676
1748009042051.0,161.659,161.674
1748009042301.0,161.667,161.682
1748009042434.0,161.666,161.681
1748009042849.0,161.671,161.686
1748009043113.0,161.669,161.684
1748009043364.0,161.671,161.686
1748009043742.0,161.687,161.702
1748009043864.0,161.68,161.695
1748009044267.0,161.681,161.696
1748009044765.0,161.692,161.707
1748009045015.0,161.691,161.706
1748009045320.0,161.689,161.704
1748009045570.0,161.685,161.7
1748009045823.0,161.688,161.703
1748009045945.0,161.684,161.699
1748009046195.0,161.679,161.694
1748009046577.0,161.68,161.695
1748009046827.0,161.679,161.694
1748009047196.0,161.682,161.697
1748009047946.0,161.685,161.7
1748009048580.0,161.686,161.701
1748009048959.0,161.691,161.706
1748009049208.0,161.698,161.713
1748009049458.0,161.696,161.711
1748009049833.0,161.695,161.71
1748009050082.0,161.697,161.712
1748009050208.0,161.694,161.709
1748009050584.0,161.692,161.707
1748009050708.0,161.689,161.704
1748009050960.0,161.691,161.706
1748009051379.0,161.686,161.701
1748009051633.0,161.688,161.703
1748009051755.0,161.687,161.702
1748009052419.0,161.686,161.701
1748009052671.0,161.685,161.7
1748009053245.0,161.681,161.696
1748009053582.0,161.682,161.697
1748009053711.0,161.687,161.702
1748009054081.0,161.682,161.697
1748009054477.0,161.683,161.698
1748009054853.0,161.686,161.701
1748009055460.0,161.69,161.705
1748009055581.0,161.686,161.701
1748009055831.0,161.685,161.7
1748009056080.0,161.686,161.701
1748009057465.0,161.684,161.699
1748009057591.0,161.683,161.698
1748009058590.0,161.686,161.701
1748009058998.0,161.685,161.7
1748009059848.0,161.681,161.696
1748009060098.0,161.681,161.696
1748009060472.0,161.681,161.696
1748009060603.0,161.68,161.695
1748009060852.0,161.681,161.696
1748009061222.0,161.685,161.7
1748009061722.0,161.688,161.703
1748009062045.0,161.689,161.704
1748009062173.0,161.688,161.703
1748009063602.0,161.687,161.702
1748009064121.0,161.685,161.7
1748009064496.0,161.688,161.703
1748009064622.0,161.697,161.712
1748009064746.0,161.696,161.711
1748009065247.0,161.694,161.709
1748009065497.0,161.7,161.715
1748009065748.0,161.698,161.713
1748009066264.0,161.697,161.712
1748009066389.0,161.696,161.711
1748009066763.0,161.695,161.71
1748009067861.0,161.695,161.71
1748009067989.0,161.694,161.709
1748009068639.0,161.691,161.706
1748009068889.0,161.69,161.705
1748009069015.0,161.689,161.704
1748009069880.0,161.69,161.705
1748009070249.0,161.696,161.711
1748009070501.0,161.697,161.712
1748009071508.0,161.698,161.713
1748009072129.0,161.704,161.719
1748009072379.0,161.709,161.724
1748009072630.0,161.709,161.724
1748009073505.0,161.708,161.723
1748009074225.0,161.709,161.724
1748009074474.0,161.715,161.73
1748009074600.0,161.713,161.728
1748009074973.0,161.714,161.729
1748009075100.0,161.71,161.725
1748009075527.0,161.711,161.726
1748009075652.0,161.713,161.728
1748009076313.0,161.71,161.725
1748009077367.0,161.707,161.722
1748009077743.0,161.707,161.722
1748009078627.0,161.706,161.721
1748009079128.0,161.707,161.722
1748009079251.0,161.704,161.719
1748009079502.0,161.7,161.715
1748009079883.0,161.695,161.71
1748009080002.0,161.697,161.712
1748009081106.0,161.698,161.713
1748009081232.0,161.704,161.719
1748009081482.0,161.703,161.718
1748009081732.0,161.702,161.717
1748009081982.0,161.701,161.716
1748009082108.0,161.703,161.718
1748009082874.0,161.701,161.716
1748009083123.0,161.7,161.715
1748009083249.0,161.701,161.716
1748009083500.0,161.704,161.719
1748009083749.0,161.706,161.721
1748009084635.0,161.706,161.721
1748009085012.0,161.71,161.725
1748009085636.0,161.709,161.724
1748009085760.0,161.71,161.725
1748009086011.0,161.709,161.724
1748009086734.0,161.708,161.723
1748009086854.0,161.712,161.727
1748009087104.0,161.713,161.728
1748009087233.0,161.711,161.726
1748009087605.0,161.713,161.728
1748009087853.0,161.71,161.725
1748009088104.0,161.71,161.725
1748009088354.0,161.705,161.72
1748009088605.0,161.708,161.723
1748009089711.0,161.709,161.724
1748009089836.0,161.711,161.726
1748009090345.0,161.709,161.724
1748009090722.0,161.721,161.736
1748009090846.0,161.72,161.735
1748009091526.0,161.719,161.734
1748009091776.0,161.72,161.735
1748009092580.0,161.719,161.734
1748009093026.0,161.72,161.735
1748009093360.0,161.719,161.734
1748009093485.0,161.714,161.729
1748009093860.0,161.713,161.728
1748009094236.0,161.714,161.729
1748009096664.0,161.712,161.727
1748009096789.0,161.709,161.724
1748009097300.0,161.71,161.725
1748009097675.0,161.712,161.727
1748009098376.0,161.711,161.726
1748009099154.0,161.709,161.724
1748009100029.0,161.705,161.72
1748009100153.0,161.708,161.723
1748009100498.0,161.709,161.724
1748009100872.0,161.708,161.723
1748009101253.0,161.704,161.719
1748009101622.0,161.699,161.714
1748009101872.0,161.7,161.715
1748009102123.0,161.701,161.716
1748009102499.0,161.703,161.718
1748009102622.0,161.702,161.717
1748009103245.0,161.703,161.718
1748009103494.0,161.701,161.716
1748009103744.0,161.703,161.718
1748009103994.0,161.704,161.719
1748009104302.0,161.704,161.719
1748009104553.0,161.699,161.714
1748009104804.0,161.701,161.716
1748009105404.0,161.7,161.715
1748009105654.0,161.701,161.716
1748009105907.0,161.7,161.715
1748009106030.0,161.694,161.709
1748009106280.0,161.695,161.71
1748009106658.0,161.696,161.711
1748009106780.0,161.695,161.71
1748009107157.0,161.691,161.706
1748009107540.0,161.69,161.705
1748009108043.0,161.688,161.703
1748009108167.0,161.69,161.705
1748009108561.0,161.688,161.703
1748009109067.0,161.686,161.701
1748009109318.0,161.688,161.703
1748009109442.0,161.687,161.702
1748009110243.0,161.686,161.701
1748009110375.0,161.687,161.702
1748009111264.0,161.692,161.707
1748009112140.0,161.685,161.7
1748009112796.0,161.686,161.701
1748009112925.0,161.688,161.703
1748009113328.0,161.687,161.702
1748009113451.0,161.689,161.704
1748009113841.0,161.688,161.703
1748009113965.0,161.687,161.702
1748009114090.0,161.69,161.705
1748009114575.0,161.692,161.707
1748009115731.0,161.698,161.713
1748009116792.0,161.697,161.712
1748009117043.0,161.694,161.709
1748009117631.0,161.697,161.712
1748009117883.0,161.696,161.711
1748009118131.0,161.697,161.712
1748009118259.0,161.699,161.714
1748009118507.0,161.698,161.713
1748009118632.0,161.699,161.714
1748009118882.0,161.698,161.713
1748009119207.0,161.699,161.714
1748009120215.0,161.7,161.715
1748009120841.0,161.701,161.716
1748009121087.0,161.698,161.713
1748009121617.0,161.699,161.714
1748009123829.0,161.697,161.712
1748009123955.0,161.698,161.713
1748009124080.0,161.696,161.711
1748009124373.0,161.695,161.71
1748009125353.0,161.696,161.711
1748009126336.0,161.697,161.712
1748009126717.0,161.696,161.711
1748009127743.0,161.698,161.713
1748009127993.0,161.698,161.713
1748009128373.0,161.702,161.717
1748009129352.0,161.707,161.722
1748009130194.0,161.705,161.72
1748009130443.0,161.706,161.721
1748009131014.0,161.707,161.722
1748009131141.0,161.706,161.721
1748009131711.0,161.712,161.727
1748009131828.0,161.713,161.728
1748009132660.0,161.714,161.729
1748009133617.0,161.713,161.728
1748009133868.0,161.723,161.738
1748009133992.0,161.721,161.736
1748009134368.0,161.721,161.736
1748009134620.0,161.723,161.738
1748009134743.0,161.724,161.739
1748009134874.0,161.723,161.738
1748009136074.0,161.722,161.737
1748009136325.0,161.723,161.738
1748009136578.0,161.726,161.741
1748009136829.0,161.729,161.744
1748009137374.0,161.728,161.743
1748009137624.0,161.731,161.746
1748009137874.0,161.732,161.747
1748009138005.0,161.733,161.748
1748009138253.0,161.734,161.749
1748009138502.0,161.733,161.748
1748009138952.0,161.732,161.747
1748009139202.0,161.731,161.746
1748009139724.0,161.733,161.748
1748009140310.0,161.73,161.745
1748009140561.0,161.731,161.746
1748009140854.0,161.732,161.747
1748009141541.0,161.731,161.746
1748009141789.0,161.732,161.747
1748009141915.0,161.731,161.746
1748009142951.0,161.735,161.75
1748009143201.0,161.733,161.748
1748009143448.0,161.734,161.749
1748009143698.0,161.736,161.751
1748009144572.0,161.737,161.752
1748009144697.0,161.738,161.753
1748009145196.0,161.737,161.752
1748009145821.0,161.736,161.751
1748009146072.0,161.737,161.752
1748009146321.0,161.729,161.744
1748009146823.0,161.73,161.745
1748009147527.0,161.729,161.744
1748009149142.0,161.73,161.745
1748009149268.0,161.732,161.747
1748009149777.0,161.733,161.748
1748009150178.0,161.728,161.743
1748009150431.0,161.734,161.749
1748009150680.0,161.735,161.75
1748009151055.0,161.734,161.749
1748009151180.0,161.733,161.748
1748009151492.0,161.732,161.747
1748009152016.0,161.733,161.748
1748009152598.0,161.734,161.749
1748009153244.0,161.733,161.748
1748009153636.0,161.732,161.747
1748009153887.0,161.733,161.748
1748009154010.0,161.734,161.749
1748009154889.0,161.735,161.75
1748009155140.0,161.734,161.749
1748009155591.0,161.733,161.748
1748009156601.0,161.734,161.749
1748009157051.0,161.733,161.748
1748009157869.0,161.754,161.769
1748009158119.0,161.763,161.778
1748009158242.0,161.761,161.776
1748009158490.0,161.769,161.784
1748009158620.0,161.772,161.787
1748009158989.0,161.769,161.784
1748009159242.0,161.767,161.782
1748009159743.0,161.768,161.783
1748009159863.0,161.767,161.782
1748009160524.0,161.765,161.78
1748009160940.0,161.766,161.781
1748009161441.0,161.775,161.79
1748009161565.0,161.774,161.789
1748009161817.0,161.777,161.792
1748009162187.0,161.778,161.793
1748009162723.0,161.777,161.792
1748009162975.0,161.773,161.788
1748009163094.0,161.772,161.787
1748009163718.0,161.777,161.792
1748009163847.0,161.78,161.795
1748009164095.0,161.778,161.793
1748009164220.0,161.777,161.792
1748009164595.0,161.777,161.792
1748009165345.0,161.78,161.795
1748009165470.0,161.778,161.793
1748009165853.0,161.778,161.793
1748009165977.0,161.779,161.794
1748009167262.0,161.778,161.793
1748009167707.0,161.777,161.792
1748009167956.0,161.775,161.79
1748009168082.0,161.777,161.792
1748009168581.0,161.776,161.791
1748009168706.0,161.778,161.793
1748009168960.0,161.776,161.791
1748009169929.0,161.777,161.792
1748009170447.0,161.78,161.795
1748009170572.0,161.779,161.794
1748009170978.0,161.78,161.795
1748009171229.0,161.783,161.798
1748009171479.0,161.781,161.796
1748009171979.0,161.777,161.792
1748009172228.0,161.778,161.793
1748009172354.0,161.78,161.795
1748009173372.0,161.785,161.8
1748009173624.0,161.791,161.806
1748009173873.0,161.788,161.803
1748009173998.0,161.789,161.804
1748009174249.0,161.788,161.803
1748009175144.0,161.787,161.802
1748009175766.0,161.788,161.803
1748009176016.0,161.787,161.802
1748009176265.0,161.786,161.801
1748009176390.0,161.785,161.8
1748009176678.0,161.783,161.798
1748009176923.0,161.784,161.799
1748009177305.0,161.785,161.8
1748009177555.0,161.786,161.801
1748009177808.0,161.785,161.8
1748009178056.0,161.786,161.801
1748009178321.0,161.785,161.8
1748009179486.0,161.791,161.806
1748009179707.0,161.793,161.808
1748009180212.0,161.791,161.806
1748009180518.0,161.792,161.807
1748009180647.0,161.79,161.805
1748009181296.0,161.791,161.806
1748009181546.0,161.797,161.812
1748009181794.0,161.791,161.806
1748009182669.0,161.793,161.808
1748009183015.0,161.794,161.809
1748009183389.0,161.797,161.812
1748009183764.0,161.795,161.81
1748009184274.0,161.794,161.809
1748009184649.0,161.795,161.81
1748009185275.0,161.794,161.809
1748009185401.0,161.792,161.807
1748009185775.0,161.791,161.806
1748009185899.0,161.793,161.808
1748009186403.0,161.794,161.809
1748009186764.0,161.795,161.81
1748009187448.0,161.797,161.812
1748009187699.0,161.798,161.813
1748009187824.0,161.799,161.814
1748009188229.0,161.797,161.812
1748009188732.0,161.796,161.811
1748009188854.0,161.797,161.812
1748009189860.0,161.798,161.813
1748009190236.0,161.797,161.812
1748009190485.0,161.801,161.816
1748009191416.0,161.803,161.818
1748009191541.0,161.802,161.817
1748009192449.0,161.792,161.824
1748009192992.0,,161.825
1748009193241.0,,161.824
1748009193743.0,161.793,161.825
1748009194120.0,161.793,161.84
1748009194242.0,161.796,161.843
1748009194618.0,161.796,161.84
1748009194869.0,161.797,
1748009196172.0,161.797,161.84
1748009196422.0,161.797,161.841
1748009196669.0,161.798,161.838
1748009196796.0,161.799,161.84
1748009197185.0,161.798,161.838
1748009198409.0,161.799,161.839
1748009198526.0,161.803,161.844
1748009199061.0,161.801,161.841
1748009199350.0,161.8,
1748009199985.0,161.802,161.84
1748009200109.0,161.804,161.839
1748009200719.0,161.813,161.828
1748009201502.0,161.809,161.824
1748009201751.0,161.806,161.821
1748009201875.0,161.807,161.822
1748009202251.0,161.806,161.821
1748009202627.0,161.806,161.821
1748009202853.0,161.805,161.82
1748009203610.0,161.802,161.817
1748009203977.0,161.801,161.816
1748009204353.0,161.804,161.819
1748009205692.0,161.805,161.82
1748009206559.0,161.804,161.819
1748009206682.0,161.805,161.82
1748009206810.0,161.801,161.816
1748009206932.0,161.803,161.818
1748009207681.0,161.801,161.816
1748009207808.0,161.809,161.824
1748009208056.0,161.808,161.823
1748009208783.0,161.805,161.82
1748009208909.0,161.806,161.821
1748009209562.0,161.806,161.821
1748009209935.0,161.807,161.822
1748009210312.0,161.81,161.825
1748009210562.0,161.81,161.825
1748009211122.0,161.805,161.82
1748009211247.0,161.808,161.823
1748009211372.0,161.807,161.822
1748009211497.0,161.806,161.821
1748009211622.0,161.802,161.817
1748009212015.0,161.8,161.815
1748009212143.0,161.801,161.816
1748009212266.0,161.8,161.815
1748009212964.0,161.798,161.813
1748009213214.0,161.801,161.816
1748009213341.0,161.806,161.821
1748009214592.0,161.807,161.822
1748009214719.0,161.809,161.824
1748009214967.0,161.81,161.825
1748009215816.0,161.811,161.826
1748009216241.0,161.808,161.823
1748009216487.0,161.807,161.822
1748009216739.0,161.809,161.824
1748009217313.0,161.807,161.822
1748009217590.0,161.806,161.821
1748009217841.0,161.81,161.825
1748009218565.0,161.811,161.826
1748009218823.0,161.813,161.828
1748009219462.0,161.811,161.826
1748009219585.0,161.812,161.827
1748009219886.0,161.813,161.828
1748009220013.0,161.812,161.827
1748009220820.0,161.811,161.826
1748009221321.0,161.81,161.825
1748009221443.0,161.809,161.824
1748009221820.0,161.818,161.833
1748009221944.0,161.821,161.836
1748009222319.0,161.821,161.836
1748009222572.0,161.823,161.838
1748009222698.0,161.827,161.842
1748009222946.0,161.826,161.841
1748009223569.0,161.829,161.844
1748009223819.0,161.828,161.843
1748009224199.0,161.827,161.842
1748009224509.0,161.828,161.843
1748009224635.0,161.83,161.845
1748009225425.0,161.831,161.846
1748009225674.0,161.83,161.845
1748009226220.0,161.828,161.843
1748009227041.0,161.827,161.842
1748009227166.0,161.828,161.843
1748009227712.0,161.829,161.844
1748009227844.0,161.832,161.847
1748009228217.0,161.836,161.851
1748009228341.0,161.837,161.852
1748009228906.0,161.836,161.851
1748009229282.0,161.838,161.853
1748009229532.0,161.837,161.852
1748009229906.0,161.836,161.851
1748009230284.0,161.838,161.853
1748009230974.0,161.839,161.854
1748009231345.0,161.838,161.853
1748009232756.0,161.84,161.855
1748009233002.0,161.842,161.857
1748009233512.0,161.842,161.857
1748009233766.0,161.847,161.862
1748009233888.0,161.845,161.86
1748009235330.0,161.851,161.866
1748009235459.0,161.848,161.863
1748009236048.0,161.849,161.864
1748009236300.0,161.848,161.863
1748009236595.0,161.849,161.864
1748009237018.0,161.846,161.867
1748009237268.0,161.842,161.863
1748009237392.0,161.838,161.859
1748009237766.0,161.838,161.859
1748009238016.0,161.84,161.855
1748009238516.0,161.84,161.855
1748009238767.0,161.841,161.856
1748009239443.0,161.84,161.855
1748009239692.0,161.842,161.857
1748009240395.0,161.839,161.854
1748009240520.0,161.842,161.857
1748009240645.0,161.844,161.859
1748009240896.0,161.843,161.858
1748009243123.0,161.844,161.859
1748009243959.0,161.842,161.857
1748009244085.0,161.843,161.858
1748009244333.0,161.846,161.861
1748009244709.0,161.845,161.86
1748009245279.0,161.844,161.859
1748009245392.0,161.845,161.86
1748009246017.0,161.846,161.861
1748009246579.0,161.844,161.859
1748009247079.0,161.844,161.859
1748009247693.0,161.842,161.857
1748009247818.0,161.841,161.856
1748009247944.0,161.837,161.852
1748009248068.0,161.84,161.855
1748009249705.0,161.837,161.852
1748009250327.0,161.836,161.851
1748009250581.0,161.831,161.846
1748009250831.0,161.828,161.843
1748009251080.0,161.828,161.843
1748009251202.0,161.827,161.842
1748009251940.0,161.828,161.843
1748009252225.0,161.827,161.842
1748009252599.0,161.818,161.833
1748009252725.0,161.815,161.83
1748009252975.0,161.814,161.829
1748009253475.0,161.815,161.83
1748009254756.0,161.816,161.831
1748009255833.0,161.812,161.827
1748009255959.0,161.813,161.828
1748009256335.0,161.816,161.831
1748009256607.0,161.817,161.832
1748009257413.0,161.814,161.829
1748009257971.0,161.813,161.828
1748009258219.0,161.815,161.83
1748009258349.0,161.814,161.829
1748009258596.0,161.811,161.826
1748009259077.0,161.812,161.827
1748009259202.0,161.815,161.83
1748009259451.0,161.814,161.829
1748009259975.0,161.811,161.826
1748009260350.0,161.812,161.827
1748009260602.0,161.811,161.826
1748009260726.0,161.815,161.83
1748009261127.0,161.817,161.832
1748009261250.0,161.818,161.833
1748009261502.0,161.822,161.837
1748009262577.0,161.823,161.838
1748009263078.0,161.827,161.842
1748009263351.0,161.828,161.843
1748009263476.0,161.827,161.842
1748009263851.0,161.83,161.845
1748009264100.0,161.832,161.847
1748009264644.0,161.834,161.849
1748009265392.0,161.831,161.846
1748009265769.0,161.83,161.845
1748009265894.0,161.833,161.848
1748009266468.0,161.832,161.847
1748009266593.0,161.829,161.844
1748009266843.0,161.828,161.843
1748009267094.0,161.828,161.843
1748009267470.0,161.825,161.84
1748009267860.0,161.822,161.837
1748009268109.0,161.823,161.838
1748009268365.0,161.823,161.838
1748009268735.0,161.824,161.839
1748009268862.0,161.825,161.84
1748009269110.0,161.821,161.836
1748009269234.0,161.815,161.83
1748009269361.0,161.817,161.832
1748009269860.0,161.815,161.83
1748009270235.0,161.814,161.829
1748009270768.0,161.816,161.831
1748009271273.0,161.813,161.828
1748009271399.0,161.812,161.827
1748009272091.0,161.804,161.819
1748009272342.0,161.805,161.82
1748009272467.0,161.807,161.822
1748009272716.0,161.804,161.819
1748009273227.0,161.803,161.818
1748009273639.0,161.804,161.819
1748009274019.0,161.801,161.816
1748009274140.0,161.803,161.818
1748009275050.0,161.804,161.819
1748009276828.0,161.803,161.818
1748009277454.0,161.804,161.819
1748009277728.0,161.802,161.817
1748009277856.0,161.794,161.809
1748009278230.0,161.794,161.809
1748009278353.0,161.79,161.805
1748009279593.0,161.791,161.806
1748009279969.0,161.79,161.805
1748009280354.0,161.792,161.807
1748009280469.0,161.794,161.809
1748009280970.0,161.795,161.81
1748009281096.0,161.796,161.811
1748009281372.0,161.799,161.814
1748009281873.0,161.797,161.812
1748009282457.0,161.8,161.815
1748009282992.0,161.801,161.816
1748009284021.0,161.798,161.819
1748009284141.0,161.799,161.82
1748009284801.0,161.789,161.816
1748009285050.0,161.796,161.811
1748009286611.0,161.795,161.81
1748009287016.0,161.794,161.809
1748009287518.0,161.799,161.814
1748009287768.0,161.801,161.816
1748009287889.0,161.8,161.815
1748009288928.0,161.799,161.814
1748009289180.0,161.799,161.814
1748009289563.0,161.8,161.815
1748009289939.0,161.799,161.814
1748009290186.0,161.8,161.815
1748009290439.0,161.799,161.814
1748009290688.0,161.8,161.815
1748009290948.0,161.8,161.815
1748009291556.0,161.801,161.816
1748009292293.0,161.803,161.818
1748009292668.0,161.804,161.819
1748009292919.0,161.802,161.817
1748009293170.0,161.799,161.814
1748009293420.0,161.8,161.815
1748009293545.0,161.799,161.814
1748009294183.0,161.8,161.815
1748009294307.0,161.799,161.814
1748009294959.0,161.796,161.811
1748009295209.0,161.799,161.814
1748009296977.0,161.794,161.809
1748009297226.0,161.795,161.81
1748009298065.0,161.794,161.809
1748009298547.0,161.795,161.81
1748009299849.0,161.794,161.809
1748009300272.0,161.782,161.797
1748009300394.0,161.783,161.798
1748009300521.0,161.785,161.8
1748009300769.0,161.784,161.799
1748009301145.0,161.783,161.798
1748009301393.0,161.782,161.797
1748009301979.0,161.783,161.798
1748009302103.0,161.784,161.799
1748009302230.0,161.782,161.797
1748009303051.0,161.78,161.795
1748009303176.0,161.779,161.794
1748009304489.0,161.782,161.797
1748009305128.0,161.778,161.793
1748009305379.0,161.776,161.791
1748009305630.0,161.778,161.793
1748009305754.0,161.777,161.792
1748009306360.0,161.778,161.793
1748009307262.0,161.78,161.795
1748009308369.0,161.778,161.793
1748009308869.0,161.775,161.79
1748009308994.0,161.776,161.791
1748009309185.0,161.777,161.792
1748009309567.0,161.784,161.799
1748009309933.0,161.782,161.797
1748009310185.0,161.783,161.798
1748009310434.0,161.784,161.799
1748009310560.0,161.781,161.796
1748009310936.0,161.788,161.803
1748009311184.0,161.789,161.804
1748009311559.0,161.79,161.805
1748009311684.0,161.789,161.804
1748009311935.0,161.791,161.806
1748009312359.0,161.79,161.805
1748009312483.0,161.789,161.804
1748009312608.0,161.79,161.805
1748009312859.0,161.794,161.809
1748009313495.0,161.795,161.81
1748009313813.0,161.797,161.812
1748009313932.0,161.799,161.814
1748009314186.0,161.802,161.817
1748009314861.0,161.804,161.819
1748009315235.0,161.81,161.825
1748009315736.0,161.817,161.832
1748009316242.0,161.817,161.832
1748009317105.0,161.827,161.842
1748009317355.0,161.825,161.84
1748009317604.0,161.822,161.837
1748009318364.0,161.821,161.836
1748009318946.0,161.815,161.83
1748009319077.0,161.817,161.832
1748009319328.0,161.815,161.83
1748009319576.0,161.814,161.829
1748009319945.0,161.813,161.828
1748009320195.0,161.815,161.83
1748009320570.0,161.813,161.828
1748009320695.0,161.817,161.832
1748009320945.0,161.816,161.831
1748009321615.0,161.816,161.831
1748009321866.0,161.813,161.828
1748009322900.0,161.814,161.829
1748009323016.0,161.815,161.83
1748009323266.0,161.814,161.829
1748009323645.0,161.815,161.83
1748009324022.0,161.809,161.824
1748009324332.0,161.81,161.825
1748009325168.0,161.811,161.826
1748009326396.0,161.81,161.825
1748009326518.0,161.809,161.824
1748009326892.0,161.812,161.827
1748009327016.0,161.814,161.829
1748009327772.0,161.812,161.827
1748009328021.0,161.809,161.824
1748009328667.0,161.808,161.823
1748009329272.0,161.809,161.824
1748009329521.0,161.807,161.822
1748009329896.0,161.801,161.816
1748009330146.0,161.805,161.82
1748009330396.0,161.806,161.821
1748009330521.0,161.805,161.82
1748009330897.0,161.809,161.824
1748009331184.0,161.808,161.823
1748009331908.0,161.811,161.826
1748009332277.0,161.812,161.827
1748009332402.0,161.813,161.828
1748009333067.0,161.812,161.827
1748009333317.0,161.811,161.826
1748009333443.0,161.812,161.827
1748009333816.0,161.814,161.829
1748009334066.0,161.818,161.833
1748009334926.0,161.819,161.834
1748009335175.0,161.818,161.833
1748009335847.0,161.816,161.831
1748009336226.0,161.812,161.827
1748009336476.0,161.812,161.827
1748009336722.0,161.811,161.826
1748009336972.0,161.81,161.825
1748009337347.0,161.811,161.826
1748009337597.0,161.816,161.831
1748009337847.0,161.817,161.832
1748009337972.0,161.818,161.833
1748009338221.0,161.816,161.831
1748009338635.0,161.817,161.832
1748009338885.0,161.818,161.833
1748009339262.0,161.817,161.832
1748009339762.0,161.818,161.833
1748009340012.0,161.828,161.843
1748009340259.0,161.828,161.843
1748009340511.0,161.831,161.846
1748009340761.0,161.828,161.843
1748009341011.0,161.827,161.842
1748009341135.0,161.826,161.841
1748009341265.0,161.828,161.843
1748009341512.0,161.827,161.842
1748009341636.0,161.826,161.841
1748009341886.0,161.825,161.84
1748009342387.0,161.822,161.837
1748009342513.0,161.825,161.84
1748009343268.0,161.824,161.839
1748009343516.0,161.825,161.84
1748009344559.0,161.821,161.836
1748009344809.0,161.818,161.833
1748009345059.0,161.817,161.832
1748009345560.0,161.816,161.831
1748009346443.0,161.815,161.83
1748009347441.0,161.811,161.826
1748009347559.0,161.805,161.82
1748009347932.0,161.806,161.821
1748009348555.0,161.805,161.82
1748009348681.0,161.802,161.817
1748009349224.0,161.801,161.816
1748009351365.0,161.792,161.807
1748009351488.0,161.79,161.805
1748009351864.0,161.792,161.807
1748009352226.0,161.793,161.808
1748009352478.0,161.792,161.807
1748009352729.0,161.788,161.803
1748009352978.0,161.783,161.798
1748009353104.0,161.785,161.8
1748009353228.0,161.784,161.799
1748009353479.0,161.789,161.804
1748009353853.0,161.787,161.802
1748009354651.0,161.788,161.803
1748009354776.0,161.789,161.804
1748009355277.0,161.788,161.803
1748009355929.0,161.789,161.804
1748009356453.0,161.788,161.803
1748009357099.0,161.789,161.804
1748009357863.0,161.788,161.803
1748009358112.0,161.789,161.804
1748009358578.0,161.778,161.793
1748009358708.0,161.774,161.789
1748009358959.0,161.773,161.788
1748009359353.0,161.77,161.785
1748009359477.0,161.771,161.786
1748009359728.0,161.77,161.785
1748009360119.0,161.772,161.787
1748009360371.0,161.773,161.788
1748009360994.0,161.775,161.79
1748009361246.0,161.78,161.795
1748009361495.0,161.787,161.802
1748009361641.0,161.79,161.805
1748009362898.0,161.793,161.808
1748009363149.0,161.797,161.812
1748009363664.0,161.798,161.813
1748009364164.0,161.797,161.812
1748009364754.0,161.796,161.811
1748009365004.0,161.8,161.815
1748009365125.0,161.795,161.81
1748009365375.0,161.794,161.809
1748009366347.0,161.787,161.802
1748009366478.0,161.788,161.803
1748009370295.0,161.787,161.802
1748009371355.0,161.785,161.8
1748009372092.0,161.786,161.801
1748009372363.0,161.787,161.802
1748009372749.0,161.783,161.798
1748009374098.0,161.779,161.794
1748009374222.0,161.776,161.791
1748009374942.0,161.775,161.79
1748009375193.0,161.777,161.792
1748009378347.0,161.772,161.787
1748009378595.0,161.778,161.793
1748009378845.0,161.772,161.787
1748009379346.0,161.767,161.782
1748009379473.0,161.774,161.789
1748009379595.0,161.772,161.787
1748009380618.0,161.769,161.784
1748009381004.0,161.766,161.781
1748009381255.0,161.763,161.778
1748009381502.0,161.761,161.776
1748009381623.0,161.752,161.767
1748009381999.0,161.753,161.768
1748009382623.0,161.752,161.767
1748009382897.0,161.753,161.768
1748009383023.0,161.752,161.767
1748009383397.0,161.753,161.768
1748009383898.0,161.756,161.771
1748009384022.0,161.753,161.768
1748009384711.0,161.754,161.769
1748009384963.0,161.754,161.769
1748009385212.0,161.753,161.768
1748009385340.0,161.755,161.77
1748009385617.0,161.753,161.768
1748009386113.0,161.752,161.767
1748009386366.0,161.751,161.766
1748009386617.0,161.747,161.762
1748009387605.0,161.748,161.763
1748009387980.0,161.749,161.764
1748009388230.0,161.744,161.759
1748009388480.0,161.749,161.764
1748009389453.0,161.748,161.763
1748009389704.0,161.745,161.76
1748009391958.0,161.754,161.769
1748009392082.0,161.753,161.768
1748009392740.0,161.746,161.761
1748009392866.0,161.748,161.763
1748009393242.0,161.752,161.767
1748009395066.0,161.749,161.764
1748009395193.0,161.748,161.763
1748009395321.0,161.749,161.764
1748009396030.0,161.748,161.763
1748009398581.0,161.747,161.762
1748009399150.0,161.743,161.758
1748009400142.0,161.742,161.757
1748009400392.0,161.733,161.748
1748009400516.0,161.734,161.749
1748009400642.0,161.732,161.747
1748009400980.0,161.733,161.748
1748009401231.0,161.731,161.746
1748009401480.0,161.733,161.748
1748009401990.0,161.727,161.742
1748009402395.0,161.726,161.741
1748009402645.0,161.729,161.744
1748009403025.0,161.732,161.747
1748009403498.0,161.725,161.74
1748009404143.0,161.727,161.742
1748009404393.0,161.73,161.745
1748009405416.0,161.727,161.742
1748009405665.0,161.726,161.741
1748009406210.0,161.727,161.742
1748009407064.0,161.733,161.748
1748009407564.0,161.734,161.749
1748009408420.0,161.734,161.749
1748009409250.0,161.733,161.748
1748009409375.0,161.735,161.75
1748009409762.0,161.735,161.75
1748009410545.0,161.735,161.75
1748009410795.0,161.732,161.747
1748009411046.0,161.734,161.749
1748009411171.0,161.735,161.75
1748009411296.0,161.722,161.737
1748009411421.0,161.719,161.734
1748009411671.0,161.717,161.732
1748009411922.0,161.723,161.738
1748009412422.0,161.725,161.74
1748009412670.0,161.723,161.738
1748009413197.0,161.722,161.737
1748009413574.0,161.721,161.736
1748009414278.0,161.727,161.742
1748009414395.0,161.724,161.739
1748009414644.0,161.722,161.737
1748009414896.0,161.723,161.738
1748009415270.0,161.723,161.738
1748009415646.0,161.724,161.739
1748009416061.0,161.723,161.738
1748009416329.0,161.724,161.739
1748009416706.0,161.719,161.734
1748009417341.0,161.717,161.732
1748009418115.0,161.716,161.731
1748009419098.0,161.715,161.73
1748009419223.0,161.712,161.727
1748009420857.0,161.71,161.725
1748009420982.0,161.709,161.724
1748009421232.0,161.705,161.72
1748009422253.0,161.706,161.721
1748009422380.0,161.708,161.723
1748009422631.0,161.712,161.727
1748009423004.0,161.709,161.724
1748009423792.0,161.711,161.726
1748009425295.0,161.71,161.725
1748009425546.0,161.711,161.726
1748009426173.0,161.712,161.727
1748009426421.0,161.711,161.726
1748009426753.0,161.712,161.727
1748009426886.0,161.713,161.728
1748009427254.0,161.712,161.727
1748009427505.0,161.71,161.725
1748009427879.0,161.712,161.727
1748009428004.0,161.71,161.725
1748009429403.0,161.711,161.726
1748009429525.0,161.71,161.725
1748009430175.0,161.709,161.724
1748009430293.0,161.71,161.725
1748009430544.0,161.711,161.726
1748009431089.0,161.713,161.728
1748009431341.0,161.717,161.732
1748009431463.0,161.715,161.73
1748009431841.0,161.716,161.731
1748009432283.0,161.717,161.732
1748009432407.0,161.716,161.731
1748009434507.0,161.717,161.732
1748009434880.0,161.716,161.731
1748009435504.0,161.714,161.729
1748009435880.0,161.712,161.727
1748009436161.0,161.714,161.729
1748009436286.0,161.716,161.731
1748009437141.0,161.716,161.731
1748009437394.0,161.717,161.732
1748009437515.0,161.719,161.734
1748009437896.0,161.716,161.731
1748009438265.0,161.713,161.728
1748009438515.0,161.715,161.73
1748009438765.0,161.714,161.729
1748009439015.0,161.713,161.728
1748009439142.0,161.712,161.727
1748009439522.0,161.717,161.732
1748009439768.0,161.709,161.724
1748009440565.0,161.708,161.723
1748009441376.0,161.712,161.727
1748009441626.0,161.713,161.728
1748009441876.0,161.712,161.727
1748009442279.0,161.714,161.729
1748009442405.0,161.713,161.728
1748009443051.0,161.718,161.733
1748009443299.0,161.719,161.734
1748009444066.0,161.715,161.73
1748009444192.0,161.716,161.731
1748009445049.0,161.718,161.733
1748009445301.0,161.722,161.737
1748009445674.0,161.723,161.738
1748009445800.0,161.725,161.74
1748009446174.0,161.723,161.738
1748009446301.0,161.726,161.741
1748009446702.0,161.727,161.742
1748009446827.0,161.726,161.741
1748009447325.0,161.725,161.746
1748009447450.0,161.728,161.749
1748009447824.0,161.727,161.742
1748009449158.0,161.728,161.743
1748009449408.0,161.73,161.745
1748009449933.0,161.732,161.747
1748009450440.0,161.737,161.752
1748009450564.0,161.739,161.754
1748009450941.0,161.737,161.752
1748009451398.0,161.736,161.751
1748009451840.0,161.737,161.752
1748009452088.0,161.737,161.752
1748009452781.0,161.736,161.751
1748009452906.0,161.737,161.752
1748009453157.0,161.736,161.751
1748009453420.0,161.737,161.752
1748009453670.0,161.73,161.745
1748009453922.0,161.728,161.743
1748009454171.0,161.729,161.744
1748009454811.0,161.731,161.746
1748009455060.0,161.735,161.75
1748009455184.0,161.734,161.749
1748009455561.0,161.73,161.745
1748009455689.0,161.731,161.746
1748009456062.0,161.73,161.745
1748009456312.0,161.729,161.744
1748009456562.0,161.731,161.746
1748009456812.0,161.735,161.75
1748009456936.0,161.733,161.748
1748009457582.0,161.732,161.747
1748009457710.0,161.728,161.743
1748009458796.0,161.727,161.742
1748009459049.0,161.728,161.743
1748009459979.0,161.729,161.744
1748009460229.0,161.73,161.745
1748009460853.0,161.728,161.743
1748009461103.0,161.728,161.743
1748009461605.0,161.729,161.744
1748009462244.0,161.726,161.741
1748009462562.0,161.725,161.74
1748009462935.0,161.723,161.738
1748009463249.0,161.722,161.737
1748009463370.0,161.718,161.733
1748009463621.0,161.719,161.734
1748009465050.0,161.717,161.732
1748009465300.0,161.716,161.731
1748009465426.0,161.719,161.734
1748009466258.0,161.718,161.733
1748009466508.0,161.717,161.732
1748009466880.0,161.706,161.721
1748009467265.0,161.719,161.734
1748009467513.0,161.722,161.737
1748009467630.0,161.723,161.738
1748009468009.0,161.722,161.737
1748009468183.0,161.721,161.736
1748009468787.0,161.723,161.738
1748009469041.0,161.726,161.741
1748009469157.0,161.73,161.745
1748009469553.0,161.723,161.738
1748009469664.0,161.722,161.737
1748009470300.0,161.721,161.736
1748009470802.0,161.72,161.735
1748009471170.0,161.719,161.734
1748009471733.0,161.718,161.733
1748009472581.0,161.721,161.736
1748009472830.0,161.719,161.734
1748009473330.0,161.72,161.735
1748009474126.0,161.718,161.733
1748009474374.0,161.719,161.734
1748009474499.0,161.718,161.733
1748009474887.0,161.72,161.735
1748009475011.0,161.719,161.734
1748009475263.0,161.72,161.735
1748009475741.0,161.719,161.734
1748009475989.0,161.719,161.734
1748009476505.0,161.72,161.735
1748009476631.0,161.723,161.738
1748009477132.0,161.724,161.739
1748009477823.0,161.723,161.738
1748009478368.0,161.724,161.739
1748009479105.0,161.723,161.738
1748009479356.0,161.722,161.737
1748009480228.0,161.723,161.738
1748009480744.0,161.732,161.747
1748009480883.0,161.731,161.746
1748009481120.0,161.73,161.745
1748009481369.0,161.723,161.738
1748009481494.0,161.722,161.737
1748009481870.0,161.723,161.738
1748009482120.0,161.726,161.741
1748009482323.0,161.725,161.74
1748009483376.0,161.724,161.739
1748009484001.0,161.732,161.747
1748009484250.0,161.732,161.747
1748009484374.0,161.731,161.746
1748009484779.0,161.732,161.747
1748009485154.0,161.733,161.748
1748009485451.0,161.732,161.747
1748009485701.0,161.733,161.748
1748009485948.0,161.728,161.743
1748009486590.0,161.727,161.742
1748009486964.0,161.726,161.741
1748009487341.0,161.724,161.739
1748009487591.0,161.726,161.741
1748009487964.0,161.724,161.739
1748009488216.0,161.729,161.744
1748009488558.0,161.73,161.745
1748009488682.0,161.729,161.744
1748009490183.0,161.73,161.745
1748009490314.0,161.737,161.752
1748009490993.0,161.738,161.753
1748009491492.0,161.741,161.756
1748009491618.0,161.74,161.755
1748009492222.0,161.742,161.757
1748009492470.0,161.743,161.758
1748009492979.0,161.742,161.757
1748009493105.0,161.74,161.755
1748009493354.0,161.743,161.758
1748009493605.0,161.743,161.758
1748009494132.0,161.745,161.76
1748009494381.0,161.743,161.758
1748009494631.0,161.744,161.759
1748009495522.0,161.745,161.76
1748009497884.0,161.746,161.761
1748009498009.0,161.745,161.76
1748009498884.0,161.746,161.761
1748009499134.0,161.747,161.762
1748009500865.0,161.746,161.761
1748009501450.0,161.747,161.762
1748009501824.0,161.747,161.762
1748009501953.0,161.746,161.761
1748009502202.0,161.747,161.762
1748009502451.0,161.748,161.763
1748009502709.0,161.747,161.762
1748009503539.0,161.749,161.764
1748009504432.0,161.748,161.763
1748009504693.0,161.745,161.76
1748009505540.0,161.744,161.759
1748009506005.0,161.745,161.76
1748009506150.0,161.744,161.759
1748009507482.0,161.745,161.76
1748009508104.0,161.746,161.761
1748009508228.0,161.747,161.762
1748009508693.0,161.748,161.763
1748009508942.0,161.747,161.762
1748009509194.0,161.746,161.761
1748009509443.0,161.746,161.761
1748009510224.0,161.745,161.76
1748009510348.0,161.744,161.759
1748009511329.0,161.746,161.761
1748009511443.0,161.749,161.764
1748009511690.0,161.747,161.762
1748009512246.0,161.746,161.761
1748009512816.0,161.745,161.76
1748009513666.0,161.744,161.759
1748009514303.0,161.741,161.756
1748009514428.0,161.742,161.757
1748009515374.0,161.746,161.761
1748009515498.0,161.747,161.762
1748009516080.0,161.748,161.763
1748009516330.0,161.743,161.758
1748009516453.0,161.737,161.752
1748009517022.0,161.738,161.753
1748009518206.0,161.736,161.751
1748009518785.0,161.737,161.752
1748009519035.0,161.737,161.752
1748009519161.0,161.738,161.753
1748009519674.0,161.743,161.758
1748009519923.0,161.742,161.757
1748009520108.0,161.743,161.758
1748009520483.0,161.742,161.757
1748009520743.0,161.743,161.758
1748009521118.0,161.744,161.759
1748009521618.0,161.745,161.76
1748009521866.0,161.748,161.763
1748009522118.0,161.749,161.764
1748009522371.0,161.748,161.763
1748009522991.0,161.751,161.766
1748009523118.0,161.752,161.767
1748009523497.0,161.748,161.763
1748009523621.0,161.746,161.761
1748009524002.0,161.744,161.759
1748009524121.0,161.745,161.76
1748009524371.0,161.748,161.763
1748009524621.0,161.748,161.763
1748009524750.0,161.745,161.76
1748009525595.0,161.744,161.759
1748009525718.0,161.745,161.76
1748009527129.0,161.744,161.759
1748009528105.0,161.743,161.758
1748009528480.0,161.742,161.757
1748009528606.0,161.741,161.756
1748009528980.0,161.74,161.755
1748009530160.0,161.742,161.757
1748009530409.0,161.74,161.755
1748009530865.0,161.741,161.756
1748009531615.0,161.735,161.75
1748009532578.0,161.736,161.751
1748009532703.0,161.738,161.753
1748009533085.0,161.741,161.756
1748009533335.0,161.74,161.755
1748009533459.0,161.742,161.757
1748009533710.0,161.741,161.756
1748009534085.0,161.741,161.756
1748009534210.0,161.742,161.757
1748009535462.0,161.742,161.757
1748009535712.0,161.741,161.756
1748009535995.0,161.742,161.757
1748009536120.0,161.744,161.759
1748009537015.0,161.743,161.758
1748009537797.0,161.744,161.759
1748009538047.0,161.746,161.761
1748009538299.0,161.74,161.755
1748009538557.0,161.739,161.754
1748009538808.0,161.737,161.752
1748009539182.0,161.74,161.755
1748009539432.0,161.741,161.756
1748009539682.0,161.743,161.758
1748009539933.0,161.747,161.762
1748009540059.0,161.748,161.763
1748009540433.0,161.749,161.764
1748009540683.0,161.759,161.774
1748009540934.0,161.756,161.771
1748009541183.0,161.753,161.768
1748009541432.0,161.753,161.768
1748009542057.0,161.751,161.766
1748009542182.0,161.749,161.764
1748009542809.0,161.752,161.767
1748009542932.0,161.751,161.766
1748009543060.0,161.748,161.763
1748009543310.0,161.752,161.767
1748009543682.0,161.753,161.768
1748009544616.0,161.754,161.769
1748009545116.0,161.756,161.771
1748009545491.0,161.759,161.774
1748009545617.0,161.76,161.775
1748009546116.0,161.759,161.774
1748009546615.0,161.761,161.776
1748009547135.0,161.756,161.771
1748009547386.0,161.757,161.772
1748009547818.0,161.758,161.773
1748009548066.0,161.757,161.772
1748009548635.0,161.759,161.774
1748009548883.0,161.758,161.773
1748009549133.0,161.755,161.77
1748009549383.0,161.753,161.768
1748009550053.0,161.754,161.769
1748009550302.0,161.754,161.769
1748009550427.0,161.753,161.768
1748009551313.0,161.752,161.767
1748009551563.0,161.751,161.766
1748009551814.0,161.749,161.764
1748009552064.0,161.751,161.766
1748009552314.0,161.748,161.763
1748009552678.0,161.75,161.765
1748009552803.0,161.748,161.763
1748009553179.0,161.746,161.761
1748009553429.0,161.744,161.759
1748009553679.0,161.743,161.758
1748009553929.0,161.746,161.761
1748009554179.0,161.745,161.76
1748009554428.0,161.745,161.76
1748009555070.0,161.745,161.76
1748009555195.0,161.744,161.759
1748009555502.0,161.745,161.76
1748009555752.0,161.746,161.761
1748009556008.0,161.747,161.762
1748009556257.0,161.745,161.76
1748009556911.0,161.746,161.761
1748009557856.0,161.745,161.76
1748009558231.0,161.743,161.758
1748009558802.0,161.744,161.759
1748009558926.0,161.748,161.763
1748009559178.0,161.747,161.762
1748009559427.0,161.748,161.763
1748009559801.0,161.747,161.762
1748009560284.0,161.743,161.758
1748009560416.0,161.744,161.759
1748009560667.0,161.741,161.756
1748009560782.0,161.742,161.757
1748009561032.0,161.745,161.76
1748009561412.0,161.74,161.755
1748009561657.0,161.738,161.753
1748009561908.0,161.739,161.754
1748009562033.0,161.737,161.752
1748009562408.0,161.735,161.75
1748009562657.0,161.734,161.749
1748009563078.0,161.735,161.75
1748009563496.0,161.734,161.749
1748009563911.0,161.735,161.75
1748009564325.0,161.735,161.75
1748009564702.0,161.736,161.751
1748009564948.0,161.735,161.75
1748009566147.0,161.734,161.749
1748009566656.0,161.734,161.749
1748009566781.0,161.735,161.75
1748009567032.0,161.736,161.751
1748009567503.0,161.735,161.75
1748009568391.0,161.734,161.749
1748009569244.0,161.732,161.747
1748009569371.0,161.733,161.748
1748009570128.0,161.734,161.749
1748009570377.0,161.736,161.751
1748009570503.0,161.731,161.746
1748009570878.0,161.728,161.743
1748009571001.0,161.729,161.744
1748009571128.0,161.73,161.745
1748009571700.0,161.729,161.744
1748009571826.0,161.728,161.743
1748009572099.0,161.729,161.744
1748009573105.0,161.728,161.743
1748009573605.0,161.729,161.744
1748009573856.0,161.727,161.742
1748009574103.0,161.723,161.738
1748009574230.0,161.725,161.74
1748009574913.0,161.706,161.721
1748009575414.0,161.708,161.723
1748009575664.0,161.703,161.718
1748009575914.0,161.703,161.718
1748009576164.0,161.704,161.719
1748009576290.0,161.705,161.72
1748009577023.0,161.704,161.719
1748009577274.0,161.706,161.721
1748009577524.0,161.71,161.725
1748009577648.0,161.712,161.727
1748009578043.0,161.713,161.728
1748009578169.0,161.712,161.727
1748009578803.0,161.713,161.728
1748009579411.0,161.708,161.723
1748009579534.0,161.703,161.718
1748009579910.0,161.704,161.719
1748009580035.0,161.702,161.717
1748009580445.0,161.701,161.716
1748009580945.0,161.702,161.717
1748009581586.0,161.704,161.719
1748009582510.0,161.706,161.721
1748009582758.0,161.708,161.723
1748009583909.0,161.709,161.724
1748009584451.0,161.712,161.727
1748009584575.0,161.713,161.728
1748009584950.0,161.709,161.724
1748009585990.0,161.71,161.725
1748009586548.0,161.711,161.726
1748009586671.0,161.712,161.727
1748009587074.0,161.714,161.729
1748009587200.0,161.713,161.728
1748009587869.0,161.712,161.727
1748009588951.0,161.713,161.728
1748009590252.0,161.705,161.72
1748009590753.0,161.702,161.717
1748009591502.0,161.701,161.716
1748009591627.0,161.7,161.715
1748009591877.0,161.699,161.714
1748009592128.0,161.698,161.713
1748009592377.0,161.698,161.713
1748009593088.0,161.697,161.712
1748009593213.0,161.696,161.711
1748009593463.0,161.695,161.71
1748009593920.0,161.689,161.704
1748009595562.0,161.696,161.711
1748009596063.0,161.694,161.709
1748009597142.0,161.695,161.71
1748009597434.0,161.694,161.709
1748009597684.0,161.692,161.707
1748009597809.0,161.693,161.708
1748009598559.0,161.691,161.706
1748009598808.0,161.69,161.705
1748009601644.0,161.687,161.702
1748009601893.0,161.688,161.703
1748009602144.0,161.685,161.7
1748009602270.0,161.684,161.699
1748009603141.0,161.687,161.702
1748009603266.0,161.684,161.699
1748009604069.0,161.685,161.7
1748009606606.0,161.684,161.699
1748009606855.0,161.685,161.7
1748009607232.0,161.684,161.699
1748009607731.0,161.685,161.7
1748009608402.0,161.681,161.696
1748009609077.0,161.676,161.691
1748009610353.0,161.673,161.688
1748009611208.0,161.672,161.687
1748009611334.0,161.673,161.688
1748009611873.0,161.674,161.689
1748009612265.0,161.677,161.692
1748009612515.0,161.673,161.688
1748009612890.0,161.68,161.695
1748009615942.0,161.679,161.694
1748009616191.0,161.674,161.689
1748009616318.0,161.673,161.688
1748009616711.0,161.673,161.688
1748009617211.0,161.674,161.689
1748009617909.0,161.673,161.688
1748009618281.0,161.671,161.686
1748009618644.0,161.673,161.688
1748009618777.0,161.672,161.687
1748009618895.0,161.675,161.69
1748009619029.0,161.672,161.687
1748009619594.0,161.674,161.689
1748009620109.0,161.672,161.687
1748009620233.0,161.674,161.689
1748009621041.0,161.675,161.69
1748009621295.0,161.676,161.691
1748009621418.0,161.679,161.694
1748009621670.0,161.683,161.698
1748009622014.0,161.684,161.699
1748009622265.0,161.68,161.695
1748009622514.0,161.683,161.698
1748009622764.0,161.684,161.699
1748009623013.0,161.683,161.698
1748009623299.0,161.682,161.697
1748009623547.0,161.68,161.695
1748009623798.0,161.679,161.694
1748009623923.0,161.686,161.701
1748009624045.0,161.685,161.7
1748009624545.0,161.686,161.701
1748009624918.0,161.682,161.697
1748009625168.0,161.681,161.696
1748009625418.0,161.68,161.695
1748009625954.0,161.681,161.696
1748009628546.0,161.68,161.695
1748009629240.0,161.681,161.696
1748009630458.0,161.686,161.701
1748009630583.0,161.685,161.7
1748009630835.0,161.686,161.701
1748009631531.0,161.689,161.704
1748009631780.0,161.69,161.705
1748009632286.0,161.691,161.706
1748009632411.0,161.689,161.704
1748009632911.0,161.69,161.705
1748009633161.0,161.687,161.702
1748009634488.0,161.688,161.703
1748009636151.0,161.687,161.702
1748009636401.0,161.688,161.703
1748009637295.0,161.684,161.699
1748009637421.0,161.685,161.7
1748009637671.0,161.684,161.699
1748009638671.0,161.674,161.689
1748009638796.0,161.677,161.692
1748009640047.0,161.678,161.693
1748009640176.0,161.677,161.692
1748009640551.0,161.678,161.693
1748009640802.0,161.677,161.692
1748009641051.0,161.674,161.689
1748009641175.0,161.676,161.691
1748009641636.0,161.677,161.692
1748009641888.0,161.678,161.693
1748009642426.0,161.683,161.698
1748009642801.0,161.682,161.697
1748009643176.0,161.676,161.691
1748009643452.0,161.674,161.689
1748009643732.0,161.673,161.688
1748009643983.0,161.674,161.689
1748009644107.0,161.673,161.688
1748009644358.0,161.674,161.689
1748009645399.0,161.676,161.691
1748009645524.0,161.68,161.695
1748009645775.0,161.679,161.694
1748009645900.0,161.677,161.692
1748009646149.0,161.678,161.693
1748009646273.0,161.679,161.694
1748009646524.0,161.68,161.695
1748009647524.0,161.679,161.694
1748009648102.0,161.68,161.695
1748009648947.0,161.681,161.696
1748009649446.0,161.682,161.697
1748009652217.0,161.689,161.704
1748009652466.0,161.688,161.703
1748009652720.0,161.685,161.7
1748009652968.0,161.683,161.698
1748009653343.0,161.682,161.697
1748009653718.0,161.681,161.696
1748009655281.0,161.682,161.697
1748009656714.0,161.691,161.706
1748009656841.0,161.69,161.705
1748009657744.0,161.692,161.707
1748009658225.0,161.691,161.706
1748009658479.0,161.69,161.705
1748009659017.0,161.689,161.704
1748009660022.0,161.69,161.705
1748009660269.0,161.689,161.704
1748009660782.0,161.687,161.702
1748009661150.0,161.686,161.701
1748009661400.0,161.683,161.698
1748009661525.0,161.682,161.697
1748009661955.0,161.679,161.694
1748009662204.0,161.676,161.691
1748009663603.0,161.678,161.693
1748009663833.0,161.679,161.694
1748009664081.0,161.68,161.695
1748009665103.0,161.678,161.693
1748009665228.0,161.677,161.692
1748009665352.0,161.679,161.694
1748009666041.0,161.68,161.695
1748009666935.0,161.679,161.694
1748009667187.0,161.676,161.691
1748009667572.0,161.675,161.69
1748009668821.0,161.678,161.693
1748009669073.0,161.677,161.692
1748009669196.0,161.676,161.691
1748009669448.0,161.675,161.69
1748009669840.0,161.678,161.693
1748009670088.0,161.681,161.696
1748009670341.0,161.681,161.696
1748009670962.0,161.68,161.695
1748009671088.0,161.679,161.694
1748009671464.0,161.681,161.696
1748009671809.0,161.683,161.698
1748009672059.0,161.682,161.697
1748009673065.0,161.681,161.696
1748009673649.0,161.682,161.697
1748009674122.0,161.681,161.696
1748009674241.0,161.68,161.695
1748009674714.0,161.679,161.694
1748009675090.0,161.68,161.695
1748009675471.0,161.677,161.692
1748009675589.0,161.676,161.691
1748009676500.0,161.675,161.69
1748009676751.0,161.674,161.689
1748009677001.0,161.674,161.689
1748009677256.0,161.68,161.695
1748009677626.0,161.685,161.7
1748009677755.0,161.684,161.699
1748009678001.0,161.686,161.701
1748009678926.0,161.688,161.703
1748009679692.0,161.683,161.698
1748009679937.0,161.682,161.697
1748009681295.0,161.687,161.702
1748009681546.0,161.692,161.707
1748009681671.0,161.694,161.709
1748009682092.0,161.692,161.707
1748009682340.0,161.701,161.716
1748009682595.0,161.697,161.712
1748009682717.0,161.7,161.715
1748009684253.0,161.696,161.711
1748009684503.0,161.698,161.713
1748009684779.0,161.697,161.712
1748009684904.0,161.696,161.711
1748009685218.0,161.697,161.712
1748009685344.0,161.696,161.711
1748009685594.0,161.695,161.71
1748009686285.0,161.696,161.711
1748009686660.0,161.697,161.712
1748009686788.0,161.696,161.711
1748009686911.0,161.698,161.713
1748009687040.0,161.702,161.717
1748009687159.0,161.699,161.714
1748009687410.0,161.702,161.717
1748009687660.0,161.696,161.711
1748009688536.0,161.697,161.712
1748009688911.0,161.698,161.713
1748009689160.0,161.696,161.711
1748009689285.0,161.697,161.712
1748009689537.0,161.696,161.711
1748009689787.0,161.697,161.712
1748009690035.0,161.696,161.711
1748009690286.0,161.696,161.711
1748009690536.0,161.695,161.71
1748009690786.0,161.693,161.708
1748009690910.0,161.692,161.707
1748009692121.0,161.693,161.708
1748009692370.0,161.696,161.711
1748009693497.0,161.692,161.707
1748009693623.0,161.693,161.708
1748009694518.0,161.692,161.707
1748009695052.0,161.693,161.708
1748009695302.0,161.694,161.709
1748009695928.0,161.693,161.708
1748009696380.0,161.69,161.705
1748009696753.0,161.691,161.706
1748009697408.0,161.692,161.707
1748009697899.0,161.693,161.708
1748009698153.0,161.692,161.707
1748009698404.0,161.691,161.706
1748009699502.0,161.689,161.704
1748009700000.0,161.69,161.705
1748009700132.0,161.687,161.702
1748009700629.0,161.688,161.703
1748009702083.0,161.689,161.704
1748009705403.0,161.685,161.7
1748009705648.0,161.69,161.705
1748009707483.0,161.689,161.704
1748009708229.0,161.688,161.703
1748009708356.0,161.689,161.704
1748009708605.0,161.691,161.706
1748009708729.0,161.692,161.707
1748009708979.0,161.693,161.708
1748009709403.0,161.692,161.707
1748009710193.0,161.694,161.709
1748009710951.0,161.698,161.713
1748009711075.0,161.699,161.714
1748009711452.0,161.703,161.718
1748009711575.0,161.701,161.716
1748009714610.0,161.703,161.718
1748009716764.0,161.702,161.717
1748009717428.0,161.703,161.718
1748009718184.0,161.704,161.719
1748009718436.0,161.703,161.718
1748009721028.0,161.704,161.719
1748009721153.0,161.703,161.718
1748009721466.0,161.696,161.711
1748009721593.0,161.695,161.71
1748009721842.0,161.694,161.709
1748009722028.0,161.695,161.71
1748009722148.0,161.694,161.709
1748009723263.0,161.693,161.708
1748009723954.0,161.691,161.706
1748009724076.0,161.689,161.704
1748009724708.0,161.688,161.703
1748009724963.0,161.693,161.708
1748009725076.0,161.689,161.704
1748009725554.0,161.691,161.706
1748009726061.0,161.69,161.705
1748009726561.0,161.69,161.705
1748009728859.0,161.691,161.706
1748009729235.0,161.683,161.698
1748009729485.0,161.682,161.697
1748009729859.0,161.683,161.698
1748009730732.0,161.684,161.699
1748009730856.0,161.683,161.698
1748009731106.0,161.684,161.699
1748009732092.0,161.686,161.701
1748009732963.0,161.689,161.704
1748009733212.0,161.688,161.703
1748009733958.0,161.685,161.7
1748009734210.0,161.69,161.705
1748009734344.0,161.689,161.704
1748009734591.0,161.69,161.705
1748009734958.0,161.689,161.704
1748009735341.0,161.688,161.703
1748009735459.0,161.689,161.704
1748009735709.0,161.69,161.705
1748009736541.0,161.691,161.706
1748009738222.0,161.69,161.705
1748009738347.0,161.689,161.704
1748009739645.0,161.69,161.705
1748009740060.0,161.691,161.706
1748009740184.0,161.694,161.709
1748009740309.0,161.693,161.708
1748009741135.0,161.7,161.715
1748009742744.0,161.699,161.714
1748009743220.0,161.698,161.713
1748009743466.0,161.696,161.711
1748009743592.0,161.697,161.712
1748009744410.0,161.696,161.711
1748009744659.0,161.691,161.706
1748009745428.0,161.692,161.707
1748009745543.0,161.691,161.706
1748009746462.0,161.69,161.705
1748009746997.0,161.691,161.706
1748009747439.0,161.69,161.705
1748009748870.0,161.69,161.705
1748009749844.0,161.694,161.709
1748009750095.0,161.694,161.709
1748009750863.0,161.692,161.707
1748009751113.0,161.691,161.706
1748009751701.0,161.693,161.708
1748009751894.0,161.692,161.707
1748009752268.0,161.691,161.706
1748009754145.0,161.693,161.708
1748009754270.0,161.695,161.71
1748009754884.0,161.695,161.71
1748009755190.0,161.694,161.709
1748009755316.0,161.695,161.71
1748009755689.0,161.696,161.711
1748009757023.0,161.697,161.712
1748009757814.0,161.698,161.713
1748009757940.0,161.697,161.712
1748009758314.0,161.701,161.716
1748009758564.0,161.696,161.711
1748009759997.0,161.694,161.709
1748009761372.0,161.693,161.708
1748009761829.0,161.694,161.709
1748009762091.0,161.697,161.712
1748009762207.0,161.695,161.71
1748009762833.0,161.69,161.705
1748009762954.0,161.687,161.702
1748009763306.0,161.682,161.697
1748009763857.0,161.681,161.696
1748009764741.0,161.677,161.692
1748009764987.0,161.679,161.694
1748009765305.0,161.685,161.7
1748009765432.0,161.683,161.698
1748009765806.0,161.684,161.699
1748009766305.0,161.681,161.696
1748009767152.0,161.683,161.698
1748009767402.0,161.688,161.703
1748009767525.0,161.691,161.706
1748009767776.0,161.689,161.704
1748009768151.0,161.684,161.699
1748009768276.0,161.686,161.701
1748009768651.0,161.685,161.7
1748009768901.0,161.684,161.699
1748009769808.0,161.678,161.693
1748009770058.0,161.676,161.691
1748009770308.0,161.681,161.696
1748009770557.0,161.68,161.695
1748009770683.0,161.682,161.697
1748009771301.0,161.679,161.694
1748009772146.0,161.675,161.69
1748009772270.0,161.676,161.691
1748009772520.0,161.678,161.693
1748009772770.0,161.679,161.694
1748009774122.0,161.68,161.695
1748009774748.0,161.685,161.7
1748009774873.0,161.678,161.693
1748009775124.0,161.677,161.692
1748009775622.0,161.676,161.691
1748009776124.0,161.678,161.693
1748009776377.0,161.673,161.688
1748009776499.0,161.669,161.684
1748009777013.0,161.668,161.683
1748009777265.0,161.666,161.681
1748009777525.0,161.667,161.682
1748009777651.0,161.668,161.683
1748009778309.0,161.667,161.682
1748009778681.0,161.666,161.681
1748009779766.0,161.665,161.68
1748009780016.0,161.66,161.675
1748009780266.0,161.653,161.668
1748009780517.0,161.652,161.667
1748009781102.0,161.653,161.668
1748009781229.0,161.655,161.67
1748009781604.0,161.657,161.672
1748009781725.0,161.658,161.673
1748009782225.0,161.659,161.674
1748009782475.0,161.66,161.675
1748009782726.0,161.664,161.679
1748009782977.0,161.664,161.679
1748009783225.0,161.662,161.677
1748009783530.0,161.663,161.678
1748009784443.0,161.664,161.679
1748009784693.0,161.663,161.678
1748009785320.0,161.66,161.675
1748009785446.0,161.662,161.677
1748009785819.0,161.661,161.676
1748009786663.0,161.662,161.677
1748009786914.0,161.662,161.677
1748009787040.0,161.66,161.675
1748009787976.0,161.661,161.676
1748009788103.0,161.66,161.675
1748009788601.0,161.662,161.677
1748009788850.0,161.661,161.676
1748009789386.0,161.66,161.675
1748009790268.0,161.659,161.674
1748009790871.0,161.661,161.676
1748009790995.0,161.66,161.675
1748009792781.0,161.659,161.674
1748009793157.0,161.661,161.676
1748009794053.0,161.659,161.674
1748009794304.0,161.659,161.674
1748009794853.0,161.658,161.673
1748009795125.0,161.659,161.674
1748009795854.0,161.655,161.67
1748009796105.0,161.656,161.671
1748009796354.0,161.655,161.67
1748009796747.0,161.656,161.671
1748009796996.0,161.663,161.678
1748009797507.0,161.665,161.68
1748009797755.0,161.663,161.678
1748009798075.0,161.662,161.677
1748009798324.0,161.656,161.671
1748009798824.0,161.659,161.674
1748009799396.0,161.661,161.676
1748009799748.0,161.662,161.677
1748009800397.0,161.663,161.678
1748009800753.0,161.664,161.679
1748009801948.0,161.665,161.68
1748009802383.0,161.666,161.681
1748009802634.0,161.663,161.678
1748009802760.0,161.664,161.679
1748009803008.0,161.665,161.68
1748009803551.0,161.662,161.677
1748009803802.0,161.661,161.676
1748009804053.0,161.662,161.677
1748009804302.0,161.664,161.679
1748009804678.0,161.665,161.68
1748009805287.0,161.666,161.681
1748009805409.0,161.665,161.68
1748009806896.0,161.666,161.681
1748009807020.0,161.665,161.68
1748009807644.0,161.67,161.685
1748009807769.0,161.671,161.686
1748009807894.0,161.669,161.684
1748009808271.0,161.664,161.679
1748009808674.0,161.665,161.68
1748009810353.0,161.658,161.673
1748009810604.0,161.66,161.675
1748009810728.0,161.661,161.676
1748009812252.0,161.662,161.677
1748009812573.0,161.661,161.676
1748009812702.0,161.658,161.673
1748009812823.0,161.659,161.674
1748009814650.0,161.66,161.675
1748009816960.0,161.659,161.674
1748009817615.0,161.659,161.674
1748009818657.0,161.658,161.673
1748009818911.0,161.661,161.676
1748009819033.0,161.662,161.677
1748009819283.0,161.66,161.675
1748009819658.0,161.658,161.673
1748009820169.0,161.66,161.675
1748009820419.0,161.661,161.676
1748009821150.0,161.66,161.675
1748009821268.0,161.65,161.665
1748009821517.0,161.647,161.662
1748009822200.0,161.648,161.663
1748009822701.0,161.639,161.654
1748009822826.0,161.641,161.656
1748009823202.0,161.643,161.658
1748009823451.0,161.642,161.657
1748009824265.0,161.641,161.656
1748009825315.0,161.641,161.656
1748009825437.0,161.642,161.657
1748009825813.0,161.64,161.655
1748009826062.0,161.641,161.656
1748009826669.0,161.64,161.655
1748009826794.0,161.641,161.656
1748009827312.0,161.644,161.659
1748009827561.0,161.646,161.661
1748009828485.0,161.645,161.66
1748009828609.0,161.646,161.661
1748009829131.0,161.647,161.662
1748009831186.0,161.647,161.662
1748009833874.0,161.646,161.661
1748009834184.0,161.645,161.66
1748009834913.0,161.639,161.654
1748009836523.0,161.637,161.652
1748009836800.0,161.638,161.653
1748009837050.0,161.634,161.649
1748009838202.0,161.641,161.656
1748009839278.0,161.64,161.655
1748009839666.0,161.637,161.652
1748009839794.0,161.634,161.649
1748009841271.0,161.633,161.648
1748009841771.0,161.63,161.645
1748009841896.0,161.624,161.639
1748009842350.0,161.626,161.641
1748009842601.0,161.634,161.649
1748009842728.0,161.63,161.645
1748009843723.0,161.629,161.644
1748009843847.0,161.63,161.645
1748009844096.0,161.629,161.644
1748009845057.0,161.626,161.641
1748009845308.0,161.627,161.642
1748009846340.0,161.631,161.646
1748009846587.0,161.63,161.645
1748009847426.0,161.629,161.644
1748009847676.0,161.628,161.643
1748009847804.0,161.627,161.642
1748009849202.0,161.628,161.643
1748009849701.0,161.629,161.644
1748009850082.0,161.626,161.641
1748009851125.0,161.627,161.642
1748009852307.0,161.628,161.643
1748009853344.0,161.628,161.643
1748009853493.0,161.627,161.642
1748009853839.0,161.626,161.641
1748009854086.0,161.631,161.646
1748009854355.0,161.629,161.644
1748009854604.0,161.634,161.649
1748009854729.0,161.632,161.647
1748009855151.0,161.638,161.653
1748009855418.0,161.646,161.661
1748009855540.0,161.645,161.66
1748009855990.0,161.644,161.659
1748009856492.0,161.643,161.658
1748009856616.0,161.641,161.656
1748009857624.0,161.642,161.657
1748009858135.0,161.641,161.656
1748009858259.0,161.642,161.657
1748009859583.0,161.641,161.656
1748009861102.0,161.64,161.655
1748009861230.0,161.639,161.654
1748009861480.0,161.638,161.653
1748009861749.0,161.639,161.654
1748009862670.0,161.641,161.656
1748009864672.0,161.642,161.657
1748009866134.0,161.651,161.666
1748009866383.0,161.652,161.667
1748009868466.0,161.652,161.667
1748009868717.0,161.653,161.668
1748009870695.0,161.649,161.664
1748009870820.0,161.648,161.663
1748009871069.0,161.646,161.661
1748009871445.0,161.647,161.662
1748009871705.0,161.645,161.66
1748009871955.0,161.637,161.652
1748009873291.0,161.638,161.653
1748009873405.0,161.64,161.655
1748009874791.0,161.641,161.656
1748009876106.0,161.64,161.655
1748009876987.0,161.639,161.654
1748009877552.0,161.638,161.653
1748009878179.0,161.639,161.654
1748009878673.0,161.638,161.653
1748009880540.0,161.64,161.655
1748009880787.0,161.642,161.657
1748009880913.0,161.64,161.655
1748009881812.0,161.641,161.656
1748009882375.0,161.642,161.657
1748009882496.0,161.644,161.659
1748009882747.0,161.645,161.66
1748009883614.0,161.646,161.661
1748009884113.0,161.645,161.66
1748009884628.0,161.646,161.661
1748009885003.0,161.647,161.662
1748009885253.0,161.649,161.664
1748009885502.0,161.64,161.655
1748009885933.0,161.649,161.664
1748009886561.0,161.638,161.653
1748009886682.0,161.637,161.652
1748009886935.0,161.639,161.654
1748009887208.0,161.642,161.657
1748009887330.0,161.638,161.653
1748009887457.0,161.639,161.654
1748009887830.0,161.638,161.653
1748009888080.0,161.636,161.651
1748009888505.0,161.639,161.654
1748009888629.0,161.637,161.652
1748009889812.0,161.644,161.659
1748009891343.0,161.647,161.662
1748009891718.0,161.65,161.665
1748009891968.0,161.648,161.663
1748009892094.0,161.647,161.662
1748009892469.0,161.649,161.664
1748009892594.0,161.65,161.665
1748009892969.0,161.653,161.668
1748009893094.0,161.649,161.664
1748009894559.0,161.644,161.659
1748009895472.0,161.645,161.66
1748009896977.0,161.644,161.659
1748009897769.0,161.64,161.655
1748009898030.0,161.646,161.661
1748009898165.0,161.643,161.658
1748009899261.0,161.639,161.654
1748009899754.0,161.638,161.653
1748009901829.0,161.638,161.653
1748009902976.0,161.637,161.652
1748009903227.0,161.633,161.648
1748009903546.0,161.632,161.647
1748009903972.0,161.633,161.648
1748009904098.0,161.632,161.647
1748009904473.0,161.63,161.645
1748009904723.0,161.628,161.643
1748009904855.0,161.631,161.646
1748009905924.0,161.632,161.647
1748009906299.0,161.632,161.647
1748009906574.0,161.634,161.649
1748009906825.0,161.633,161.648
1748009907353.0,161.634,161.649
1748009908152.0,161.632,161.647
1748009909026.0,161.633,161.648
1748009909653.0,161.632,161.647
1748009910155.0,161.63,161.645
1748009910561.0,161.632,161.647
1748009910658.0,161.63,161.645
1748009912607.0,161.629,161.644
1748009913734.0,161.63,161.645
1748009913858.0,161.631,161.646
1748009915395.0,161.63,161.645
1748009915889.0,161.626,161.641
1748009916436.0,161.628,161.643
1748009916560.0,161.637,161.652
1748009917078.0,161.635,161.65
1748009917715.0,161.634,161.649
1748009919526.0,161.635,161.65
1748009920395.0,161.637,161.652
1748009920675.0,161.636,161.651
1748009920796.0,161.635,161.65
1748009921045.0,161.632,161.647
1748009922012.0,161.631,161.646
1748009922262.0,161.633,161.648
1748009922513.0,161.635,161.65
1748009922639.0,161.634,161.649
1748009923853.0,161.633,161.648
1748009924101.0,161.635,161.65
1748009924744.0,161.63,161.645
1748009924993.0,161.631,161.646
1748009925116.0,161.633,161.648
1748009926199.0,161.632,161.647
1748009926860.0,161.63,161.645
1748009927110.0,161.631,161.646
1748009928960.0,161.623,161.638
1748009929211.0,161.627,161.642
1748009929901.0,161.624,161.639
1748009930841.0,161.623,161.638
1748009931090.0,161.625,161.64
1748009931341.0,161.624,161.639
1748009931698.0,161.623,161.638
1748009932738.0,161.621,161.636
1748009932986.0,161.619,161.634
1748009933113.0,161.62,161.635
1748009933485.0,161.619,161.634
1748009935153.0,161.62,161.635
1748009935939.0,161.621,161.636
1748009936065.0,161.62,161.635
1748009936618.0,161.618,161.633
1748009936868.0,161.622,161.637
1748009936992.0,161.621,161.636
1748009937242.0,161.621,161.636
1748009938753.0,161.627,161.642
1748009938877.0,161.622,161.637
1748009939379.0,161.619,161.634
1748009939502.0,161.618,161.633
1748009939880.0,161.627,161.642
1748009940004.0,161.628,161.643
1748009941232.0,161.626,161.641
1748009941483.0,161.625,161.64
1748009942822.0,161.623,161.638
1748009943071.0,161.622,161.637
1748009943698.0,161.621,161.636
1748009944853.0,161.619,161.634
1748009945330.0,161.62,161.635
1748009945705.0,161.622,161.637
1748009945831.0,161.62,161.635
1748009946084.0,161.619,161.634
1748009946496.0,161.617,161.632
1748009946623.0,161.614,161.629
1748009947140.0,161.618,161.633
1748009948894.0,161.621,161.636
1748009949634.0,161.62,161.635
1748009949756.0,161.619,161.634
1748009950176.0,161.62,161.635
1748009950570.0,161.621,161.636
1748009951014.0,161.62,161.635
1748009951264.0,161.618,161.633
1748009951581.0,161.617,161.632
1748009951955.0,161.618,161.633
1748009953147.0,161.619,161.634
1748009953273.0,161.621,161.636
1748009953674.0,161.62,161.635
1748009953792.0,161.619,161.634
1748009954167.0,161.616,161.631
1748009955043.0,161.614,161.629
1748009955294.0,161.612,161.627
1748009955420.0,161.613,161.628
1748009956140.0,161.615,161.63
1748009956265.0,161.614,161.629
1748009956818.0,161.615,161.63
1748009958522.0,161.613,161.628
1748009958904.0,161.614,161.629
1748009959157.0,161.615,161.63
1748009962744.0,161.609,161.624
1748009962869.0,161.611,161.626
1748009963324.0,161.607,161.622
1748009965031.0,161.606,161.621
1748009965615.0,161.608,161.623
1748009966115.0,161.609,161.624
1748009966714.0,161.608,161.623
1748009966841.0,161.607,161.622
1748009968641.0,161.604,161.619
1748009968892.0,161.613,161.628
1748009969141.0,161.613,161.628
1748009970760.0,161.611,161.626
1748009970886.0,161.61,161.625
1748009971386.0,161.614,161.629
1748009971636.0,161.615,161.63
1748009972074.0,161.612,161.627
1748009972870.0,161.611,161.626
1748009973117.0,161.612,161.627
1748009973243.0,161.613,161.628
1748009974186.0,161.611,161.626
1748009974723.0,161.614,161.629
1748009976548.0,161.615,161.63
1748009977646.0,161.609,161.624
1748009977769.0,161.611,161.626
1748009977896.0,161.61,161.625
1748009978021.0,161.609,161.624
1748009978671.0,161.612,161.627
1748009982033.0,161.611,161.626
1748009982159.0,161.619,161.634
1748009982282.0,161.618,161.633
1748009982585.0,161.617,161.632
1748009983319.0,161.618,161.633
1748009983835.0,161.606,161.621
1748009983957.0,161.607,161.622
1748009984463.0,161.608,161.623
1748009985882.0,161.607,161.622
1748009986341.0,161.608,161.623
1748009987596.0,161.607,161.622
1748009987848.0,161.607,161.622
1748009988098.0,161.604,161.619
1748009988220.0,161.603,161.618
1748009988867.0,161.602,161.617
1748009990079.0,161.603,161.618
1748009990885.0,161.602,161.617
1748009991266.0,161.596,161.611
1748009991635.0,161.595,161.61
1748009993593.0,161.596,161.611
1748009993968.0,161.602,161.617
1748009994223.0,161.596,161.611
1748009994468.0,161.593,161.614
1748009994978.0,161.592,161.613
1748009995100.0,161.594,161.615
1748009995901.0,161.595,161.616
1748009996405.0,161.597,161.618
1748009996777.0,161.598,161.619
1748009997651.0,161.595,161.616
1748009998024.0,161.599,161.62
1748009998149.0,161.597,161.618
1748009999091.0,161.598,161.619
1748009999345.0,161.596,161.617
1748009999595.0,161.599,161.614
1748010000342.0,161.598,161.613
1748010000465.0,161.599,161.614
1748010001016.0,161.6,161.615
1748010001414.0,161.599,161.614
1748010001925.0,161.598,161.613
1748010002826.0,161.599,161.614
1748010004198.0,161.602,161.617
1748010004698.0,161.603,161.618
1748010005114.0,161.605,161.62
1748010005364.0,161.609,161.624
1748010005489.0,161.608,161.623
1748010006227.0,161.609,161.624
1748010006476.0,161.608,161.623
1748010009086.0,161.609,161.624
1748010009334.0,161.607,161.622
1748010009585.0,161.608,161.623
1748010009879.0,161.609,161.624
1748010010003.0,161.608,161.623
1748010011051.0,161.619,161.634
1748010011488.0,161.617,161.632
1748010011613.0,161.619,161.634
1748010012072.0,161.61,161.625
1748010012199.0,161.614,161.629
1748010012581.0,161.615,161.63
1748010012968.0,161.614,161.629
1748010013344.0,161.618,161.633
1748010013967.0,161.619,161.634
1748010014475.0,161.618,161.633
1748010014851.0,161.616,161.631
1748010015100.0,161.618,161.633
1748010016303.0,161.618,161.633
1748010021867.0,161.619,161.634
1748010022117.0,161.618,161.633
1748010022868.0,161.608,161.623
1748010023248.0,161.606,161.621
1748010024024.0,161.607,161.622
1748010025015.0,161.606,161.621
1748010025263.0,161.607,161.622
1748010025637.0,161.608,161.623
1748010025964.0,161.607,161.622
1748010026340.0,161.608,161.623
1748010027159.0,161.611,161.626
1748010028177.0,161.61,161.625
1748010029455.0,161.609,161.624
1748010030072.0,161.608,161.623
1748010030202.0,161.607,161.622
1748010030321.0,161.608,161.623
1748010031676.0,161.605,161.62
1748010032564.0,161.603,161.618
1748010032690.0,161.605,161.62
1748010032941.0,161.606,161.621
1748010034366.0,161.607,161.622
1748010034867.0,161.605,161.62
1748010034991.0,161.606,161.621
1748010035984.0,161.607,161.622
1748010036101.0,161.606,161.621
1748010038372.0,161.607,161.622
1748010038999.0,161.608,161.623
1748010039940.0,161.607,161.622
1748010040762.0,161.606,161.621
1748010041097.0,161.607,161.622
1748010041776.0,161.613,161.628
1748010041901.0,161.612,161.627
1748010042152.0,161.614,161.629
1748010042277.0,161.612,161.627
1748010044771.0,161.608,161.623
1748010045021.0,161.604,161.619
1748010045347.0,161.602,161.617
1748010045873.0,161.601,161.616
1748010045999.0,161.597,161.612
1748010046498.0,161.598,161.613
1748010046873.0,161.597,161.612
1748010047123.0,161.596,161.611
1748010048051.0,161.597,161.612
1748010048177.0,161.592,161.607
1748010048302.0,161.593,161.608
1748010048753.0,161.592,161.607
1748010049002.0,161.59,161.605
1748010049252.0,161.586,161.601
1748010049514.0,161.584,161.599
1748010049627.0,161.585,161.6
1748010050932.0,161.584,161.599
1748010051430.0,161.582,161.597
1748010051680.0,161.582,161.597
1748010051931.0,161.581,161.596
1748010052180.0,161.581,161.596
1748010052828.0,161.585,161.6
1748010053361.0,161.583,161.598
1748010053859.0,161.581,161.596
1748010055496.0,161.58,161.595
1748010056315.0,161.581,161.596
1748010056809.0,161.582,161.597
1748010057111.0,161.581,161.596
1748010058041.0,161.59,161.605
1748010058166.0,161.591,161.606
1748010059146.0,161.588,161.603
1748010059272.0,161.586,161.601
1748010059647.0,161.585,161.6
1748010060922.0,161.584,161.599
1748010061527.0,161.583,161.598
1748010061778.0,161.586,161.601
1748010063643.0,161.585,161.6
1748010064143.0,161.586,161.601
1748010065804.0,161.586,161.601
1748010066617.0,161.587,161.602
1748010067145.0,161.584,161.599
1748010067573.0,161.586,161.601
1748010068428.0,161.593,161.608
1748010068930.0,161.592,161.607
1748010069585.0,161.588,161.603
1748010069867.0,161.589,161.604
1748010069993.0,161.59,161.605
1748010070118.0,161.591,161.606
1748010070542.0,161.592,161.607
1748010070788.0,161.593,161.608
1748010070913.0,161.591,161.606
1748010071375.0,161.584,161.599
1748010071626.0,161.59,161.605
1748010071749.0,161.588,161.603
1748010071874.0,161.587,161.602
1748010072285.0,161.58,161.595
1748010072409.0,161.584,161.599
1748010072661.0,161.583,161.598
1748010072785.0,161.581,161.596
1748010073356.0,161.582,161.597
1748010074773.0,161.58,161.595
1748010075148.0,161.576,161.591
1748010075397.0,161.577,161.592
1748010075647.0,161.573,161.588
1748010076148.0,161.574,161.589
1748010076273.0,161.575,161.59
1748010076402.0,161.576,161.591
1748010076752.0,161.577,161.592
1748010077001.0,161.568,161.583
1748010077275.0,161.567,161.582
1748010078151.0,161.568,161.583
1748010078512.0,161.567,161.582
1748010078624.0,161.566,161.581
1748010079075.0,161.559,161.574
1748010079340.0,161.558,161.573
1748010082247.0,161.557,161.572
1748010082372.0,161.554,161.569
1748010083983.0,161.553,161.568
1748010084357.0,161.554,161.569
1748010084732.0,161.557,161.572
1748010084857.0,161.555,161.57
1748010085954.0,161.553,161.568
1748010086500.0,161.555,161.57
1748010086992.0,161.554,161.569
1748010087593.0,161.548,161.563
1748010090279.0,161.54,161.555
1748010090940.0,161.542,161.557
1748010091912.0,161.541,161.556
1748010092286.0,161.542,161.557
1748010093180.0,161.541,161.556
1748010093999.0,161.552,161.567
1748010094256.0,161.554,161.569
1748010094380.0,161.553,161.568
1748010095060.0,161.557,161.572
1748010096069.0,161.558,161.573
1748010096693.0,161.563,161.578
1748010096944.0,161.558,161.573
1748010097443.0,161.558,161.573
1748010098243.0,161.548,161.563
1748010098501.0,161.549,161.564
1748010099114.0,161.543,161.558
1748010099241.0,161.542,161.557
1748010099364.0,161.541,161.556
1748010099489.0,161.547,161.562
1748010100555.0,161.546,161.561
1748010100842.0,161.547,161.562
1748010101405.0,161.56,161.575
1748010101654.0,161.562,161.577
1748010101779.0,161.56,161.575
1748010102154.0,161.561,161.576
1748010102958.0,161.56,161.575
1748010104224.0,161.561,161.576
1748010104598.0,161.562,161.577
1748010104974.0,161.561,161.576
1748010106122.0,161.56,161.575
1748010106494.0,161.559,161.574
1748010106621.0,161.56,161.575
1748010106995.0,161.562,161.577
1748010107497.0,161.561,161.576
1748010107620.0,161.56,161.575
1748010108380.0,161.565,161.58
1748010108927.0,161.567,161.582
1748010109052.0,161.565,161.58
1748010109958.0,161.567,161.582
1748010110081.0,161.562,161.577
1748010110967.0,161.561,161.576
1748010111216.0,161.568,161.583
1748010111344.0,161.566,161.581
1748010111722.0,161.565,161.58
1748010111967.0,161.568,161.583
1748010112341.0,161.57,161.585
1748010112589.0,161.564,161.579
1748010112840.0,161.566,161.581
1748010113090.0,161.566,161.581
1748010115125.0,161.567,161.582
1748010115377.0,161.566,161.581
1748010115627.0,161.564,161.579
1748010116740.0,161.565,161.58
1748010116990.0,161.566,161.581
1748010117633.0,161.567,161.582
1748010118458.0,161.566,161.581
1748010120307.0,161.566,161.581
1748010120993.0,161.565,161.58
1748010121242.0,161.563,161.578
1748010121669.0,161.57,161.585
1748010121916.0,161.573,161.588
1748010122168.0,161.57,161.585
1748010122553.0,161.571,161.586
1748010122678.0,161.574,161.589
1748010123872.0,161.575,161.59
1748010124122.0,161.576,161.591
1748010124371.0,161.575,161.59
1748010124497.0,161.574,161.589
1748010124880.0,161.578,161.593
1748010125126.0,161.58,161.595
1748010126636.0,161.581,161.596
1748010127227.0,161.581,161.596
1748010127479.0,161.585,161.6
1748010127605.0,161.591,161.606
1748010127856.0,161.593,161.608
1748010128104.0,161.594,161.609
1748010128572.0,161.595,161.61
1748010129073.0,161.592,161.607
1748010129453.0,161.593,161.608
1748010129702.0,161.596,161.611
1748010130344.0,161.598,161.613
1748010130643.0,161.596,161.611
1748010131020.0,161.598,161.613
1748010131275.0,161.599,161.614
1748010131393.0,161.603,161.618
1748010131769.0,161.604,161.619
1748010132022.0,161.608,161.623
1748010132270.0,161.607,161.622
1748010132523.0,161.604,161.619
1748010132776.0,161.603,161.618
1748010132901.0,161.604,161.619
1748010133152.0,161.609,161.624
1748010134257.0,161.61,161.625
1748010134631.0,161.609,161.624
1748010135007.0,161.608,161.623
1748010135258.0,161.606,161.621
1748010135506.0,161.608,161.623
1748010136044.0,161.607,161.622
1748010136821.0,161.608,161.623
1748010137260.0,161.609,161.624
1748010137510.0,161.618,161.633
1748010137760.0,161.616,161.631
1748010138763.0,161.617,161.632
1748010140032.0,161.619,161.634
1748010140282.0,161.618,161.633
1748010140399.0,161.617,161.632
1748010140648.0,161.619,161.634
1748010141038.0,161.62,161.635
1748010141792.0,161.618,161.633
1748010142043.0,161.62,161.635
1748010142292.0,161.618,161.633
1748010142740.0,161.616,161.631
1748010142865.0,161.615,161.63
1748010143487.0,161.618,161.633
1748010143741.0,161.616,161.631
1748010143864.0,161.617,161.632
1748010144872.0,161.615,161.63
1748010144996.0,161.614,161.629
1748010145837.0,161.615,161.63
1748010146211.0,161.62,161.635
1748010146462.0,161.62,161.635
1748010147011.0,161.618,161.633
1748010147140.0,161.617,161.632
1748010147340.0,161.616,161.631
1748010148060.0,161.618,161.633
1748010148310.0,161.618,161.633
1748010148559.0,161.619,161.634
1748010150188.0,161.624,161.639
1748010150314.0,161.623,161.638
1748010150958.0,161.627,161.642
1748010151241.0,161.624,161.639
1748010151531.0,161.625,161.64
1748010151906.0,161.624,161.639
1748010152282.0,161.621,161.636
1748010152530.0,161.621,161.636
1748010153032.0,161.623,161.638
1748010153844.0,161.625,161.64
1748010154092.0,161.624,161.639
