1748008706164.0,0.9317,0.932
1748008707158.0,0.93171,0.93201
1748008707614.0,0.93173,0.93203
1748008711056.0,0.93174,0.93204
1748008711745.0,0.93172,0.93202
1748008712067.0,0.93173,0.93203
1748008712660.0,0.93172,0.93202
1748008712911.0,0.93175,0.93205
1748008715779.0,0.93174,0.93204
1748008720131.0,0.93172,0.93202
1748008720573.0,0.9317,0.932
1748008721856.0,0.93168,0.93198
1748008721981.0,0.93166,0.93196
1748008722104.0,0.93165,0.93195
1748008724363.0,0.93164,0.93194
1748008729967.0,0.93165,0.93195
1748008734202.0,0.93166,0.93196
1748008734328.0,0.93167,0.93197
1748008735086.0,0.93169,0.93199
1748008735580.0,0.93168,0.93198
1748008736663.0,0.93169,0.93199
1748008737115.0,0.93168,0.93198
1748008737241.0,0.93167,0.93197
1748008742274.0,0.93175,0.93205
1748008742518.0,0.93176,0.93206
1748008743150.0,0.93175,0.93205
1748008743570.0,0.93174,0.93204
1748008745653.0,0.93172,0.93202
1748008745777.0,0.9317,0.932
1748008746147.0,0.93171,0.93201
1748008746397.0,0.93172,0.93202
1748008746826.0,0.93173,0.93203
1748008746949.0,0.93176,0.93206
1748008747269.0,0.93175,0.93205
1748008747394.0,0.93173,0.93203
1748008748226.0,0.93172,0.93202
1748008748475.0,0.93173,0.93203
1748008750190.0,0.93174,0.93204
1748008752197.0,0.93173,0.93203
1748008752544.0,0.93172,0.93202
1748008753566.0,0.93173,0.93203
1748008753861.0,0.93171,0.93201
1748008754240.0,0.93169,0.93199
1748008754487.0,0.93168,0.93198
1748008755049.0,0.93167,0.93197
1748008755335.0,0.93166,0.93196
1748008755459.0,0.93167,0.93197
1748008755582.0,0.93166,0.93196
1748008755709.0,0.93167,0.93197
1748008757448.0,0.93169,0.93199
1748008757696.0,0.9317,0.932
1748008759594.0,0.93171,0.93201
1748008759721.0,0.9317,0.932
1748008760226.0,0.93171,0.93201
1748008761095.0,0.93172,0.93202
1748008761346.0,0.93171,0.93201
1748008762144.0,0.93173,0.93203
1748008763109.0,0.93172,0.93202
1748008764596.0,0.93173,0.93203
1748008765690.0,0.93172,0.93202
1748008765815.0,0.9317,0.932
1748008766306.0,0.93171,0.93201
1748008767450.0,0.93169,0.93199
1748008767697.0,0.93171,0.93201
1748008769040.0,0.93172,0.93202
1748008769163.0,0.93169,0.93199
1748008769443.0,0.93168,0.93198
1748008770944.0,0.93169,0.93199
1748008771075.0,0.93167,0.93197
1748008771325.0,0.93168,0.93198
1748008772799.0,0.93169,0.93199
1748008772926.0,0.9317,0.932
1748008773442.0,0.93169,0.93199
1748008774402.0,0.93168,0.93198
1748008775378.0,0.93167,0.93197
1748008776104.0,0.93167,0.93197
1748008776808.0,0.93168,0.93198
1748008776930.0,0.93169,0.93199
1748008777452.0,0.93168,0.93198
1748008779179.0,0.93167,0.93197
1748008779916.0,0.93165,0.93195
1748008780040.0,0.93164,0.93194
1748008780939.0,0.93165,0.93195
1748008781062.0,0.93166,0.93196
1748008781447.0,0.93169,0.93199
1748008781857.0,0.93168,0.93198
1748008783445.0,0.93169,0.93199
1748008784876.0,0.93168,0.93198
1748008785464.0,0.93169,0.93199
1748008785714.0,0.93167,0.93197
1748008785839.0,0.93166,0.93196
1748008787602.0,0.93167,0.93197
1748008787985.0,0.93165,0.93201
1748008789500.0,0.93168,0.93204
1748008789749.0,0.93174,0.9321
1748008790124.0,0.93168,0.93208
1748008791581.0,,0.93207
1748008792101.0,0.93171,0.93209
1748008792920.0,0.93167,0.93205
1748008793045.0,0.9317,0.93208
1748008793504.0,0.93166,0.93209
1748008794053.0,0.93163,0.93206
1748008795078.0,0.93169,0.93207
1748008795203.0,0.93166,0.93204
1748008795578.0,0.93164,0.93207
1748008795716.0,,0.93203
1748008796919.0,0.93165,0.93206
1748008797044.0,0.93162,0.93203
1748008797418.0,0.93161,0.932
1748008797669.0,0.93164,0.93202
1748008797798.0,0.93165,0.93208
1748008797922.0,,0.93205
1748008798726.0,0.93164,0.93202
1748008799836.0,0.93162,0.93222
1748008800086.0,0.93167,0.93227
1748008800966.0,0.93172,0.93232
1748008801344.0,0.93161,0.93221
1748008801590.0,0.93172,0.93229
1748008801842.0,0.93169,0.93221
1748008802090.0,0.93165,0.93217
1748008802642.0,0.93165,0.93217
1748008802890.0,0.93165,0.93217
1748008804165.0,0.93166,0.93222
1748008805008.0,0.93172,
1748008805257.0,0.9317,0.93224
1748008807428.0,0.93161,0.93227
1748008809276.0,0.93162,0.93222
1748008810027.0,0.93167,0.93225
1748008810149.0,,0.93219
1748008810752.0,0.93162,
1748008811096.0,0.93166,0.93217
1748008811671.0,,0.93212
1748008812046.0,0.93163,
1748008812893.0,0.93169,0.93205
1748008815109.0,0.93167,0.93203
1748008816082.0,0.93164,0.932
1748008817261.0,0.93163,0.93199
1748008817382.0,0.93165,0.93195
1748008818173.0,0.93168,0.93198
1748008818640.0,0.93167,0.93197
1748008819355.0,0.93168,0.93198
1748008819864.0,0.9317,0.932
1748008820500.0,0.93168,0.93198
1748008820624.0,0.9317,0.932
1748008821321.0,0.93172,0.93202
1748008821571.0,0.93169,0.93199
1748008821697.0,0.93171,0.93201
1748008822321.0,0.93176,0.93206
1748008822572.0,0.93178,0.93208
1748008822822.0,0.93178,0.93208
1748008823071.0,0.93179,0.93209
1748008823196.0,0.93181,0.93211
1748008823447.0,0.93177,0.93207
1748008823797.0,0.93178,0.93208
1748008824173.0,0.93179,0.93209
1748008825297.0,0.93181,0.93211
1748008825423.0,0.9318,0.9321
1748008825797.0,0.93179,0.93209
1748008825922.0,0.9318,0.9321
1748008826222.0,0.93181,0.93211
1748008826465.0,0.93182,0.93212
1748008827425.0,0.93181,0.93211
1748008827549.0,0.93184,0.93214
1748008827724.0,0.93182,0.93212
1748008828141.0,0.93178,0.93208
1748008828568.0,0.93176,0.93206
1748008829178.0,0.93177,0.93207
1748008830097.0,0.93174,0.93204
1748008830791.0,0.93175,0.93205
1748008831645.0,0.93174,0.93204
1748008831771.0,0.93172,0.93202
1748008832673.0,0.93169,0.93199
1748008832923.0,0.93168,0.93198
1748008834233.0,0.93167,0.93197
1748008834719.0,0.93168,0.93198
1748008835089.0,0.93167,0.93197
1748008835585.0,0.93168,0.93198
1748008835836.0,0.93169,0.93199
1748008836106.0,0.93167,0.93197
1748008836356.0,0.93167,0.93197
1748008838331.0,0.93166,0.93196
1748008839623.0,0.93165,0.93195
1748008841687.0,0.93166,0.93196
1748008842062.0,0.93164,0.93195
1748008842805.0,0.93165,
1748008845001.0,0.93166,0.93196
1748008846678.0,0.93167,0.93197
1748008846929.0,0.93166,0.93196
1748008847778.0,0.93167,0.93197
1748008848646.0,0.93166,0.93196
1748008848771.0,0.93165,0.93195
1748008849261.0,0.93162,0.93192
1748008849384.0,0.93163,0.93193
1748008850643.0,0.93164,0.93194
1748008851385.0,0.93164,0.93194
1748008852142.0,0.93159,0.93189
1748008852983.0,0.93155,0.93185
1748008854841.0,0.93155,0.93185
1748008855108.0,0.93156,0.93186
1748008855358.0,0.93155,0.93185
1748008856613.0,0.93154,0.93184
1748008856728.0,0.93155,0.93185
1748008857108.0,0.93156,0.93186
1748008857433.0,0.93155,0.93185
1748008857558.0,0.93156,0.93186
1748008857809.0,0.93157,0.93187
1748008858412.0,0.93156,0.93186
1748008858662.0,0.93158,0.93188
1748008860170.0,0.93159,0.93189
1748008860420.0,0.93156,0.93186
1748008860671.0,0.93157,0.93187
1748008861444.0,0.93156,0.93186
1748008863364.0,0.93157,0.93187
1748008863618.0,0.93161,0.93191
1748008864317.0,0.93159,0.93189
1748008864645.0,0.93158,0.93188
1748008865578.0,0.93157,0.93187
1748008865829.0,0.93158,0.93188
1748008866242.0,0.93163,0.93193
1748008866369.0,0.93162,0.93192
1748008866617.0,0.93163,0.93193
1748008866991.0,0.93164,0.93194
1748008867452.0,0.93163,0.93193
1748008867871.0,0.93168,0.93198
1748008867995.0,0.93166,0.93196
1748008868416.0,0.93164,0.93194
1748008868543.0,0.93163,0.93193
1748008868800.0,0.93162,0.93192
1748008869248.0,0.93163,0.93193
1748008872176.0,0.93161,0.93191
1748008872296.0,0.93168,0.93198
1748008872547.0,0.93169,0.93199
1748008872941.0,0.93169,0.93199
1748008873996.0,0.93171,0.93201
1748008874721.0,0.93172,0.93202
1748008875003.0,0.93174,0.93204
1748008875128.0,0.93173,0.93203
1748008875548.0,0.93174,0.93204
1748008876086.0,0.93179,0.93209
1748008876532.0,0.93183,0.93213
1748008877934.0,0.9318,0.9321
1748008878184.0,0.93179,0.93209
1748008878307.0,0.9318,0.9321
1748008879353.0,0.93179,0.93209
1748008879604.0,0.93175,0.93205
1748008879854.0,0.93174,0.93204
1748008880216.0,0.93176,0.93206
1748008880675.0,0.93173,0.93203
1748008880925.0,0.93174,0.93204
1748008881050.0,0.93176,0.93206
1748008882570.0,0.93177,0.93207
1748008883288.0,0.93178,0.93208
1748008883915.0,0.9318,0.9321
1748008884166.0,0.93179,0.93209
1748008884542.0,0.9318,0.9321
1748008884954.0,0.93179,0.93209
1748008885204.0,0.93182,0.93212
1748008885581.0,0.93183,0.93213
1748008885949.0,0.93182,0.93212
1748008887297.0,0.93181,0.93211
1748008887549.0,0.93182,0.93212
1748008888359.0,0.93182,0.93212
1748008888489.0,0.93183,0.93213
1748008890502.0,0.93184,0.93214
1748008890752.0,0.93184,0.93214
1748008891001.0,0.93183,0.93213
1748008891252.0,0.93182,0.93212
1748008892048.0,0.93183,0.93213
1748008892547.0,0.93181,0.93211
1748008892795.0,0.93183,0.93213
1748008893996.0,0.93181,0.93211
1748008894121.0,0.93184,0.93214
1748008894703.0,0.93182,0.93212
1748008895456.0,0.93181,0.93211
1748008895827.0,0.93183,0.93213
1748008896079.0,0.93181,0.93211
1748008896940.0,0.93182,0.93212
1748008900604.0,0.93183,0.93213
1748008901310.0,0.93184,0.93214
1748008902917.0,0.93184,0.93214
1748008903249.0,0.93186,0.93216
1748008903372.0,0.93184,0.93214
1748008904064.0,0.93186,0.93216
1748008904314.0,0.93185,0.93215
1748008904814.0,0.93185,0.93215
1748008905126.0,0.93184,0.93214
1748008905247.0,0.93181,0.93211
1748008905663.0,0.93182,0.93212
1748008905786.0,0.93181,0.93211
1748008906413.0,0.9318,0.9321
1748008906788.0,0.93182,0.93212
1748008907782.0,0.9318,0.9321
1748008908824.0,0.9318,0.9321
1748008909074.0,0.93182,0.93212
1748008910148.0,0.93176,0.93206
1748008910270.0,0.93174,0.93204
1748008912426.0,0.93173,0.93203
1748008914127.0,0.93174,0.93204
1748008914384.0,0.93175,0.93205
1748008915091.0,0.93174,0.93204
1748008915716.0,0.93175,0.93205
1748008916905.0,0.93174,0.93204
1748008917482.0,0.93175,0.93205
1748008919995.0,0.93174,0.93204
1748008920249.0,0.93176,0.93206
1748008920498.0,0.93178,0.93208
1748008921269.0,0.9318,0.9321
1748008921520.0,0.93185,0.93215
1748008922048.0,0.93184,0.93214
1748008922634.0,0.93186,0.93216
1748008922758.0,0.93187,0.93217
1748008923655.0,0.93189,0.93219
1748008924116.0,0.93192,0.93222
1748008924490.0,0.93191,0.93221
1748008924741.0,0.9319,0.9322
1748008924994.0,0.93191,0.93221
1748008926052.0,0.93193,0.93223
1748008926302.0,0.93192,0.93222
1748008926641.0,0.93191,0.93221
1748008926941.0,0.93192,0.93222
1748008928157.0,0.93193,0.93223
1748008928656.0,0.93192,0.93222
1748008929193.0,0.93193,0.93223
1748008929446.0,0.93192,0.93222
1748008930258.0,0.93189,0.93219
1748008930383.0,0.93188,0.93218
1748008931160.0,0.93189,0.93219
1748008931278.0,0.9319,0.9322
1748008931955.0,0.93192,0.93222
1748008932076.0,0.93193,0.93223
1748008932203.0,0.93192,0.93222
1748008932837.0,0.93191,0.93221
1748008933087.0,0.9319,0.9322
1748008933397.0,0.93191,0.93221
1748008934396.0,0.9319,0.9322
1748008936126.0,0.93191,0.93221
1748008936378.0,0.93191,0.93221
1748008936497.0,0.9319,0.9322
1748008937223.0,0.93188,0.93218
1748008937962.0,0.93189,0.93219
1748008938213.0,0.9319,0.9322
1748008938794.0,0.93191,0.93221
1748008939794.0,0.93189,0.93219
1748008940200.0,0.9319,0.9322
1748008941053.0,0.93191,0.93221
1748008941492.0,0.93191,0.93221
1748008941780.0,0.93192,0.93222
1748008942032.0,0.93194,0.93224
1748008942831.0,0.93195,0.93225
1748008943082.0,0.93194,0.93224
1748008943461.0,0.93195,0.93225
1748008944142.0,0.93194,0.93224
1748008945416.0,0.93193,0.93223
1748008945916.0,0.93191,0.93221
1748008946166.0,0.93192,0.93222
1748008946291.0,0.93188,0.93218
1748008946417.0,0.93187,0.93217
1748008947089.0,0.93189,0.93219
1748008947340.0,0.9319,0.9322
1748008947466.0,0.93188,0.93218
1748008947841.0,0.93189,0.93219
1748008948089.0,0.9319,0.9322
1748008948628.0,0.9319,0.9322
1748008948879.0,0.93193,0.93223
1748008949449.0,0.93193,0.93223
1748008950005.0,0.93192,0.93222
1748008950130.0,0.93189,0.93219
1748008950987.0,0.93187,0.93217
1748008951240.0,0.93185,0.93215
1748008951363.0,0.93186,0.93216
1748008952374.0,0.93188,0.93218
1748008955172.0,0.93191,0.93221
1748008955543.0,0.9319,0.9322
1748008956057.0,0.93188,0.93218
1748008956184.0,0.93194,0.93224
1748008956934.0,0.93195,0.93225
1748008960094.0,0.93194,0.93224
1748008960220.0,0.93191,0.93221
1748008962250.0,0.93192,0.93222
1748008963780.0,0.93191,0.93221
1748008963905.0,0.93192,0.93222
1748008964330.0,0.93189,0.93219
1748008964871.0,0.93188,0.93218
1748008964997.0,0.93189,0.93219
1748008965241.0,0.9319,0.9322
1748008965619.0,0.93189,0.93219
1748008965866.0,0.9319,0.9322
1748008967940.0,0.93191,0.93221
1748008968063.0,0.9319,0.9322
1748008968305.0,0.93189,0.93219
1748008971178.0,0.93188,0.93218
1748008971393.0,0.9319,0.9322
1748008971514.0,0.93192,0.93222
1748008973889.0,0.93191,0.93221
1748008974577.0,0.93192,0.93222
1748008979014.0,0.93193,0.93223
1748008981264.0,0.93194,0.93224
1748008982598.0,0.93191,0.93221
1748008982841.0,0.93192,0.93222
1748008983072.0,0.93193,0.93223
1748008983399.0,0.93192,0.93222
1748008983772.0,0.93193,0.93223
1748008984150.0,0.93194,0.93224
1748008984543.0,0.93195,0.93225
1748008985772.0,0.93193,0.93223
1748008985892.0,0.93192,0.93222
1748008986026.0,0.93191,0.93221
1748008986861.0,0.93192,0.93222
1748008987158.0,0.93193,0.93223
1748008987408.0,0.93195,0.93225
1748008987788.0,0.93194,0.93224
1748008990045.0,0.93195,0.93225
1748008992114.0,0.93194,0.93224
1748008992236.0,0.93195,0.93225
1748008992362.0,0.93194,0.93224
1748008993648.0,0.93195,0.93225
1748008994293.0,0.93196,0.93226
1748008994541.0,0.93198,0.93228
1748008995683.0,0.93197,0.93227
1748008996045.0,0.93198,0.93228
1748008997414.0,0.93196,0.93226
1748008998185.0,0.93198,0.93228
1748008998871.0,0.93199,0.93229
1748008998991.0,0.932,0.9323
1748008999243.0,0.93199,0.93229
1748009000173.0,0.932,0.9323
1748009000955.0,0.93202,0.93232
1748009001073.0,0.93197,0.93227
1748009001642.0,0.93198,0.93228
1748009003644.0,0.93195,0.93225
1748009004545.0,0.93194,0.93224
1748009005536.0,0.93192,0.93222
1748009005786.0,0.93194,0.93224
1748009005913.0,0.93195,0.93225
1748009006487.0,0.93192,0.93222
1748009006626.0,0.93193,0.93223
1748009008466.0,0.93192,0.93222
1748009008587.0,0.93191,0.93221
1748009008878.0,0.93189,0.93219
1748009009129.0,0.93191,0.93221
1748009009463.0,0.93192,0.93222
1748009010094.0,0.93191,0.93221
1748009010810.0,0.93192,0.93222
1748009011897.0,0.93193,0.93223
1748009012017.0,0.93192,0.93222
1748009012145.0,0.93193,0.93223
1748009012622.0,0.93194,0.93224
1748009013184.0,0.93182,0.93212
1748009013306.0,0.93184,0.93214
1748009013555.0,0.93185,0.93215
1748009013983.0,0.93188,0.93218
1748009016936.0,0.9319,0.9322
1748009017186.0,0.93192,0.93222
1748009017559.0,0.93191,0.93221
1748009019059.0,0.93182,0.93212
1748009019305.0,0.93182,0.93212
1748009020103.0,0.93181,0.93211
1748009020697.0,0.93183,0.93213
1748009021161.0,0.93182,0.93212
1748009021285.0,0.93179,0.93209
1748009021664.0,0.93177,0.93207
1748009021910.0,0.93175,0.93205
1748009022264.0,0.93177,0.93207
1748009024866.0,0.93179,0.93209
1748009024991.0,0.93178,0.93208
1748009026443.0,0.9318,0.9321
1748009026569.0,0.93177,0.93207
1748009027253.0,0.93179,0.93209
1748009030970.0,0.9318,0.9321
1748009031225.0,0.9318,0.9321
1748009031346.0,0.93179,0.93209
1748009032011.0,0.9318,0.9321
1748009032268.0,0.9318,0.9321
1748009032518.0,0.9318,0.9321
1748009032642.0,0.93179,0.93209
1748009032896.0,0.9318,0.9321
1748009033022.0,0.93181,0.93211
1748009033271.0,0.93183,0.93213
1748009033711.0,0.93185,0.93215
1748009033962.0,0.93184,0.93214
1748009035054.0,0.93183,0.93213
1748009035978.0,0.93183,0.93213
1748009038095.0,0.93186,0.93216
1748009038221.0,0.93187,0.93217
1748009038916.0,0.93189,0.93219
1748009039041.0,0.93188,0.93218
1748009039403.0,0.9319,0.9322
1748009039526.0,0.93191,0.93221
1748009040232.0,0.9319,0.9322
1748009040492.0,0.93191,0.93221
1748009040616.0,0.93192,0.93222
1748009040867.0,0.93193,0.93223
1748009040993.0,0.93194,0.93224
1748009041118.0,0.93193,0.93223
1748009041244.0,0.93192,0.93222
1748009041781.0,0.93193,0.93223
1748009042158.0,0.93194,0.93224
1748009042281.0,0.93195,0.93225
1748009042817.0,0.93196,0.93226
1748009043068.0,0.93197,0.93227
1748009043435.0,0.93201,0.93231
1748009043685.0,0.93203,0.93233
1748009043935.0,0.93203,0.93233
1748009044396.0,0.93205,0.93235
1748009044945.0,0.93207,0.93237
1748009046089.0,0.93205,0.93235
1748009046213.0,0.93204,0.93234
1748009046905.0,0.93205,0.93235
1748009047156.0,0.93205,0.93235
1748009047885.0,0.93206,0.93236
1748009048011.0,0.93203,0.93233
1748009049025.0,0.93206,0.93236
1748009049273.0,0.93207,0.93237
1748009049520.0,0.93205,0.93235
1748009050147.0,0.93207,0.93237
1748009050395.0,0.93206,0.93236
1748009051354.0,0.93205,0.93235
1748009053260.0,0.93206,0.93236
1748009053789.0,0.93207,0.93237
1748009054042.0,0.93206,0.93236
1748009055324.0,0.93207,0.93237
1748009055579.0,0.93207,0.93237
1748009055915.0,0.93208,0.93238
1748009057262.0,0.93209,0.93239
1748009057384.0,0.93207,0.93237
1748009057636.0,0.93206,0.93236
1748009058603.0,0.93206,0.93236
1748009059853.0,0.93205,0.93235
1748009060102.0,0.93205,0.93235
1748009060499.0,0.93204,0.93234
1748009060626.0,0.93205,0.93235
1748009061236.0,0.93205,0.93235
1748009061661.0,0.93206,0.93236
1748009062058.0,0.93205,0.93235
1748009064092.0,0.93203,0.93233
1748009064397.0,0.93204,0.93234
1748009064521.0,0.93206,0.93236
1748009065511.0,0.93208,0.93238
1748009065636.0,0.93209,0.93239
1748009066512.0,0.93212,0.93242
1748009067525.0,0.93213,0.93243
1748009067962.0,0.93212,0.93242
1748009068554.0,0.9321,0.9324
1748009070048.0,0.93211,0.93241
1748009070170.0,0.93213,0.93243
1748009072083.0,0.93216,0.93246
1748009073360.0,0.93215,0.93245
1748009074423.0,0.93217,0.93247
1748009074672.0,0.93216,0.93246
1748009077386.0,0.93215,0.93245
1748009080103.0,0.93214,0.93244
1748009081271.0,0.93215,0.93245
1748009081647.0,0.93214,0.93244
1748009082020.0,0.93216,0.93246
1748009082778.0,0.93215,0.93245
1748009083489.0,0.93217,0.93247
1748009083616.0,0.93215,0.93245
1748009086788.0,0.93216,0.93246
1748009087533.0,0.93219,0.93249
1748009087850.0,0.93218,0.93248
1748009089842.0,0.93224,0.93254
1748009090240.0,0.93223,0.93253
1748009090490.0,0.93224,0.93254
1748009090616.0,0.93226,0.93256
1748009093642.0,0.93225,0.93255
1748009096872.0,0.93223,0.93253
1748009097266.0,0.93225,0.93255
1748009097661.0,0.93221,0.93251
1748009098158.0,0.93222,0.93252
1748009098749.0,0.9322,0.9325
1748009099214.0,0.93217,0.93247
1748009100060.0,0.93216,0.93246
1748009100180.0,0.93217,0.93247
1748009101793.0,0.93218,0.93248
1748009102345.0,0.93217,0.93247
1748009104313.0,0.93218,0.93248
1748009104562.0,0.93212,0.93242
1748009104695.0,0.93213,0.93243
1748009106233.0,0.93214,0.93244
1748009106748.0,0.93213,0.93243
1748009107002.0,0.93212,0.93242
1748009107122.0,0.93211,0.93241
1748009109840.0,0.93213,0.93243
1748009109960.0,0.93211,0.93241
1748009111041.0,0.93212,0.93242
1748009111155.0,0.93214,0.93244
1748009112109.0,0.93213,0.93243
1748009112235.0,0.93214,0.93244
1748009112535.0,0.93213,0.93243
1748009112810.0,0.93214,0.93244
1748009112932.0,0.93218,0.93248
1748009114141.0,0.93217,0.93247
1748009114557.0,0.93218,0.93248
1748009115126.0,0.93217,0.93247
1748009115496.0,0.93219,0.93249
1748009117069.0,0.93221,0.93251
1748009117764.0,0.9322,0.9325
1748009118455.0,0.93218,0.93248
1748009120088.0,0.93219,0.93249
1748009120207.0,0.9322,0.9325
1748009120763.0,0.93219,0.93249
1748009124166.0,0.93218,0.93248
1748009127500.0,0.93219,0.93249
1748009128411.0,0.93222,0.93252
1748009129348.0,0.93223,0.93253
1748009129469.0,0.93222,0.93252
1748009131757.0,0.93217,0.93247
1748009131883.0,0.93216,0.93246
1748009132415.0,0.93217,0.93247
1748009133387.0,0.93216,0.93246
1748009133793.0,0.9322,0.9325
1748009133918.0,0.93217,0.93247
1748009134246.0,0.93216,0.93246
1748009134682.0,0.93217,0.93247
1748009136140.0,0.93216,0.93246
1748009136390.0,0.93217,0.93247
1748009136640.0,0.93218,0.93248
1748009137373.0,0.93217,0.93247
1748009137501.0,0.93218,0.93248
1748009137672.0,0.93217,0.93247
1748009142094.0,0.93218,0.93248
1748009144788.0,0.9322,0.9325
1748009145539.0,0.93219,0.93249
1748009146222.0,0.93218,0.93248
1748009150462.0,0.93221,0.93251
1748009151745.0,0.93222,0.93252
1748009151991.0,0.93221,0.93251
1748009156086.0,0.93222,0.93252
1748009157689.0,0.93223,0.93253
1748009157815.0,0.93226,0.93256
1748009158190.0,0.93231,0.93261
1748009158480.0,0.93232,0.93262
1748009158612.0,0.93233,0.93263
1748009159080.0,0.93232,0.93262
1748009159735.0,0.93235,0.93265
1748009160243.0,0.93234,0.93264
1748009161351.0,0.93235,0.93265
1748009161604.0,0.93236,0.93266
1748009162718.0,0.93237,0.93267
1748009162967.0,0.93236,0.93266
1748009163505.0,0.93237,0.93267
1748009163634.0,0.93235,0.93265
1748009164528.0,0.93234,0.93264
1748009165289.0,0.93235,0.93265
1748009165414.0,0.93234,0.93264
1748009167175.0,0.93233,0.93263
1748009167300.0,0.93234,0.93264
1748009167795.0,0.93233,0.93263
1748009168041.0,0.93235,0.93265
1748009168765.0,0.93236,0.93266
1748009169650.0,0.93239,0.93269
1748009169909.0,0.93238,0.93268
1748009170593.0,0.9324,0.9327
1748009171219.0,0.93246,0.93276
1748009171820.0,0.93244,0.93274
1748009172069.0,0.93243,0.93273
1748009172194.0,0.93244,0.93274
1748009172318.0,0.93247,0.93277
1748009173332.0,0.93248,0.93278
1748009173582.0,0.93252,0.93282
1748009173832.0,0.93255,0.93285
1748009174083.0,0.93256,0.93286
1748009176360.0,0.93255,0.93285
1748009176767.0,0.93257,0.93287
1748009176895.0,0.93255,0.93285
1748009177357.0,0.93255,0.93285
1748009179369.0,0.9326,0.9329
1748009180176.0,0.93259,0.93289
1748009181540.0,0.9326,0.9329
1748009181849.0,0.93258,0.93288
1748009183476.0,0.93258,0.93288
1748009185669.0,0.93257,0.93287
1748009186022.0,0.93256,0.93286
1748009186460.0,0.93257,0.93287
1748009188016.0,0.93258,0.93288
1748009189270.0,0.93257,0.93287
1748009189511.0,0.93255,0.93285
1748009189940.0,0.93254,0.93284
1748009192179.0,0.93253,0.93283
1748009192581.0,0.93254,0.93284
1748009193641.0,0.93256,0.93286
1748009194018.0,0.93256,0.93286
1748009195940.0,0.93255,0.93285
1748009196201.0,0.93256,0.93286
1748009197251.0,0.93254,0.93284
1748009198108.0,0.93255,0.93285
1748009199406.0,0.93254,0.93284
1748009202176.0,0.93253,0.93283
1748009203456.0,0.93251,0.93281
1748009204002.0,0.93249,0.93279
1748009205567.0,0.9325,0.9328
1748009205817.0,0.93252,0.93282
1748009206380.0,0.93251,0.93281
1748009206729.0,0.93252,0.93282
1748009207630.0,0.93253,0.93283
1748009207877.0,0.93256,0.93286
1748009209890.0,0.93257,0.93287
1748009210141.0,0.93256,0.93286
1748009210869.0,0.93254,0.93284
1748009211645.0,0.93254,0.93284
1748009217779.0,0.93255,0.93285
1748009217902.0,0.93256,0.93286
1748009218953.0,0.93258,0.93288
1748009219905.0,0.93257,0.93287
1748009220860.0,0.93258,0.93288
1748009221453.0,0.93257,0.93287
1748009221705.0,0.93259,0.93289
1748009222206.0,0.9326,0.9329
1748009222816.0,0.93262,0.93292
1748009223625.0,0.93266,0.93296
1748009226380.0,0.93265,0.93295
1748009227065.0,0.93264,0.93294
1748009227466.0,0.93265,0.93295
1748009227852.0,0.93266,0.93296
1748009230209.0,0.93263,0.93293
1748009231101.0,0.93265,0.93295
1748009231252.0,0.93263,0.93293
1748009232994.0,0.93265,0.93295
1748009233431.0,0.93266,0.93296
1748009233712.0,0.93267,0.93297
1748009234063.0,0.93268,0.93298
1748009234313.0,0.93265,0.93295
1748009234563.0,0.93264,0.93294
1748009234693.0,0.93263,0.93293
1748009235410.0,0.93266,0.93296
1748009235679.0,0.93264,0.93294
1748009236218.0,0.93263,0.93293
1748009236341.0,0.93262,0.93292
1748009237931.0,0.9326,0.9329
1748009238306.0,0.93262,0.93292
1748009238684.0,0.93261,0.93291
1748009239349.0,0.93261,0.93291
1748009239477.0,0.93262,0.93292
1748009240457.0,0.9326,0.9329
1748009240706.0,0.93262,0.93292
1748009242285.0,0.93261,0.93291
1748009242414.0,0.93262,0.93292
1748009242816.0,0.93261,0.93291
1748009245364.0,0.93262,0.93292
1748009246487.0,0.93261,0.93291
1748009248519.0,0.93262,0.93292
1748009250358.0,0.93261,0.93291
1748009250607.0,0.93263,0.93293
1748009250732.0,0.93264,0.93294
1748009251686.0,0.93263,0.93293
1748009253935.0,0.93262,0.93292
1748009254785.0,0.93263,0.93293
1748009255509.0,0.93264,0.93294
1748009255798.0,0.93263,0.93293
1748009256173.0,0.93264,0.93294
1748009258189.0,0.93263,0.93293
1748009259103.0,0.93262,0.93292
1748009259229.0,0.93263,0.93293
1748009259859.0,0.93262,0.93292
1748009260358.0,0.93263,0.93293
1748009261114.0,0.93264,0.93294
1748009261555.0,0.93263,0.93293
1748009261872.0,0.93264,0.93294
1748009263530.0,0.93266,0.93296
1748009263781.0,0.93266,0.93296
1748009265343.0,0.93264,0.93294
1748009266483.0,0.93263,0.93293
1748009266608.0,0.93264,0.93294
1748009269360.0,0.93265,0.93295
1748009269887.0,0.93263,0.93293
1748009270263.0,0.93263,0.93293
1748009270387.0,0.93264,0.93294
1748009270762.0,0.93265,0.93295
1748009270887.0,0.93264,0.93294
1748009272107.0,0.93263,0.93293
1748009272631.0,0.93262,0.93292
1748009273871.0,0.93261,0.93291
1748009274933.0,0.93262,0.93292
1748009278186.0,0.93261,0.93291
1748009279079.0,0.93262,0.93292
1748009282372.0,0.93263,0.93293
1748009283046.0,0.93265,0.93295
1748009283171.0,0.93264,0.93294
1748009283723.0,0.93265,0.93295
1748009284114.0,0.93266,0.93296
1748009284406.0,0.93265,0.93295
1748009286700.0,0.93264,0.93294
1748009287041.0,0.93265,0.93295
1748009287491.0,0.93266,0.93296
1748009287613.0,0.93267,0.93297
1748009287742.0,0.93268,0.93298
1748009288509.0,0.93267,0.93297
1748009289022.0,0.93265,0.93295
1748009290799.0,0.93263,0.93293
1748009291049.0,0.93261,0.93291
1748009292280.0,0.93263,0.93293
1748009292642.0,0.93262,0.93292
1748009293294.0,0.93261,0.93291
1748009294704.0,0.93255,0.93285
1748009296941.0,0.93254,0.93284
1748009297589.0,0.93255,0.93285
1748009298580.0,0.93254,0.93284
1748009300223.0,0.93253,0.93283
1748009305217.0,0.9325,0.9328
1748009305608.0,0.9325,0.9328
1748009307497.0,0.93245,0.93275
1748009307747.0,0.93246,0.93276
1748009308669.0,0.93244,0.93274
1748009308919.0,0.93245,0.93275
1748009309317.0,0.93246,0.93276
1748009309622.0,0.93251,0.93281
1748009309752.0,0.9325,0.9328
1748009310123.0,0.93249,0.93279
1748009310403.0,0.9325,0.9328
1748009310526.0,0.93249,0.93279
1748009310903.0,0.93253,0.93283
1748009311541.0,0.93252,0.93282
1748009312541.0,0.93254,0.93284
1748009313282.0,0.93255,0.93285
1748009313822.0,0.93256,0.93286
1748009313945.0,0.93257,0.93287
1748009314205.0,0.93259,0.93289
1748009314481.0,0.93258,0.93288
1748009315157.0,0.9326,0.9329
1748009315408.0,0.93262,0.93292
1748009315784.0,0.93265,0.93295
1748009316032.0,0.93264,0.93294
1748009316773.0,0.93266,0.93296
1748009317027.0,0.93266,0.93296
1748009317276.0,0.93265,0.93295
1748009317979.0,0.93263,0.93293
1748009318804.0,0.93264,0.93294
1748009319054.0,0.93262,0.93292
1748009319554.0,0.9326,0.9329
1748009320041.0,0.93261,0.93291
1748009320490.0,0.93258,0.93288
1748009320741.0,0.9326,0.9329
1748009320866.0,0.93261,0.93291
1748009321879.0,0.93259,0.93289
1748009322004.0,0.9326,0.9329
1748009322908.0,0.93259,0.93289
1748009323391.0,0.9326,0.9329
1748009323771.0,0.93258,0.93288
1748009323955.0,0.93257,0.93287
1748009324204.0,0.93255,0.93285
1748009325020.0,0.93256,0.93286
1748009325145.0,0.93257,0.93287
1748009326387.0,0.93256,0.93286
1748009326635.0,0.93257,0.93287
1748009327630.0,0.93255,0.93285
1748009328185.0,0.93256,0.93286
1748009329351.0,0.93257,0.93287
1748009329598.0,0.93256,0.93286
1748009329851.0,0.93255,0.93285
1748009330105.0,0.93254,0.93284
1748009330355.0,0.93252,0.93282
1748009330926.0,0.93256,0.93286
1748009331787.0,0.93255,0.93285
1748009331916.0,0.93257,0.93287
1748009333064.0,0.93256,0.93286
1748009333193.0,0.93257,0.93287
1748009334091.0,0.93262,0.93292
1748009334216.0,0.9326,0.9329
1748009334753.0,0.93259,0.93289
1748009335004.0,0.9326,0.9329
1748009335955.0,0.9326,0.9329
1748009336203.0,0.93261,0.93291
1748009336325.0,0.9326,0.9329
1748009336870.0,0.93259,0.93289
1748009337147.0,0.9326,0.9329
1748009337552.0,0.93261,0.93291
1748009337681.0,0.9326,0.9329
1748009338301.0,0.93259,0.93289
1748009339493.0,0.93259,0.93289
1748009339619.0,0.9326,0.9329
1748009339998.0,0.93264,0.93294
1748009340350.0,0.93265,0.93295
1748009341242.0,0.93266,0.93296
1748009341491.0,0.93265,0.93295
1748009342402.0,0.93265,0.93295
1748009342533.0,0.93263,0.93293
1748009343255.0,0.93265,0.93295
1748009344514.0,0.93264,0.93294
1748009344761.0,0.93263,0.93293
1748009345572.0,0.93262,0.93292
1748009346446.0,0.93261,0.93291
1748009347445.0,0.9326,0.9329
1748009348007.0,0.9326,0.9329
1748009348706.0,0.93257,0.93287
1748009350885.0,0.93259,0.93289
1748009351369.0,0.93258,0.93288
1748009351989.0,0.93258,0.93288
1748009352116.0,0.93257,0.93287
1748009353447.0,0.9326,0.9329
1748009353691.0,0.93258,0.93288
1748009355299.0,0.93259,0.93289
1748009357806.0,0.93258,0.93288
1748009357931.0,0.93259,0.93289
1748009358451.0,0.93257,0.93287
1748009358825.0,0.93254,0.93284
1748009359354.0,0.93252,0.93282
1748009361450.0,0.93255,0.93285
1748009362910.0,0.93256,0.93286
1748009363160.0,0.93257,0.93287
1748009364742.0,0.93256,0.93286
1748009364991.0,0.93256,0.93286
1748009365119.0,0.93258,0.93288
1748009366232.0,0.93256,0.93286
1748009366856.0,0.93255,0.93285
1748009367858.0,0.93256,0.93286
1748009370410.0,0.93257,0.93287
1748009370660.0,0.93258,0.93288
1748009371453.0,0.93259,0.93289
1748009371578.0,0.93258,0.93288
1748009372073.0,0.93259,0.93289
1748009373399.0,0.93258,0.93288
1748009374093.0,0.93256,0.93286
1748009374215.0,0.93255,0.93285
1748009376826.0,0.93254,0.93284
1748009377415.0,0.93255,0.93285
1748009377666.0,0.93254,0.93284
1748009378310.0,0.93253,0.93283
1748009378810.0,0.93251,0.93281
1748009378935.0,0.93252,0.93282
1748009379186.0,0.93251,0.93281
1748009381120.0,0.93246,0.93276
1748009381707.0,0.93245,0.93275
1748009381957.0,0.93246,0.93276
1748009384004.0,0.93244,0.93274
1748009384528.0,0.93245,0.93275
1748009384951.0,0.93244,0.93274
1748009385084.0,0.93246,0.93276
1748009385475.0,0.93245,0.93275
1748009385876.0,0.93246,0.93276
1748009386177.0,0.93245,0.93275
1748009387959.0,0.93246,0.93276
1748009388085.0,0.93245,0.93275
1748009391955.0,0.93245,0.93275
1748009393241.0,0.93247,0.93277
1748009393489.0,0.93246,0.93276
1748009393616.0,0.93247,0.93277
1748009394970.0,0.93246,0.93276
1748009395395.0,0.93247,0.93277
1748009396384.0,0.93246,0.93276
1748009398051.0,0.93247,0.93277
1748009399041.0,0.93246,0.93276
1748009400183.0,0.93244,0.93274
1748009400432.0,0.93243,0.93273
1748009401293.0,0.93242,0.93272
1748009401935.0,0.93241,0.93271
1748009402186.0,0.93242,0.93272
1748009402436.0,0.93241,0.93271
1748009402941.0,0.93242,0.93272
1748009403524.0,0.9324,0.9327
1748009404171.0,0.93241,0.93271
1748009405630.0,0.93239,0.93269
1748009407052.0,0.9324,0.9327
1748009409258.0,0.93242,0.93272
1748009410150.0,0.93243,0.93273
1748009411374.0,0.93239,0.93269
1748009412000.0,0.93242,0.93272
1748009412376.0,0.93239,0.93269
1748009414299.0,0.93239,0.93269
1748009414427.0,0.93236,0.93266
1748009414889.0,0.93237,0.93267
1748009416705.0,0.93236,0.93266
1748009416833.0,0.93237,0.93267
1748009417309.0,0.93236,0.93266
1748009418185.0,0.93235,0.93265
1748009420969.0,0.93234,0.93264
1748009422177.0,0.93233,0.93263
1748009422299.0,0.93234,0.93264
1748009422672.0,0.93237,0.93267
1748009423550.0,0.93235,0.93265
1748009423798.0,0.93236,0.93266
1748009425233.0,0.93238,0.93268
1748009425650.0,0.93237,0.93267
1748009425903.0,0.93243,0.93273
1748009427934.0,0.93244,0.93274
1748009429240.0,0.93243,0.93273
1748009429488.0,0.93248,0.93278
1748009430282.0,0.93247,0.93277
1748009430532.0,0.93246,0.93276
1748009430949.0,0.93245,0.93275
1748009431350.0,0.93246,0.93276
1748009431601.0,0.93244,0.93274
1748009431725.0,0.93246,0.93276
1748009432761.0,0.93245,0.93275
1748009435288.0,0.93244,0.93274
1748009435566.0,0.93245,0.93275
1748009436334.0,0.93248,0.93278
1748009437697.0,0.9325,0.9328
1748009437947.0,0.93249,0.93279
1748009439215.0,0.93248,0.93278
1748009439590.0,0.9325,0.9328
1748009439715.0,0.93249,0.93279
1748009440059.0,0.93248,0.93278
1748009440593.0,0.93247,0.93277
1748009441379.0,0.93248,0.93278
1748009441637.0,0.93247,0.93277
1748009442605.0,0.93248,0.93278
1748009443001.0,0.9325,0.9328
1748009443251.0,0.93248,0.93278
1748009444996.0,0.93249,0.93279
1748009445503.0,0.93248,0.93278
1748009446148.0,0.9325,0.9328
1748009446274.0,0.93251,0.93281
1748009446716.0,0.93251,0.93281
1748009446966.0,0.93249,0.93279
1748009447220.0,0.9325,0.9328
1748009447469.0,0.93251,0.93281
1748009447721.0,0.93251,0.93281
1748009447841.0,0.9325,0.9328
1748009449281.0,0.93251,0.93281
1748009450857.0,0.9325,0.9328
1748009451412.0,0.93249,0.93279
1748009452186.0,0.93248,0.93278
1748009453475.0,0.93249,0.93279
1748009453724.0,0.93248,0.93278
1748009455456.0,0.93247,0.93277
1748009455707.0,0.93249,0.93279
1748009456905.0,0.9325,0.9328
1748009457425.0,0.93249,0.93279
1748009457677.0,0.9325,0.9328
1748009457803.0,0.93249,0.93279
1748009458637.0,0.93248,0.93278
1748009458761.0,0.93249,0.93279
1748009459147.0,0.93248,0.93278
1748009459424.0,0.93247,0.93277
1748009460859.0,0.93247,0.93277
1748009461110.0,0.93246,0.93276
1748009461604.0,0.93247,0.93277
1748009462206.0,0.93246,0.93276
1748009462330.0,0.93245,0.93275
1748009462716.0,0.93241,0.93271
1748009462969.0,0.9324,0.9327
1748009465204.0,0.93241,0.93271
1748009466402.0,0.9324,0.9327
1748009466922.0,0.93236,0.93266
1748009467177.0,0.93238,0.93268
1748009467296.0,0.93239,0.93269
1748009467649.0,0.93238,0.93268
1748009468245.0,0.93237,0.93267
1748009469036.0,0.93239,0.93269
1748009469547.0,0.93243,0.93273
1748009469670.0,0.93242,0.93272
1748009470611.0,0.93241,0.93271
1748009470861.0,0.93241,0.93271
1748009474143.0,0.9324,0.9327
1748009474799.0,0.93241,0.93271
1748009475048.0,0.9324,0.9327
1748009476847.0,0.93241,0.93271
1748009477392.0,0.93243,0.93273
1748009477693.0,0.93244,0.93274
1748009480600.0,0.93245,0.93275
1748009481310.0,0.93244,0.93274
1748009481934.0,0.93245,0.93275
1748009483942.0,0.93246,0.93276
1748009484065.0,0.93247,0.93277
1748009485882.0,0.93246,0.93276
1748009487353.0,0.93244,0.93274
1748009488144.0,0.93245,0.93275
1748009489356.0,0.93246,0.93276
1748009490424.0,0.93247,0.93277
1748009491193.0,0.93246,0.93276
1748009491445.0,0.93245,0.93275
1748009492314.0,0.93246,0.93276
1748009493328.0,0.93248,0.93278
1748009493451.0,0.93249,0.93279
1748009494373.0,0.93247,0.93277
1748009494499.0,0.93248,0.93278
1748009496755.0,0.93249,0.93279
1748009496884.0,0.93247,0.93277
1748009497261.0,0.93248,0.93278
1748009499471.0,0.93249,0.93279
1748009501527.0,0.93251,0.93281
1748009501776.0,0.93254,0.93284
1748009502140.0,0.93251,0.93281
1748009502512.0,0.93254,0.93284
1748009504390.0,0.93255,0.93285
1748009504514.0,0.93254,0.93284
1748009505576.0,0.93253,0.93283
1748009505902.0,0.93254,0.93284
1748009508171.0,0.93255,0.93285
1748009509175.0,0.93256,0.93286
1748009509426.0,0.93256,0.93286
1748009511477.0,0.93258,0.93288
1748009511723.0,0.93257,0.93287
1748009512630.0,0.93258,0.93288
1748009512947.0,0.93257,0.93287
1748009516143.0,0.93256,0.93286
1748009516270.0,0.93257,0.93287
1748009518463.0,0.93256,0.93286
1748009519748.0,0.93257,0.93287
1748009521497.0,0.93258,0.93288
1748009521867.0,0.9326,0.9329
1748009523023.0,0.93261,0.93291
1748009523548.0,0.9326,0.9329
1748009524010.0,0.93261,0.93291
1748009524301.0,0.93262,0.93292
1748009528399.0,0.9326,0.9329
1748009529411.0,0.93259,0.93289
1748009529539.0,0.93258,0.93288
1748009530305.0,0.93259,0.93289
1748009530598.0,0.93258,0.93288
1748009531521.0,0.93259,0.93289
1748009531644.0,0.9326,0.9329
1748009531892.0,0.93259,0.93289
1748009533108.0,0.9326,0.9329
1748009533607.0,0.93264,0.93294
1748009533731.0,0.93266,0.93296
1748009535489.0,0.93267,0.93297
1748009536126.0,0.93266,0.93296
1748009537305.0,0.93265,0.93295
1748009537425.0,0.93266,0.93296
1748009537876.0,0.93268,0.93298
1748009537986.0,0.93269,0.93299
1748009538656.0,0.93269,0.93299
1748009538906.0,0.93268,0.93298
1748009539043.0,0.93274,0.93304
1748009539283.0,0.93273,0.93303
1748009539487.0,0.93274,0.93304
1748009539620.0,0.93275,0.93305
1748009540243.0,0.93277,0.93307
1748009540488.0,0.93278,0.93308
1748009540617.0,0.93279,0.93309
1748009541147.0,0.93281,0.93311
1748009542030.0,0.93279,0.93309
1748009542155.0,0.93276,0.93306
1748009543148.0,0.93271,0.93301
1748009544997.0,0.93273,0.93303
1748009545695.0,0.93274,0.93304
1748009547119.0,0.93271,0.93301
1748009547248.0,0.93272,0.93302
1748009547649.0,0.93273,0.93303
1748009547902.0,0.93274,0.93304
1748009548275.0,0.93273,0.93303
1748009548526.0,0.93274,0.93304
1748009548777.0,0.93273,0.93303
1748009551277.0,0.93272,0.93302
1748009551524.0,0.93273,0.93303
1748009552151.0,0.93276,0.93306
1748009552743.0,0.93277,0.93307
1748009553244.0,0.93276,0.93306
1748009553368.0,0.93275,0.93305
1748009553669.0,0.93276,0.93306
1748009554787.0,0.93277,0.93307
1748009554910.0,0.93276,0.93306
1748009557041.0,0.93275,0.93305
1748009557293.0,0.93276,0.93306
1748009558741.0,0.93275,0.93305
1748009558871.0,0.93276,0.93306
1748009560585.0,0.93274,0.93304
1748009561630.0,0.93273,0.93303
1748009561880.0,0.93274,0.93304
1748009562132.0,0.93276,0.93306
1748009563518.0,0.93277,0.93307
1748009564148.0,0.93276,0.93306
1748009565615.0,0.93275,0.93305
1748009565865.0,0.93276,0.93306
1748009568709.0,0.93275,0.93305
1748009569709.0,0.93276,0.93306
1748009570416.0,0.93277,0.93307
1748009570545.0,0.93275,0.93305
1748009572965.0,0.93276,0.93306
1748009573087.0,0.93277,0.93307
1748009573801.0,0.93276,0.93306
1748009574054.0,0.93275,0.93305
1748009574697.0,0.93274,0.93304
1748009574818.0,0.93273,0.93303
1748009574946.0,0.93272,0.93302
1748009575445.0,0.93274,0.93304
1748009575708.0,0.93272,0.93302
1748009576124.0,0.93273,0.93303
1748009576676.0,0.93272,0.93302
1748009577302.0,0.93273,0.93303
1748009577425.0,0.93272,0.93302
1748009577801.0,0.93273,0.93303
1748009577928.0,0.93274,0.93304
1748009579449.0,0.93272,0.93302
1748009579573.0,0.93271,0.93301
1748009582383.0,0.93272,0.93302
1748009582632.0,0.93274,0.93304
1748009586693.0,0.93276,0.93306
1748009587072.0,0.93279,0.93309
1748009587198.0,0.93278,0.93308
1748009590208.0,0.93278,0.93308
1748009590332.0,0.93276,0.93306
1748009592088.0,0.93273,0.93303
1748009592618.0,0.93274,0.93304
1748009593880.0,0.93273,0.93303
1748009594627.0,0.93274,0.93304
1748009595485.0,0.93273,0.93303
1748009595602.0,0.93274,0.93304
1748009596107.0,0.93273,0.93303
1748009597780.0,0.93274,0.93304
1748009599096.0,0.93273,0.93303
1748009601853.0,0.93271,0.93301
1748009605141.0,0.93272,0.93302
1748009607140.0,0.93273,0.93303
1748009607255.0,0.9327,0.933
1748009608998.0,0.93269,0.93299
1748009616341.0,0.93268,0.93298
1748009616618.0,0.93269,0.93299
1748009616994.0,0.93268,0.93298
1748009617118.0,0.9327,0.933
1748009617577.0,0.93268,0.93298
1748009622542.0,0.9327,0.933
1748009622792.0,0.93269,0.93299
1748009623421.0,0.93268,0.93298
1748009623799.0,0.93262,0.93292
1748009623921.0,0.93266,0.93296
1748009630470.0,0.93268,0.93298
1748009630720.0,0.93267,0.93297
1748009630970.0,0.93266,0.93296
1748009631204.0,0.93264,0.93294
1748009631703.0,0.93263,0.93293
1748009632018.0,0.93264,0.93294
1748009632144.0,0.93266,0.93296
1748009632394.0,0.93264,0.93294
1748009632643.0,0.93265,0.93295
1748009633164.0,0.93264,0.93294
1748009635191.0,0.93263,0.93293
1748009635604.0,0.93264,0.93294
1748009638010.0,0.93263,0.93293
1748009638688.0,0.93263,0.93293
1748009638821.0,0.93264,0.93294
1748009641209.0,0.93265,0.93295
1748009642303.0,0.93266,0.93296
1748009643329.0,0.93264,0.93294
1748009643711.0,0.93265,0.93295
1748009645514.0,0.93267,0.93297
1748009647423.0,0.93268,0.93298
1748009647546.0,0.93267,0.93297
1748009650066.0,0.93266,0.93296
1748009652224.0,0.93269,0.93299
1748009652630.0,0.93268,0.93298
1748009652881.0,0.93267,0.93297
1748009656701.0,0.93265,0.93295
1748009657677.0,0.93266,0.93296
1748009658551.0,0.93265,0.93295
1748009660599.0,0.93263,0.93293
1748009660725.0,0.93264,0.93294
1748009660973.0,0.93267,0.93297
1748009661243.0,0.93266,0.93296
1748009661955.0,0.93264,0.93294
1748009662102.0,0.93263,0.93293
1748009662355.0,0.93261,0.93291
1748009662824.0,0.93262,0.93292
1748009663772.0,0.93263,0.93293
1748009663897.0,0.93262,0.93292
1748009664023.0,0.93263,0.93293
1748009665185.0,0.93262,0.93292
1748009665309.0,0.93263,0.93293
1748009665787.0,0.93262,0.93292
1748009667211.0,0.93261,0.93291
1748009668185.0,0.93262,0.93292
1748009668793.0,0.93268,0.93298
1748009668918.0,0.93266,0.93296
1748009669169.0,0.93267,0.93297
1748009670020.0,0.93265,0.93295
1748009670901.0,0.93264,0.93294
1748009671025.0,0.93265,0.93295
1748009674146.0,0.93267,0.93297
1748009674646.0,0.93266,0.93296
1748009675490.0,0.93267,0.93297
1748009676503.0,0.93265,0.93295
1748009676756.0,0.93264,0.93294
1748009677233.0,0.93266,0.93296
1748009677608.0,0.93266,0.93296
1748009679908.0,0.93267,0.93297
1748009681592.0,0.93268,0.93298
1748009681844.0,0.93267,0.93297
1748009681973.0,0.93268,0.93298
1748009682230.0,0.9327,0.933
1748009682729.0,0.93272,0.93302
1748009684134.0,0.93271,0.93301
1748009684258.0,0.9327,0.933
1748009684781.0,0.93269,0.93299
1748009685647.0,0.93268,0.93298
1748009687136.0,0.9327,0.933
1748009687245.0,0.93269,0.93299
1748009687620.0,0.93269,0.93299
1748009688983.0,0.93268,0.93298
1748009689234.0,0.93269,0.93299
1748009689684.0,0.93268,0.93298
1748009690066.0,0.93269,0.93299
1748009690942.0,0.93268,0.93298
1748009693464.0,0.93267,0.93297
1748009694228.0,0.9327,0.933
1748009694804.0,0.93268,0.93298
1748009698187.0,0.93269,0.93299
1748009698310.0,0.93268,0.93298
1748009699591.0,0.93272,0.93302
1748009700083.0,0.9327,0.933
1748009700660.0,0.93272,0.93302
1748009702159.0,0.93271,0.93301
1748009705125.0,0.93272,0.93302
1748009705385.0,0.93273,0.93303
1748009705506.0,0.93274,0.93304
1748009706677.0,0.93272,0.93302
1748009706806.0,0.93271,0.93301
1748009707713.0,0.93272,0.93302
1748009708186.0,0.93271,0.93301
1748009708879.0,0.93272,0.93302
1748009709398.0,0.93271,0.93301
1748009709978.0,0.93272,0.93302
1748009710404.0,0.93271,0.93301
1748009710653.0,0.93272,0.93302
1748009710902.0,0.93272,0.93302
1748009711371.0,0.93273,0.93303
1748009712833.0,0.93272,0.93302
1748009714190.0,0.93273,0.93303
1748009716780.0,0.93272,0.93302
1748009717103.0,0.93273,0.93303
1748009718190.0,0.93274,0.93304
1748009719568.0,0.93276,0.93306
1748009723928.0,0.93275,0.93305
1748009724049.0,0.93276,0.93306
1748009724298.0,0.93274,0.93304
1748009724994.0,0.93273,0.93303
1748009725120.0,0.93274,0.93304
1748009726621.0,0.93273,0.93303
1748009729007.0,0.93272,0.93302
1748009729123.0,0.93273,0.93303
1748009729639.0,0.93272,0.93302
1748009732391.0,0.93271,0.93301
1748009732834.0,0.93272,0.93302
1748009732958.0,0.93274,0.93304
1748009734214.0,0.93275,0.93305
1748009734466.0,0.93276,0.93306
1748009735078.0,0.93275,0.93305
1748009736193.0,0.93276,0.93306
1748009737885.0,0.93277,0.93307
1748009738260.0,0.93276,0.93306
1748009740090.0,0.93277,0.93307
1748009741872.0,0.93276,0.93306
1748009743209.0,0.93277,0.93307
1748009743456.0,0.93275,0.93305
1748009744585.0,0.93274,0.93304
1748009745533.0,0.93275,0.93305
1748009746039.0,0.93274,0.93304
1748009748661.0,0.93275,0.93305
1748009750072.0,0.93276,0.93306
1748009750503.0,0.93275,0.93305
1748009753127.0,0.93274,0.93304
1748009753745.0,0.93275,0.93305
1748009754018.0,0.93274,0.93304
1748009754943.0,0.93276,0.93306
1748009758583.0,0.93275,0.93305
1748009759935.0,0.93274,0.93304
1748009762130.0,0.93275,0.93305
1748009762258.0,0.93274,0.93304
1748009762859.0,0.93273,0.93303
1748009763854.0,0.93271,0.93301
1748009765374.0,0.93272,0.93302
1748009765824.0,0.93273,0.93303
1748009766099.0,0.93272,0.93302
1748009766223.0,0.93273,0.93303
1748009766414.0,0.93274,0.93304
1748009767376.0,0.93273,0.93303
1748009767626.0,0.93271,0.93301
1748009768169.0,0.93273,0.93303
1748009769663.0,0.93272,0.93302
1748009770182.0,0.93273,0.93303
1748009770708.0,0.93271,0.93301
1748009771353.0,0.9327,0.933
1748009772224.0,0.93269,0.93299
1748009774700.0,0.9327,0.933
1748009778172.0,0.9326,0.9329
1748009778546.0,0.93259,0.93289
1748009778672.0,0.9326,0.9329
1748009780033.0,0.93258,0.93288
1748009780947.0,0.93261,0.93291
1748009781320.0,0.93263,0.93293
1748009781697.0,0.93256,0.93286
1748009782194.0,0.93255,0.93285
1748009782320.0,0.93254,0.93284
1748009782698.0,0.93255,0.93285
1748009782949.0,0.93257,0.93287
1748009783074.0,0.93256,0.93286
1748009784346.0,0.93257,0.93287
1748009785116.0,0.93258,0.93288
1748009785370.0,0.93257,0.93287
1748009786482.0,0.93258,0.93288
1748009786656.0,0.93259,0.93289
1748009786781.0,0.93258,0.93288
1748009787259.0,0.93257,0.93287
1748009787980.0,0.93252,0.93282
1748009788228.0,0.93255,0.93285
1748009788349.0,0.93253,0.93283
1748009788525.0,0.93255,0.93285
1748009793250.0,0.93256,0.93286
1748009793536.0,0.93257,0.93287
1748009794200.0,0.93258,0.93288
1748009795724.0,0.93256,0.93286
1748009795974.0,0.93254,0.93284
1748009796474.0,0.93253,0.93283
1748009796975.0,0.93257,0.93287
1748009797098.0,0.93258,0.93288
1748009797896.0,0.93257,0.93287
1748009798188.0,0.93258,0.93288
1748009798781.0,0.93257,0.93287
1748009799033.0,0.93258,0.93288
1748009799533.0,0.93257,0.93287
1748009799783.0,0.93258,0.93288
1748009800530.0,0.93259,0.93289
1748009802370.0,0.93257,0.93287
1748009802502.0,0.93256,0.93286
1748009803409.0,0.93258,0.93288
1748009803658.0,0.93257,0.93287
1748009804148.0,0.93256,0.93286
1748009806762.0,0.93255,0.93285
1748009807430.0,0.93256,0.93286
1748009807973.0,0.93255,0.93285
1748009808098.0,0.93256,0.93286
1748009810383.0,0.93254,0.93284
1748009810629.0,0.93256,0.93286
1748009811056.0,0.93255,0.93285
1748009811729.0,0.93257,0.93287
1748009812800.0,0.93259,0.93289
1748009813051.0,0.93257,0.93287
1748009813300.0,0.93258,0.93288
1748009813426.0,0.93257,0.93287
1748009814129.0,0.93259,0.93289
1748009814253.0,0.9326,0.9329
1748009814585.0,0.93259,0.93289
1748009814714.0,0.93258,0.93288
1748009817275.0,0.93257,0.93287
1748009817667.0,0.93258,0.93288
1748009818925.0,0.93258,0.93288
1748009819048.0,0.93257,0.93287
1748009819424.0,0.9325,0.9328
1748009819547.0,0.93249,0.93279
1748009821557.0,0.93248,0.93278
1748009822719.0,0.93247,0.93277
1748009822968.0,0.93246,0.93276
1748009823410.0,0.93246,0.93276
1748009824240.0,0.93246,0.93276
1748009825765.0,0.93247,0.93277
1748009826780.0,0.93248,0.93278
1748009828817.0,0.93248,0.93278
1748009829824.0,0.93249,0.93279
1748009834054.0,0.93248,0.93278
1748009834887.0,0.93247,0.93277
1748009835015.0,0.93246,0.93276
1748009836541.0,0.93245,0.93275
1748009837217.0,0.93246,0.93276
1748009837468.0,0.93245,0.93275
1748009838116.0,0.93246,0.93276
1748009838241.0,0.93247,0.93277
1748009839257.0,0.93246,0.93276
1748009841782.0,0.93245,0.93275
1748009841907.0,0.93242,0.93272
1748009842156.0,0.93245,0.93275
1748009842448.0,0.93246,0.93276
1748009845305.0,0.93245,0.93275
1748009845555.0,0.93246,0.93276
1748009846348.0,0.93247,0.93277
1748009847308.0,0.93246,0.93276
1748009847684.0,0.93245,0.93275
1748009849866.0,0.93246,0.93276
1748009850116.0,0.93245,0.93275
1748009853353.0,0.93248,0.93278
1748009853881.0,0.93247,0.93277
1748009854007.0,0.93246,0.93276
1748009856083.0,0.93247,0.93277
1748009857734.0,0.93248,0.93278
1748009858187.0,0.9325,0.9328
1748009858311.0,0.93248,0.93278
1748009858731.0,0.93249,0.93279
1748009859803.0,0.93248,0.93278
1748009863753.0,0.93249,0.93279
1748009864712.0,0.93249,0.93279
1748009866055.0,0.9325,0.9328
1748009866177.0,0.93247,0.93277
1748009866669.0,0.93246,0.93276
1748009867174.0,0.93245,0.93275
1748009867295.0,0.93242,0.93272
1748009867820.0,0.93244,0.93274
1748009868068.0,0.93242,0.93272
1748009870575.0,0.93241,0.93271
1748009871681.0,0.9324,0.9327
1748009871807.0,0.93242,0.93272
1748009872056.0,0.93241,0.93271
1748009872494.0,0.93243,0.93273
1748009872622.0,0.93242,0.93272
1748009872868.0,0.93241,0.93271
1748009873535.0,0.9324,0.9327
1748009873784.0,0.93242,0.93272
1748009878190.0,0.9324,0.9327
1748009878882.0,0.93241,0.93271
1748009882384.0,0.9324,0.9327
1748009882501.0,0.93242,0.93272
1748009883451.0,0.93243,0.93273
1748009885504.0,0.93242,0.93272
1748009886060.0,0.93244,0.93274
1748009886542.0,0.93243,0.93273
1748009886787.0,0.93243,0.93273
1748009887424.0,0.93246,0.93276
1748009887554.0,0.93244,0.93274
1748009889795.0,0.93247,0.93277
1748009889914.0,0.93246,0.93276
1748009891002.0,0.93245,0.93275
1748009891247.0,0.93247,0.93277
1748009891631.0,0.93249,0.93279
1748009891881.0,0.93245,0.93275
1748009892010.0,0.93244,0.93274
1748009892286.0,0.93245,0.93275
1748009892785.0,0.93247,0.93277
1748009893040.0,0.93247,0.93277
1748009894490.0,0.93245,0.93275
1748009898052.0,0.93246,0.93276
1748009898299.0,0.93244,0.93274
1748009898772.0,0.93245,0.93275
1748009899300.0,0.93244,0.93274
1748009900709.0,0.93243,0.93273
1748009901756.0,0.93242,0.93272
1748009903643.0,0.93241,0.93271
1748009904469.0,0.93238,0.93268
1748009907370.0,0.93236,0.93266
1748009910073.0,0.93238,0.93268
1748009911658.0,0.93236,0.93266
1748009912667.0,0.93235,0.93265
1748009915406.0,0.93234,0.93264
1748009915694.0,0.93236,0.93266
1748009915944.0,0.93235,0.93265
1748009916605.0,0.93239,0.93269
1748009917696.0,0.93238,0.93268
1748009917821.0,0.93237,0.93267
1748009920941.0,0.93236,0.93266
1748009922325.0,0.93234,0.93264
1748009922451.0,0.93233,0.93263
1748009922850.0,0.93234,0.93264
1748009923970.0,0.93233,0.93263
1748009924316.0,0.93231,0.93261
1748009924905.0,0.93234,0.93264
1748009925947.0,0.93232,0.93262
1748009926318.0,0.93234,0.93264
1748009926742.0,0.93233,0.93263
1748009926994.0,0.93231,0.93261
1748009928743.0,0.9323,0.9326
1748009928992.0,0.93228,0.93258
1748009929240.0,0.93229,0.93259
1748009929797.0,0.93228,0.93258
1748009930988.0,0.93227,0.93257
1748009931391.0,0.93226,0.93256
1748009932929.0,0.93226,0.93256
1748009936862.0,0.93225,0.93255
1748009939145.0,0.93224,0.93254
1748009939396.0,0.9322,0.9325
1748009939822.0,0.93222,0.93252
1748009943154.0,0.93221,0.93251
1748009945455.0,0.93221,0.93251
1748009946522.0,0.9322,0.9325
1748009946646.0,0.93218,0.93248
1748009948858.0,0.93219,0.93249
1748009951291.0,0.93221,0.93251
1748009951581.0,0.93219,0.93249
1748009954226.0,0.93217,0.93247
1748009954335.0,0.93216,0.93246
1748009954806.0,0.93213,0.93243
1748009960263.0,0.93215,0.93245
1748009963284.0,0.93213,0.93243
1748009964550.0,0.93215,0.93245
1748009968635.0,0.93214,0.93244
1748009968885.0,0.93216,0.93246
1748009970822.0,0.93215,0.93245
1748009976506.0,0.93216,0.93246
1748009977736.0,0.93217,0.93247
1748009981613.0,0.93216,0.93246
1748009982179.0,0.93214,0.93244
1748009982304.0,0.93215,0.93245
1748009983189.0,0.93216,0.93246
1748009983762.0,0.93212,0.93242
1748009984306.0,0.93213,0.93243
1748009984557.0,0.93213,0.93243
1748009985129.0,0.93212,0.93242
1748009985378.0,0.93213,0.93243
1748009987821.0,0.93214,0.93244
1748009988070.0,0.93213,0.93243
1748009991735.0,0.93212,0.93242
1748009992055.0,0.93213,0.93243
1748009992181.0,0.93212,0.93242
1748009993519.0,0.93213,0.93243
1748009994052.0,0.93214,0.93244
1748009994299.0,0.93213,0.93243
1748009994977.0,0.93212,0.93242
1748009995101.0,0.93213,0.93243
1748009995744.0,0.93214,0.93244
1748009997501.0,0.93213,0.93243
1748009998070.0,0.93214,0.93244
1748009999286.0,0.93213,0.93243
1748009999400.0,0.93212,0.93242
1748009999723.0,0.93213,0.93243
1748010000351.0,0.93212,0.93242
1748010000604.0,0.93213,0.93243
1748010001286.0,0.93214,0.93244
1748010001734.0,0.93213,0.93243
1748010002440.0,0.93214,0.93244
1748010004068.0,0.93213,0.93243
1748010004193.0,0.93212,0.93242
1748010004536.0,0.93213,0.93243
1748010004992.0,0.93215,0.93245
1748010005243.0,0.93214,0.93244
1748010006348.0,0.93213,0.93243
1748010008299.0,0.93214,0.93244
1748010009306.0,0.93215,0.93245
1748010009432.0,0.93217,0.93247
1748010009556.0,0.93218,0.93248
1748010009804.0,0.93217,0.93247
1748010011998.0,0.93216,0.93246
1748010012124.0,0.93217,0.93247
1748010014188.0,0.93217,0.93247
1748010016702.0,0.93218,0.93248
1748010022743.0,0.93217,0.93247
1748010022864.0,0.93211,0.93241
1748010023243.0,0.93213,0.93243
1748010023493.0,0.93214,0.93244
1748010025417.0,0.93213,0.93243
1748010025540.0,0.93214,0.93244
1748010026112.0,0.93213,0.93243
1748010026240.0,0.93217,0.93247
1748010026484.0,0.93216,0.93246
1748010027325.0,0.93217,0.93247
1748010028007.0,0.93221,0.93251
1748010028131.0,0.9322,0.9325
1748010028381.0,0.93218,0.93248
1748010029334.0,0.93217,0.93247
1748010029459.0,0.93222,0.93252
1748010030021.0,0.9322,0.9325
1748010032110.0,0.93219,0.93249
1748010035511.0,0.9322,0.9325
1748010036125.0,0.93219,0.93249
1748010038186.0,0.93218,0.93248
1748010038812.0,0.9322,0.9325
1748010040634.0,0.93219,0.93249
1748010041697.0,0.9322,0.9325
1748010043484.0,0.93218,0.93248
1748010044965.0,0.93213,0.93243
1748010045088.0,0.93212,0.93242
1748010045944.0,0.93211,0.93241
1748010046626.0,0.93209,0.93239
1748010047827.0,0.93208,0.93238
1748010048207.0,0.93209,0.93239
1748010048330.0,0.9321,0.9324
1748010048625.0,0.93209,0.93239
1748010050924.0,0.93208,0.93238
1748010051948.0,0.93207,0.93237
1748010052780.0,0.93208,0.93238
1748010057946.0,0.93209,0.93239
1748010058196.0,0.93211,0.93241
1748010059066.0,0.93209,0.93239
1748010064043.0,0.9321,0.9324
1748010065408.0,0.93211,0.93241
1748010068199.0,0.93212,0.93242
1748010068321.0,0.93204,0.93234
1748010070721.0,0.93205,0.93235
1748010071380.0,0.93201,0.93231
1748010071630.0,0.93201,0.93231
1748010071756.0,0.93204,0.93234
1748010072175.0,0.93202,0.93232
1748010072425.0,0.93202,0.93232
1748010074819.0,0.93201,0.93231
1748010075071.0,0.93199,0.93229
1748010076341.0,0.932,0.9323
1748010078617.0,0.93201,0.93231
1748010079096.0,0.93199,0.93229
1748010079382.0,0.932,0.9323
1748010079633.0,0.93199,0.93229
1748010084613.0,0.93198,0.93228
1748010084862.0,0.93197,0.93227
1748010087530.0,0.93196,0.93226
1748010089878.0,0.93195,0.93225
1748010090251.0,0.93194,0.93224
1748010092687.0,0.93195,0.93225
1748010094021.0,0.93198,0.93228
1748010094147.0,0.932,0.9323
1748010096001.0,0.93199,0.93229
1748010096608.0,0.932,0.9323
1748010098186.0,0.93195,0.93225
1748010099047.0,0.93194,0.93224
1748010099572.0,0.93195,0.93225
1748010101355.0,0.93196,0.93226
1748010104647.0,0.93195,0.93225
1748010106555.0,0.93192,0.93222
1748010106686.0,0.93193,0.93223
1748010107488.0,0.93195,0.93225
1748010107614.0,0.93193,0.93223
1748010108986.0,0.93192,0.93222
1748010111063.0,0.93194,0.93224
1748010111185.0,0.93195,0.93225
1748010112113.0,0.93196,0.93226
1748010117822.0,0.93197,0.93227
1748010121900.0,0.93198,0.93228
1748010122151.0,0.93197,0.93227
1748010122401.0,0.93196,0.93226
1748010123513.0,0.93195,0.93225
1748010123773.0,0.93196,0.93226
1748010124017.0,0.93197,0.93227
1748010124867.0,0.93198,0.93228
1748010124987.0,0.93201,0.93231
1748010125977.0,0.93202,0.93232
1748010127466.0,0.93203,0.93233
1748010127716.0,0.93205,0.93235
1748010129707.0,0.93206,0.93236
1748010131276.0,0.93207,0.93237
1748010132600.0,0.93206,0.93236
1748010135574.0,0.93207,0.93237
1748010137567.0,0.93208,0.93238
1748010138870.0,0.93209,0.93239
1748010139270.0,0.93211,0.93241
1748010140084.0,0.93212,0.93242
1748010140335.0,0.93211,0.93241
1748010140585.0,0.93213,0.93243
1748010141661.0,0.9321,0.9324
1748010141766.0,0.93208,0.93238
1748010142949.0,0.93209,0.93239
1748010144673.0,0.9321,0.9324
1748010144920.0,0.93209,0.93239
1748010146212.0,0.93209,0.93239
1748010146462.0,0.93209,0.93239
1748010146712.0,0.93208,0.93238
1748010147013.0,0.93207,0.93237
1748010148190.0,0.93208,0.93238
1748010150066.0,0.93209,0.93239
1748010150873.0,0.9321,0.9324
1748010152242.0,0.93209,0.93239
1748010152835.0,0.9321,0.9324
1748010154253.0,0.93212,0.93242
1748010154380.0,0.93213,0.93243
1748010154757.0,0.93212,0.93242
1748010155307.0,0.93213,0.93243
1748010157366.0,0.93211,0.93241
1748010157486.0,0.93214,0.93244
1748010158592.0,0.93213,0.93243
1748010159198.0,0.93214,0.93244
1748010159320.0,0.93213,0.93243
1748010161111.0,0.93214,0.93244
1748010164765.0,0.93207,0.93237
1748010165082.0,0.93206,0.93236
1748010165332.0,0.93205,0.93235
1748010166183.0,0.93204,0.93234
1748010166980.0,0.93205,0.93235
1748010167236.0,0.93204,0.93234
1748010167360.0,0.93203,0.93233
1748010167736.0,0.93196,0.93226
1748010167985.0,0.93194,0.93224
1748010168110.0,0.93192,0.93222
1748010168463.0,0.93191,0.93221
1748010169224.0,0.93192,0.93222
1748010169456.0,0.93191,0.93221
1748010169706.0,0.9319,0.9322
1748010169962.0,0.93189,0.93219
1748010170308.0,0.93191,0.93221
1748010170559.0,0.93181,0.93211
1748010171416.0,0.9318,0.9321
1748010171668.0,0.93184,0.93214
1748010171917.0,0.93182,0.93212
1748010172166.0,0.93181,0.93211
1748010172684.0,0.93182,0.93212
1748010174042.0,0.93185,0.93215
1748010174345.0,0.93184,0.93214
1748010174593.0,0.93181,0.93211
1748010175477.0,0.9318,0.9321
1748010177027.0,0.93179,0.93209
1748010177453.0,0.9318,0.9321
1748010177701.0,0.93178,0.93208
1748010178184.0,0.93177,0.93207
1748010178311.0,0.93176,0.93206
1748010178436.0,0.93177,0.93207
1748010179993.0,0.9318,0.9321
1748010182620.0,0.93182,0.93212
1748010183588.0,0.93183,0.93213
1748010183841.0,0.93182,0.93212
1748010184978.0,0.93183,0.93213
1748010186662.0,0.93184,0.93214
1748010186784.0,0.93182,0.93212
1748010187231.0,0.93183,0.93213
1748010187705.0,0.9319,0.9322
1748010187836.0,0.93196,0.93226
1748010188206.0,0.93195,0.93225
1748010188792.0,0.93193,0.93223
1748010192175.0,0.93195,0.93225
1748010193582.0,0.93198,0.93228
1748010194012.0,0.93192,0.93222
1748010194142.0,0.93194,0.93224
1748010195294.0,0.93195,0.93225
1748010195595.0,0.93194,0.93224
1748010196313.0,0.93195,0.93225
1748010198186.0,0.93196,0.93226
1748010198513.0,0.93195,0.93225
1748010199160.0,0.93194,0.93224
1748010199640.0,0.93193,0.93223
1748010201518.0,0.93194,0.93224
1748010201643.0,0.93193,0.93223
1748010201894.0,0.93194,0.93224
1748010202019.0,0.93193,0.93223
1748010203448.0,0.93194,0.93224
1748010205136.0,0.93195,0.93225
1748010206032.0,0.93196,0.93226
1748010206408.0,0.93198,0.93228
1748010206968.0,0.93195,0.93225
1748010207323.0,0.93196,0.93226
1748010207574.0,0.93198,0.93228
1748010207947.0,0.93198,0.93228
1748010208345.0,0.93194,0.93224
1748010208761.0,0.93194,0.93224
1748010209482.0,0.93196,0.93226
1748010212646.0,0.93197,0.93227
1748010212780.0,0.93195,0.93225
1748010212894.0,0.93196,0.93226
1748010214756.0,0.93197,0.93227
1748010215841.0,0.93198,0.93228
1748010216542.0,0.93199,0.93229
1748010217587.0,0.93197,0.93227
1748010217707.0,0.93199,0.93229
1748010218206.0,0.93197,0.93227
1748010218456.0,0.93196,0.93226
1748010218707.0,0.93197,0.93227
1748010220382.0,0.93196,0.93226
1748010222612.0,0.93197,0.93227
1748010223690.0,0.93196,0.93226
1748010224897.0,0.93195,0.93225
1748010226037.0,0.93196,0.93226
1748010226288.0,0.93194,0.93224
1748010226592.0,0.93195,0.93225
1748010226842.0,0.93194,0.93224
1748010228460.0,0.93191,0.93221
1748010230484.0,0.93192,0.93222
1748010231025.0,0.93193,0.93223
1748010231539.0,0.93192,0.93222
1748010231662.0,0.93193,0.93223
1748010232199.0,0.93192,0.93222
1748010232324.0,0.93191,0.93221
1748010232640.0,0.93192,0.93222
1748010233639.0,0.93193,0.93223
1748010234008.0,0.93193,0.93223
1748010234142.0,0.93192,0.93222
1748010235651.0,0.93193,0.93223
1748010237923.0,0.93194,0.93224
1748010238969.0,0.93196,0.93226
1748010239405.0,0.93197,0.93227
1748010240328.0,0.93193,0.93223
1748010241962.0,0.93192,0.93222
1748010243041.0,0.93194,0.93224
1748010243288.0,0.93194,0.93224
1748010243413.0,0.93193,0.93223
1748010245051.0,0.93194,0.93224
1748010245584.0,0.93195,0.93225
1748010246421.0,0.93197,0.93227
1748010247105.0,0.93201,0.93231
1748010248186.0,0.93199,0.93229
1748010251685.0,0.932,0.9323
1748010255061.0,0.93202,0.93232
1748010255183.0,0.93203,0.93233
1748010256672.0,0.93205,0.93235
1748010257584.0,0.93203,0.93233
1748010257897.0,0.93205,0.93235
1748010258148.0,0.93206,0.93236
1748010258525.0,0.93211,0.93241
1748010258774.0,0.9321,0.9324
1748010259359.0,0.93211,0.93241
1748010261797.0,0.9321,0.9324
1748010262429.0,0.93211,0.93241
1748010262803.0,0.93212,0.93242
1748010265017.0,0.93214,0.93244
1748010266480.0,0.93212,0.93242
1748010266599.0,0.93211,0.93241
1748010270035.0,0.93213,0.93243
1748010271076.0,0.93211,0.93241
1748010274041.0,0.9321,0.9324
1748010274807.0,0.93211,0.93241
1748010274931.0,0.9321,0.9324
1748010275180.0,0.93212,0.93242
1748010278639.0,0.93213,0.93243
1748010278884.0,0.93211,0.93241
1748010281703.0,0.9321,0.9324
1748010281814.0,0.93213,0.93243
1748010286047.0,0.93212,0.93242
1748010288429.0,0.93213,0.93243
1748010290860.0,0.93214,0.93244
1748010291110.0,0.93213,0.93243
1748010292223.0,0.93214,0.93244
1748010297531.0,0.93213,0.93243
1748010300234.0,0.93213,0.93243
1748010300355.0,0.93214,0.93244
1748010305861.0,0.93216,0.93246
1748010306363.0,0.93218,0.93248
1748010313041.0,0.93219,0.93249
1748010314908.0,0.93216,0.93246
1748010316117.0,0.93217,0.93247
1748010319408.0,0.93218,0.93248
1748010319940.0,0.93216,0.93246
1748010320677.0,0.93217,0.93247
1748010320932.0,0.93216,0.93246
1748010321270.0,0.93215,0.93245
1748010322119.0,0.93214,0.93244
1748010322370.0,0.93212,0.93242
1748010322618.0,0.93209,0.93239
1748010322869.0,0.9321,0.9324
1748010324273.0,0.93214,0.93244
1748010324401.0,0.93213,0.93243
1748010324652.0,0.93215,0.93245
1748010324902.0,0.93213,0.93243
1748010325557.0,0.93212,0.93242
1748010325807.0,0.93211,0.93241
1748010326582.0,0.9321,0.9324
1748010326830.0,0.93211,0.93241
1748010328015.0,0.93209,0.93239
1748010328939.0,0.9321,0.9324
1748010329188.0,0.93211,0.93241
1748010330270.0,0.9321,0.9324
1748010333280.0,0.93212,0.93242
1748010333628.0,0.9321,0.9324
1748010334713.0,0.93204,0.93234
1748010336999.0,0.93203,0.93233
1748010337250.0,0.93204,0.93234
1748010338598.0,0.93203,0.93233
1748010338863.0,0.93205,0.93235
1748010339113.0,0.93203,0.93233
1748010339363.0,0.93199,0.93229
1748010340445.0,0.932,0.9323
1748010340567.0,0.93199,0.93229
1748010342355.0,0.93202,0.93232
1748010343386.0,0.932,0.9323
1748010343640.0,0.93199,0.93229
1748010344087.0,0.93198,0.93228
1748010344339.0,0.932,0.9323
1748010345110.0,0.93198,0.93228
1748010348780.0,0.932,0.9323
1748010348903.0,0.93198,0.93228
1748010349151.0,0.93197,0.93227
1748010349749.0,0.93195,0.93225
1748010350123.0,0.93194,0.93224
1748010350249.0,0.93193,0.93223
1748010352145.0,0.93194,0.93224
1748010352269.0,0.93192,0.93222
1748010352927.0,0.93191,0.93221
1748010353042.0,0.93188,0.93218
1748010353550.0,0.93187,0.93217
1748010353799.0,0.93188,0.93218
1748010354049.0,0.93182,0.93212
1748010354300.0,0.93181,0.93211
1748010354683.0,0.93181,0.93211
1748010355289.0,0.93183,0.93213
1748010357354.0,0.93182,0.93212
1748010357750.0,0.93181,0.93211
1748010359051.0,0.9318,0.9321
1748010360017.0,0.93181,0.93211
1748010363367.0,0.9318,0.9321
1748010364216.0,0.93181,0.93211
1748010364610.0,0.93182,0.93212
1748010365309.0,0.9318,0.9321
1748010368028.0,0.9318,0.9321
1748010368923.0,0.93182,0.93212
1748010369477.0,0.9318,0.9321
1748010372743.0,0.93182,0.93212
1748010372995.0,0.93183,0.93213
1748010373108.0,0.93182,0.93212
1748010374656.0,0.93183,0.93213
1748010375462.0,0.93182,0.93212
1748010376944.0,0.93183,0.93213
1748010378303.0,0.93184,0.93214
1748010382552.0,0.93185,0.93215
1748010382942.0,0.93186,0.93216
1748010383073.0,0.93184,0.93214
1748010383627.0,0.93186,0.93216
1748010384176.0,0.93187,0.93217
1748010384302.0,0.93184,0.93214
1748010385226.0,0.93182,0.93212
1748010386355.0,0.93184,0.93214
1748010386603.0,0.93181,0.93211
1748010386855.0,0.93183,0.93213
1748010387118.0,0.9318,0.9321
1748010387368.0,0.93182,0.93212
1748010387496.0,0.93183,0.93213
1748010387997.0,0.93184,0.93214
1748010388248.0,0.93183,0.93213
1748010388495.0,0.93181,0.93211
1748010389027.0,0.93182,0.93212
1748010390010.0,0.93181,0.93211
1748010390144.0,0.9318,0.9321
1748010390992.0,0.93178,0.93208
1748010391118.0,0.93179,0.93209
1748010391473.0,0.93176,0.93206
1748010392086.0,0.93177,0.93207
1748010392336.0,0.93175,0.93205
1748010392998.0,0.93177,0.93207
1748010393122.0,0.93176,0.93206
1748010393529.0,0.93176,0.93206
1748010393654.0,0.93175,0.93205
1748010393942.0,0.93174,0.93204
1748010394312.0,0.93176,0.93206
1748010394625.0,0.93175,0.93205
1748010395435.0,0.93175,0.93205
1748010397486.0,0.93176,0.93206
1748010397612.0,0.93174,0.93204
1748010398807.0,0.93175,0.93205
1748010399695.0,0.93176,0.93206
1748010399819.0,0.93175,0.93205
1748010400466.0,0.93173,0.93203
1748010400981.0,0.93175,0.93205
1748010401686.0,0.93177,0.93207
1748010402116.0,0.93175,0.93205
1748010402240.0,0.93176,0.93206
1748010402489.0,0.93178,0.93208
1748010404122.0,0.93179,0.93209
1748010406052.0,0.93174,0.93204
1748010406176.0,0.93175,0.93205
1748010406301.0,0.93174,0.93204
1748010407645.0,0.93172,0.93202
1748010407896.0,0.93171,0.93201
1748010408146.0,0.93172,0.93202
1748010408395.0,0.93173,0.93203
1748010408797.0,0.93172,0.93202
1748010409488.0,0.9317,0.932
1748010409858.0,0.93173,0.93203
1748010410066.0,0.93171,0.93201
1748010410192.0,0.93173,0.93203
1748010411555.0,0.93174,0.93204
1748010415084.0,0.93173,0.93203
1748010416680.0,0.93174,0.93204
1748010417045.0,0.93178,0.93208
1748010418060.0,0.93176,0.93206
1748010421242.0,0.93178,0.93208
1748010423601.0,0.93177,0.93207
1748010425284.0,0.93178,0.93208
1748010425585.0,0.93177,0.93207
1748010425836.0,0.93178,0.93208
1748010426249.0,0.93177,0.93207
1748010427471.0,0.93179,0.93209
1748010427591.0,0.9318,0.9321
1748010427941.0,0.93181,0.93211
1748010430996.0,0.9318,0.9321
1748010431594.0,0.93179,0.93209
1748010433045.0,0.9318,0.9321
1748010433288.0,0.93177,0.93207
1748010433414.0,0.93176,0.93206
1748010433663.0,0.93177,0.93207
1748010434293.0,0.93179,0.93209
1748010435972.0,0.93177,0.93207
1748010436095.0,0.93176,0.93206
1748010436223.0,0.93177,0.93207
1748010436473.0,0.93176,0.93206
1748010436964.0,0.93178,0.93208
1748010437088.0,0.93179,0.93209
1748010437695.0,0.9318,0.9321
1748010438194.0,0.93181,0.93211
1748010438864.0,0.9318,0.9321
1748010438996.0,0.93178,0.93208
1748010439672.0,0.93181,0.93211
1748010442081.0,0.93183,0.93213
1748010443804.0,0.93184,0.93214
1748010444241.0,0.93183,0.93213
1748010448053.0,0.93184,0.93214
1748010448754.0,0.93183,0.93213
1748010450377.0,0.93181,0.93211
1748010450496.0,0.9318,0.9321
1748010450627.0,0.93181,0.93211
1748010450875.0,0.9318,0.9321
1748010451245.0,0.93181,0.93211
1748010452480.0,0.93182,0.93212
1748010454379.0,0.93181,0.93211
1748010454500.0,0.93179,0.93209
1748010455575.0,0.93181,0.93211
1748010457617.0,0.93179,0.93209
1748010458848.0,0.93181,0.93211
1748010459706.0,0.93179,0.93209
1748010459831.0,0.93177,0.93207
1748010465220.0,0.93176,0.93206
1748010465342.0,0.93175,0.93205
1748010466399.0,0.93179,0.93209
1748010469508.0,0.93179,0.93209
1748010470252.0,0.93177,0.93207
1748010470806.0,0.93179,0.93209
1748010472729.0,0.93177,0.93207
1748010474199.0,0.93179,0.93209
1748010475006.0,0.93177,0.93207
1748010475352.0,0.93178,0.93208
1748010475608.0,0.93179,0.93209
1748010475851.0,0.93179,0.93209
1748010479424.0,0.9318,0.9321
1748010479829.0,0.93178,0.93208
1748010480204.0,0.93177,0.93207
1748010480999.0,0.93178,0.93208
1748010482911.0,0.93177,0.93207
1748010484174.0,0.93173,0.93203
1748010484302.0,0.93171,0.93201
1748010486847.0,0.9317,0.932
1748010487897.0,0.93167,0.93197
1748010489639.0,0.93169,0.93199
1748010490803.0,0.93167,0.93197
1748010491209.0,0.93168,0.93198
1748010493476.0,0.93172,0.93202
1748010495568.0,0.93171,0.93201
1748010495693.0,0.93172,0.93202
1748010495971.0,0.93174,0.93204
1748010496798.0,0.93173,0.93203
1748010498263.0,0.93174,0.93204
1748010500255.0,0.93175,0.93205
1748010501643.0,0.93174,0.93204
1748010506877.0,0.93173,0.93203
1748010508019.0,0.93172,0.93202
1748010508981.0,0.93173,0.93203
1748010509206.0,0.93172,0.93202
1748010513196.0,0.93173,0.93203
1748010514955.0,0.93172,0.93202
1748010515758.0,0.93173,0.93203
1748010522561.0,0.9317,0.932
1748010522684.0,0.93171,0.93201
1748010523724.0,0.93172,0.93202
1748010526142.0,0.93174,0.93204
1748010527986.0,0.93172,0.93202
1748010530134.0,0.93171,0.93201
1748010531321.0,0.93172,0.93202
1748010533435.0,0.9317,0.932
1748010534065.0,0.93171,0.93201
1748010536370.0,0.93172,0.93202
1748010537705.0,0.93174,0.93204
1748010537831.0,0.9317,0.932
1748010538290.0,0.93171,0.93201
1748010538541.0,0.9317,0.932
1748010538663.0,0.93169,0.93199
1748010538910.0,0.9317,0.932
1748010540374.0,0.93167,0.93197
1748010543693.0,0.93165,0.93195
1748010544256.0,0.93166,0.93196
1748010545881.0,0.93167,0.93197
1748010547911.0,0.93168,0.93198
1748010548415.0,0.93167,0.93197
1748010549903.0,0.93169,0.93199
1748010550014.0,0.9317,0.932
1748010555719.0,0.93173,0.93203
1748010556140.0,0.93171,0.93201
1748010558607.0,0.93173,0.93203
1748010560042.0,0.93172,0.93202
1748010560167.0,0.93173,0.93203
1748010561563.0,0.93172,0.93202
1748010562156.0,0.93173,0.93203
1748010565009.0,0.93174,0.93204
1748010566595.0,0.93173,0.93203
1748010567771.0,0.93171,0.93201
1748010568186.0,0.93172,0.93202
1748010568414.0,0.93173,0.93203
1748010574948.0,0.93174,0.93204
1748010575068.0,0.93176,0.93206
1748010578118.0,0.93173,0.93203
1748010578531.0,0.93174,0.93204
1748010578787.0,0.93176,0.93206
1748010581926.0,0.93177,0.93207
1748010585796.0,0.93178,0.93208
1748010585924.0,0.9318,0.9321
1748010586173.0,0.93177,0.93207
1748010588271.0,0.93179,0.93209
1748010588522.0,0.9318,0.9321
1748010589089.0,0.93182,0.93212
1748010589341.0,0.93182,0.93212
1748010589590.0,0.93183,0.93213
1748010590352.0,0.93182,0.93212
1748010591412.0,0.93182,0.93212
1748010592311.0,0.93183,0.93213
1748010592566.0,0.93184,0.93214
1748010593290.0,0.93183,0.93213
1748010593401.0,0.9318,0.9321
1748010597829.0,0.93177,0.93207
1748010599424.0,0.93177,0.93207
1748010599867.0,0.93179,0.93209
1748010599993.0,0.93181,0.93211
1748010600436.0,0.93177,0.93207
1748010600686.0,0.93179,0.93209
1748010600822.0,0.9318,0.9321
1748010601064.0,0.93181,0.93211
1748010601310.0,0.93179,0.93209
1748010601696.0,0.93178,0.93208
1748010601946.0,0.93176,0.93206
1748010602977.0,0.93175,0.93205
1748010603376.0,0.93176,0.93206
1748010603625.0,0.93176,0.93206
1748010603750.0,0.93177,0.93207
1748010609462.0,0.93178,0.93208
1748010609711.0,0.93195,0.93225
1748010610341.0,0.93196,0.93226
1748010610848.0,0.93195,0.93225
1748010611222.0,0.93196,0.93226
1748010611865.0,0.93199,0.93229
1748010611996.0,0.93197,0.93227
1748010614010.0,0.93198,0.93228
1748010614146.0,0.93201,0.93231
1748010614398.0,0.932,0.9323
1748010615458.0,0.93198,0.93228
1748010615582.0,0.93201,0.93231
1748010615957.0,0.93202,0.93232
1748010617208.0,0.93201,0.93231
1748010618186.0,0.93202,0.93232
1748010619169.0,0.932,0.9323
1748010619418.0,0.93202,0.93232
1748010620880.0,0.93196,0.93226
1748010621129.0,0.93198,0.93228
1748010621380.0,0.93195,0.93225
1748010621597.0,0.93197,0.93227
1748010622369.0,0.93195,0.93225
1748010628573.0,0.93196,0.93226
1748010630561.0,0.93189,0.93219
1748010631099.0,0.9319,0.9322
1748010631790.0,0.93189,0.93219
1748010632262.0,0.93188,0.93218
1748010632956.0,0.9319,0.9322
1748010633513.0,0.93188,0.93218
1748010634780.0,0.93185,0.93215
1748010635030.0,0.93184,0.93214
1748010635280.0,0.93185,0.93215
1748010635410.0,0.93184,0.93214
1748010635531.0,0.93186,0.93216
1748010635660.0,0.93187,0.93217
1748010635911.0,0.93185,0.93215
1748010636157.0,0.93184,0.93214
1748010636409.0,0.93186,0.93216
1748010636727.0,0.93185,0.93215
1748010636852.0,0.93186,0.93216
1748010637109.0,0.93187,0.93217
1748010637930.0,0.93186,0.93216
1748010638308.0,0.93187,0.93217
1748010638740.0,0.93188,0.93218
1748010639721.0,0.93187,0.93217
1748010639972.0,0.93191,0.93221
1748010643697.0,0.93192,0.93222
1748010644076.0,0.93191,0.93221
1748010644198.0,0.93192,0.93222
1748010647044.0,0.93194,0.93224
1748010649030.0,0.93195,0.93225
1748010649654.0,0.932,0.9323
1748010652389.0,0.93199,0.93229
1748010652725.0,0.93198,0.93228
1748010656485.0,0.93199,0.93229
1748010661177.0,0.93202,0.93232
1748010661745.0,0.93203,0.93233
1748010662056.0,0.93202,0.93232
1748010662327.0,0.93203,0.93233
1748010667997.0,0.93202,0.93232
1748010670078.0,0.93203,0.93233
1748010671298.0,0.93202,0.93232
1748010673273.0,0.93203,0.93233
1748010675545.0,0.93202,0.93232
1748010676781.0,0.93203,0.93233
1748010678080.0,0.93202,0.93232
1748010678770.0,0.93201,0.93231
1748010679034.0,0.93202,0.93232
1748010680952.0,0.93203,0.93233
1748010682249.0,0.93204,0.93234
1748010689854.0,0.93205,0.93235
1748010690104.0,0.93209,0.93239
1748010690694.0,0.93207,0.93237
1748010692330.0,0.93206,0.93236
1748010692579.0,0.93206,0.93236
1748010695990.0,0.93204,0.93234
1748010698500.0,0.93205,0.93235
1748010698921.0,0.93204,0.93234
1748010699174.0,0.93204,0.93234
1748010699424.0,0.93199,0.93229
1748010699548.0,0.93201,0.93231
1748010699961.0,0.932,0.9323
1748010700432.0,0.93201,0.93231
1748010701336.0,0.93202,0.93232
1748010702236.0,0.93203,0.93233
1748010703224.0,0.93203,0.93233
1748010703725.0,0.93202,0.93232
1748010704498.0,0.93202,0.93232
1748010704626.0,0.93201,0.93231
1748010704750.0,0.932,0.9323
1748010704878.0,0.93199,0.93229
1748010705325.0,0.93201,0.93231
1748010707467.0,0.93202,0.93232
1748010709048.0,0.932,0.9323
1748010709188.0,0.93198,0.93228
1748010710078.0,0.93201,0.93231
1748010710202.0,0.932,0.9323
1748010710629.0,0.93201,0.93231
1748010710880.0,0.93199,0.93229
1748010711590.0,0.93201,0.93231
1748010712387.0,0.93202,0.93232
1748010713716.0,0.93203,0.93233
1748010714211.0,0.93204,0.93234
1748010721052.0,0.93205,0.93235
1748010721302.0,0.93208,0.93238
1748010722074.0,0.93209,0.93239
1748010724291.0,0.93211,0.93241
1748010725110.0,0.93213,0.93243
1748010725754.0,0.93214,0.93244
1748010726796.0,0.93213,0.93243
1748010727046.0,0.93214,0.93244
1748010732259.0,0.93213,0.93243
1748010733318.0,0.93214,0.93244
1748010734297.0,0.93213,0.93243
1748010736787.0,0.93214,0.93244
1748010737036.0,0.93213,0.93243
1748010738141.0,0.93214,0.93244
1748010740641.0,0.93216,0.93246
1748010741019.0,0.93217,0.93247
1748010744574.0,0.93222,0.93252
1748010745814.0,0.93225,0.93255
1748010746065.0,0.93223,0.93253
1748010746314.0,0.93222,0.93252
1748010746564.0,0.93221,0.93251
1748010750557.0,0.93222,0.93252
1748010750683.0,0.93225,0.93255
1748010751583.0,0.93223,0.93253
1748010752994.0,0.93224,0.93254
1748010755791.0,0.93226,0.93256
1748010756329.0,0.93224,0.93254
1748010758159.0,0.93225,0.93255
1748010758423.0,0.93224,0.93254
1748010759724.0,0.93225,0.93255
1748010761019.0,0.93224,0.93254
1748010764032.0,0.93222,0.93252
1748010764616.0,0.93221,0.93251
1748010767874.0,0.93222,0.93252
1748010768423.0,0.93221,0.93251
1748010771070.0,0.93222,0.93252
1748010772662.0,0.93224,0.93254
1748010775873.0,0.93226,0.93256
1748010777834.0,0.93225,0.93255
1748010778956.0,0.93226,0.93256
1748010779533.0,0.93225,0.93255
1748010781647.0,0.93223,0.93253
1748010781760.0,0.93222,0.93252
1748010782712.0,0.93229,0.93259
1748010783850.0,0.9323,0.9326
1748010784099.0,0.93231,0.93261
1748010784920.0,0.93233,0.93263
1748010785049.0,0.93229,0.93259
1748010785491.0,0.93228,0.93258
1748010785761.0,0.93226,0.93256
1748010785885.0,0.93225,0.93255
1748010786894.0,0.93223,0.93253
1748010788102.0,0.9322,0.9325
1748010788607.0,0.93221,0.93251
1748010788733.0,0.93225,0.93255
1748010788982.0,0.93226,0.93256
1748010789998.0,0.93228,0.93258
1748010790247.0,0.9323,0.9326
1748010791452.0,0.93229,0.93259
1748010793488.0,0.9323,0.9326
1748010794456.0,0.93229,0.93259
1748010794704.0,0.93231,0.93261
1748010795539.0,0.93233,0.93263
1748010797434.0,0.93235,0.93265
1748010798709.0,0.93233,0.93263
1748010798829.0,0.93232,0.93262
1748010799082.0,0.93231,0.93261
1748010799487.0,0.93229,0.93259
1748010800568.0,0.93232,0.93262
1748010800695.0,0.93233,0.93263
1748010801358.0,0.93232,0.93262
1748010801479.0,0.93233,0.93263
1748010804288.0,0.93232,0.93262
1748010804541.0,0.93233,0.93263
1748010806659.0,0.93232,0.93262
1748010807997.0,0.93231,0.93261
1748010808476.0,0.9323,0.9326
1748010810956.0,0.93228,0.93258
1748010811076.0,0.93227,0.93257
1748010812269.0,0.93226,0.93256
1748010812386.0,0.93224,0.93254
1748010812879.0,0.93222,0.93252
1748010813394.0,0.93221,0.93251
1748010814275.0,0.93222,0.93252
1748010814506.0,0.93221,0.93251
1748010816003.0,0.93222,0.93252
1748010818643.0,0.93223,0.93253
1748010819079.0,0.93221,0.93251
1748010819564.0,0.93223,0.93253
1748010820898.0,0.93222,0.93252
1748010823225.0,0.93223,0.93253
1748010823860.0,0.93225,0.93255
1748010834157.0,0.93228,0.93258
1748010834406.0,0.93227,0.93257
1748010835215.0,0.93229,0.93259
1748010835682.0,0.93228,0.93258
1748010837906.0,0.93229,0.93259
1748010838292.0,0.93231,0.93261
1748010838859.0,0.93226,0.93256
1748010840327.0,0.93225,0.93255
1748010840579.0,0.93223,0.93253
1748010841592.0,0.93224,0.93254
1748010842111.0,0.93223,0.93253
1748010842626.0,0.93221,0.93251
1748010842749.0,0.93224,0.93254
1748010842872.0,0.93223,0.93253
1748010843428.0,0.9322,0.9325
1748010845627.0,0.93219,0.93249
1748010845752.0,0.9322,0.9325
1748010847999.0,0.93218,0.93248
1748010848121.0,0.93217,0.93247
1748010848559.0,0.93218,0.93248
1748010848682.0,0.93219,0.93249
1748010850899.0,0.93218,0.93248
1748010853024.0,0.93217,0.93247
1748010854388.0,0.93214,0.93244
1748010855726.0,0.93215,0.93245
1748010857586.0,0.93216,0.93246
1748010859221.0,0.93217,0.93247
1748010859911.0,0.93216,0.93246
1748010860284.0,0.93214,0.93244
1748010860411.0,0.93215,0.93245
1748010865403.0,0.93217,0.93247
1748010866748.0,0.93218,0.93248
1748010866866.0,0.93221,0.93251
1748010867002.0,0.9322,0.9325
1748010868718.0,0.93221,0.93251
1748010870989.0,0.93222,0.93252
1748010872666.0,0.9322,0.9325
1748010872958.0,0.93221,0.93251
1748010875062.0,0.93222,0.93252
1748010875486.0,0.93221,0.93251
1748010876730.0,0.93223,0.93253
1748010877253.0,0.93221,0.93251
1748010881382.0,0.93224,0.93254
1748010882393.0,0.93223,0.93253
1748010883376.0,0.93224,0.93254
1748010884416.0,0.93223,0.93253
1748010884667.0,0.93222,0.93252
1748010885042.0,0.9322,0.9325
1748010885291.0,0.9322,0.9325
1748010892705.0,0.93219,0.93249
1748010894641.0,0.9322,0.9325
1748010894756.0,0.93219,0.93249
1748010895058.0,0.9322,0.9325
1748010895902.0,0.93219,0.93249
1748010897874.0,0.9322,0.9325
1748010898273.0,0.93219,0.93249
1748010900198.0,0.9322,0.9325
1748010900322.0,0.93221,0.93251
1748010903344.0,0.9322,0.9325
1748010903459.0,0.93219,0.93249
1748010904727.0,0.93219,0.93249
1748010909258.0,0.9322,0.9325
1748010911870.0,0.93219,0.93249
1748010912621.0,0.93217,0.93247
1748010913471.0,0.93219,0.93249
1748010915391.0,0.93221,0.93251
1748010917793.0,0.93223,0.93253
1748010918333.0,0.93223,0.93253
1748010918459.0,0.93225,0.93255
1748010920517.0,0.93223,0.93253
1748010921521.0,0.93225,0.93255
1748010924306.0,0.93227,0.93257
1748010926545.0,0.93228,0.93258
1748010927962.0,0.93226,0.93256
1748010941228.0,0.9323,0.9326
1748010942250.0,0.93231,0.93261
1748010943480.0,0.93232,0.93262
1748010945411.0,0.93228,0.93258
1748010947270.0,0.93229,0.93259
1748010948202.0,0.93223,0.93253
1748010950060.0,0.93222,0.93252
1748010960106.0,0.9322,0.9325
1748010960355.0,0.93219,0.93249
1748010960826.0,0.93218,0.93248
1748010965166.0,0.93219,0.93249
1748010965416.0,0.93215,0.93245
1748010965824.0,0.93214,0.93244
1748010967640.0,0.93213,0.93243
1748010969117.0,0.93214,0.93244
1748010969997.0,0.93213,0.93243
1748010971047.0,0.93214,0.93244
1748010978510.0,0.93216,0.93246
1748010978758.0,0.93217,0.93247
1748010980832.0,0.93215,0.93245
1748010980958.0,0.93211,0.93241
1748010981570.0,0.93209,0.93239
1748010982124.0,0.93205,0.93235
1748010982246.0,0.93207,0.93237
1748010982495.0,0.93208,0.93238
1748010982623.0,0.93209,0.93239
1748010983325.0,0.93208,0.93238
1748010983576.0,0.93207,0.93237
1748010983824.0,0.93208,0.93238
1748010987041.0,0.93205,0.93235
1748010987163.0,0.93204,0.93234
1748010987490.0,0.93203,0.93233
1748010987618.0,0.93201,0.93231
1748010988007.0,0.932,0.9323
1748010991290.0,0.93201,0.93231
1748010991882.0,0.93202,0.93232
1748010993109.0,0.93201,0.93231
1748010996679.0,0.93202,0.93232
1748010996918.0,0.93203,0.93233
1748010998307.0,0.93202,0.93232
1748010998998.0,0.93203,0.93233
1748010999117.0,0.93206,0.93236
1748010999513.0,0.93202,0.93232
1748011002817.0,0.93204,0.93234
1748011004154.0,0.93202,0.93232
1748011005663.0,0.93201,0.93231
1748011005788.0,0.93204,0.93234
1748011006561.0,0.93203,0.93233
1748011007029.0,0.93201,0.93231
1748011007154.0,0.932,0.9323
1748011009293.0,0.93201,0.93231
1748011009770.0,0.932,0.9323
1748011010023.0,0.93199,0.93229
1748011010805.0,0.93197,0.93227
1748011011665.0,0.93199,0.93229
1748011015084.0,0.932,0.9323
1748011015470.0,0.93202,0.93232
1748011015722.0,0.93202,0.93232
1748011016204.0,0.93203,0.93233
1748011020220.0,0.93202,0.93232
1748011024617.0,0.93203,0.93233
1748011025787.0,0.93204,0.93234
1748011026041.0,0.93206,0.93236
1748011026164.0,0.93204,0.93234
1748011027618.0,0.93203,0.93233
1748011027869.0,0.93202,0.93232
1748011030113.0,0.93203,0.93233
1748011034118.0,0.93202,0.93232
1748011034369.0,0.93204,0.93234
1748011035363.0,0.93206,0.93236
1748011035615.0,0.9321,0.9324
1748011035863.0,0.93209,0.93239
1748011035989.0,0.93208,0.93238
1748011036268.0,0.93209,0.93239
1748011036391.0,0.9321,0.9324
1748011037596.0,0.93208,0.93238
1748011038520.0,0.93207,0.93237
1748011041780.0,0.93212,0.93242
1748011042558.0,0.9321,0.9324
1748011043953.0,0.93204,0.93234
1748011044629.0,0.93203,0.93233
1748011045672.0,0.93202,0.93232
1748011046810.0,0.93201,0.93231
1748011048467.0,0.93203,0.93233
1748011049498.0,0.93202,0.93232
1748011049748.0,0.93203,0.93233
1748011050817.0,0.93201,0.93231
1748011050940.0,0.932,0.9323
1748011051191.0,0.93201,0.93231
1748011058201.0,0.93197,0.93227
1748011058327.0,0.93198,0.93228
1748011064136.0,0.93197,0.93227
1748011064243.0,0.93193,0.93223
1748011064928.0,0.93192,0.93222
1748011066691.0,0.93192,0.93222
1748011068328.0,0.93193,0.93223
1748011068634.0,0.93192,0.93222
1748011072716.0,0.93191,0.93221
1748011072966.0,0.93189,0.93219
1748011075084.0,0.9319,0.9322
1748011075332.0,0.93189,0.93219
1748011076515.0,0.93188,0.93218
1748011076764.0,0.93193,0.93223
1748011076896.0,0.93192,0.93222
1748011077264.0,0.93189,0.93219
1748011080694.0,0.93188,0.93218
1748011084185.0,0.93185,0.93215
1748011086430.0,0.93187,0.93217
1748011086680.0,0.93188,0.93218
1748011088204.0,0.93189,0.93219
1748011088331.0,0.9319,0.9322
1748011088576.0,0.93192,0.93222
1748011093241.0,0.9319,0.9322
1748011096690.0,0.93193,0.93223
1748011096809.0,0.93194,0.93224
1748011097998.0,0.93192,0.93222
1748011098523.0,0.93191,0.93221
1748011104665.0,0.93191,0.93221
1748011105443.0,0.93189,0.93219
1748011107343.0,0.93191,0.93221
1748011107468.0,0.9319,0.9322
1748011107903.0,0.93188,0.93218
1748011108027.0,0.93189,0.93219
1748011114055.0,0.93188,0.93218
1748011114178.0,0.93187,0.93217
1748011115448.0,0.93188,0.93218
1748011115817.0,0.9319,0.9322
1748011115942.0,0.93191,0.93221
1748011116192.0,0.93192,0.93222
1748011116318.0,0.93194,0.93224
1748011119896.0,0.93193,0.93223
1748011120014.0,0.93191,0.93221
1748011120441.0,0.93192,0.93222
1748011120691.0,0.93195,0.93225
1748011121142.0,0.93196,0.93226
1748011121258.0,0.93195,0.93225
1748011122190.0,0.93194,0.93224
1748011122800.0,0.93193,0.93223
1748011124208.0,0.93192,0.93222
1748011124452.0,0.9319,0.9322
1748011125319.0,0.93189,0.93219
1748011125656.0,0.9319,0.9322
1748011127239.0,0.93189,0.93219
1748011128110.0,0.93187,0.93217
1748011129191.0,0.93186,0.93216
1748011129441.0,0.93187,0.93217
1748011129690.0,0.93184,0.93214
1748011130196.0,0.93186,0.93216
1748011130444.0,0.93184,0.93214
1748011131028.0,0.93185,0.93215
1748011131154.0,0.93183,0.93213
1748011132555.0,0.9318,0.9321
1748011133900.0,0.93183,0.93213
1748011134198.0,0.93188,0.93218
1748011134323.0,0.93191,0.93221
1748011135450.0,0.93193,0.93223
1748011136371.0,0.93194,0.93224
1748011136495.0,0.93195,0.93225
1748011137776.0,0.93198,0.93228
1748011138165.0,0.93197,0.93227
1748011140298.0,0.93199,0.93229
1748011140855.0,0.93198,0.93228
1748011141788.0,0.932,0.9323
1748011144114.0,0.93201,0.93231
1748011144233.0,0.93205,0.93235
1748011144482.0,0.93203,0.93233
1748011145398.0,0.93204,0.93234
1748011145522.0,0.93208,0.93238
1748011146577.0,0.93209,0.93239
1748011146876.0,0.9321,0.9324
1748011148426.0,0.93211,0.93241
1748011154295.0,0.93212,0.93242
1748011154762.0,0.9321,0.9324
1748011155459.0,0.93207,0.93237
1748011156060.0,0.93208,0.93238
1748011156474.0,0.93209,0.93239
1748011156975.0,0.93208,0.93238
1748011157564.0,0.93208,0.93238
1748011158274.0,0.93209,0.93239
1748011158778.0,0.93208,0.93238
1748011159769.0,0.93209,0.93239
1748011160017.0,0.9321,0.9324
1748011160136.0,0.93211,0.93241
1748011160484.0,0.9321,0.9324
1748011160610.0,0.93212,0.93242
1748011161912.0,0.9321,0.9324
1748011165166.0,0.93214,0.93244
1748011165684.0,0.93215,0.93245
1748011165936.0,0.93214,0.93244
1748011170706.0,0.93213,0.93243
1748011171209.0,0.93211,0.93241
1748011171331.0,0.93214,0.93244
1748011171839.0,0.93215,0.93245
1748011172583.0,0.93216,0.93246
1748011174904.0,0.93217,0.93247
1748011175396.0,0.93216,0.93246
1748011175519.0,0.93215,0.93245
1748011176020.0,0.93216,0.93246
1748011176160.0,0.93217,0.93247
1748011176440.0,0.93216,0.93246
1748011176547.0,0.93213,0.93243
1748011177203.0,0.93212,0.93242
1748011179048.0,0.93214,0.93244
1748011179545.0,0.93211,0.93241
1748011182006.0,0.9321,0.9324
1748011182540.0,0.93205,0.93235
1748011182914.0,0.93205,0.93235
1748011183163.0,0.93206,0.93236
1748011184144.0,0.93204,0.93234
1748011184394.0,0.93208,0.93238
1748011184519.0,0.93207,0.93237
1748011184768.0,0.93205,0.93235
1748011184894.0,0.93203,0.93233
1748011185064.0,0.93204,0.93234
1748011185314.0,0.93203,0.93233
1748011186876.0,0.93204,0.93234
1748011188437.0,0.93207,0.93237
1748011188707.0,0.93208,0.93238
1748011194079.0,0.93206,0.93236
1748011194209.0,0.93205,0.93235
1748011198812.0,0.93206,0.93236
1748011200939.0,0.93208,0.93238
1748011202311.0,0.93202,0.93232
1748011202562.0,0.93201,0.93231
1748011202858.0,0.932,0.9323
1748011202982.0,0.93201,0.93231
1748011203661.0,0.93198,0.93228
1748011204041.0,0.932,0.9323
1748011206130.0,0.93201,0.93231
1748011208422.0,0.932,0.9323
1748011208547.0,0.93198,0.93228
1748011209741.0,0.93199,0.93229
1748011212124.0,0.93198,0.93228
1748011212893.0,0.93199,0.93229
1748011213901.0,0.93198,0.93228
1748011214277.0,0.93197,0.93227
1748011214889.0,0.93195,0.93225
1748011215354.0,0.93193,0.93223
1748011216317.0,0.93194,0.93224
1748011216694.0,0.93195,0.93225
1748011217001.0,0.93194,0.93224
1748011217128.0,0.93192,0.93222
1748011217254.0,0.93191,0.93221
1748011220374.0,0.93193,0.93223
1748011220624.0,0.9319,0.9322
1748011220748.0,0.93191,0.93221
1748011221108.0,0.93192,0.93222
1748011221235.0,0.93194,0.93224
1748011221653.0,0.93195,0.93225
1748011221903.0,0.93195,0.93225
1748011223017.0,0.93196,0.93226
1748011224295.0,0.93198,0.93228
1748011227873.0,0.93196,0.93226
1748011230196.0,0.93198,0.93228
1748011230319.0,0.932,0.9323
1748011231711.0,0.93199,0.93229
1748011232905.0,0.932,0.9323
1748011233153.0,0.93199,0.93229
1748011234330.0,0.93203,0.93233
1748011235322.0,0.93204,0.93234
1748011236139.0,0.93203,0.93233
1748011237365.0,0.93204,0.93234
1748011239010.0,0.93207,0.93237
1748011240716.0,0.93206,0.93236
1748011243200.0,0.93205,0.93235
1748011246231.0,0.93206,0.93236
1748011248799.0,0.93204,0.93234
1748011248927.0,0.93205,0.93235
1748011249640.0,0.93204,0.93234
1748011250285.0,0.93201,0.93231
1748011250805.0,0.93202,0.93232
1748011253461.0,0.93201,0.93231
1748011254436.0,0.932,0.9323
1748011255099.0,0.93201,0.93231
1748011255347.0,0.932,0.9323
1748011256740.0,0.93198,0.93228
1748011256989.0,0.93195,0.93225
1748011257959.0,0.93197,0.93227
1748011258718.0,0.93193,0.93223
1748011259816.0,0.93192,0.93222
1748011260432.0,0.93193,0.93223
1748011261719.0,0.93194,0.93224
1748011262682.0,0.93196,0.93226
1748011262958.0,0.93197,0.93227
1748011263214.0,0.93195,0.93225
1748011264222.0,0.932,0.9323
1748011264348.0,0.93199,0.93229
1748011265478.0,0.932,0.9323
1748011266530.0,0.93202,0.93232
1748011267310.0,0.93203,0.93233
1748011268006.0,0.93204,0.93234
1748011270222.0,0.93203,0.93233
1748011270591.0,0.93204,0.93234
1748011272497.0,0.93204,0.93234
1748011274174.0,0.93202,0.93232
1748011274872.0,0.93203,0.93233
1748011274997.0,0.93202,0.93232
1748011276801.0,0.93201,0.93231
1748011277268.0,0.93202,0.93232
1748011277517.0,0.93203,0.93233
1748011278394.0,0.93204,0.93234
1748011278943.0,0.93203,0.93233
1748011281170.0,0.93204,0.93234
1748011281546.0,0.93207,0.93237
1748011282702.0,0.93208,0.93238
1748011284106.0,0.93207,0.93237
1748011286523.0,0.93211,0.93241
1748011287627.0,0.93212,0.93242
1748011291104.0,0.93214,0.93244
1748011291347.0,0.93213,0.93243
1748011291478.0,0.93215,0.93245
1748011293521.0,0.93216,0.93246
1748011295960.0,0.93215,0.93245
1748011296361.0,0.93213,0.93243
1748011297298.0,0.93215,0.93245
1748011299176.0,0.93214,0.93244
1748011301482.0,0.93216,0.93246
1748011302625.0,0.93214,0.93244
1748011303485.0,0.93213,0.93243
1748011305065.0,0.93211,0.93241
1748011305221.0,0.93212,0.93242
1748011305363.0,0.9321,0.9324
1748011305661.0,0.93211,0.93241
1748011306857.0,0.9321,0.9324
1748011307554.0,0.93205,0.93235
1748011309383.0,0.93203,0.93233
1748011309509.0,0.932,0.9323
1748011311478.0,0.93199,0.93229
1748011312119.0,0.93197,0.93227
1748011315135.0,0.93197,0.93227
1748011319199.0,0.93198,0.93228
1748011322390.0,0.93199,0.93229
1748011322820.0,0.932,0.9323
1748011322941.0,0.93203,0.93233
1748011323643.0,0.93201,0.93231
1748011323774.0,0.932,0.9323
1748011324251.0,0.93201,0.93231
1748011325248.0,0.932,0.9323
1748011325498.0,0.93201,0.93231
1748011326530.0,0.93205,0.93235
1748011326676.0,0.93206,0.93236
1748011328924.0,0.93205,0.93235
1748011329350.0,0.93206,0.93236
1748011330279.0,0.93205,0.93235
1748011330400.0,0.93206,0.93236
1748011332297.0,0.93205,0.93235
1748011332421.0,0.93207,0.93237
1748011332754.0,0.93205,0.93235
1748011336147.0,0.93204,0.93234
1748011336393.0,0.93205,0.93235
1748011336745.0,0.93204,0.93234
1748011337070.0,0.93205,0.93235
1748011341294.0,0.93204,0.93234
1748011345347.0,0.93205,0.93235
1748011345597.0,0.93207,0.93237
1748011347349.0,0.93209,0.93239
1748011349373.0,0.9321,0.9324
1748011349626.0,0.93206,0.93236
1748011349728.0,0.93208,0.93238
1748011350525.0,0.93209,0.93239
1748011352027.0,0.93211,0.93241
1748011352404.0,0.93211,0.93241
1748011352992.0,0.93212,0.93242
1748011353543.0,0.93211,0.93241
1748011354016.0,0.93212,0.93242
1748011354843.0,0.93213,0.93243
1748011354979.0,0.93212,0.93242
1748011355094.0,0.93214,0.93244
1748011355225.0,0.93212,0.93242
1748011355342.0,0.93214,0.93244
1748011355992.0,0.93215,0.93245
1748011356242.0,0.93214,0.93244
1748011356945.0,0.93212,0.93242
1748011357444.0,0.93211,0.93241
1748011358305.0,0.93213,0.93243
1748011359940.0,0.93216,0.93246
1748011360186.0,0.93215,0.93245
1748011361024.0,0.93214,0.93244
1748011362282.0,0.93212,0.93242
1748011362532.0,0.9321,0.9324
1748011362907.0,0.93209,0.93239
1748011363239.0,0.9321,0.9324
1748011363361.0,0.93207,0.93237
1748011366277.0,0.93206,0.93236
1748011367729.0,0.93205,0.93235
1748011369662.0,0.93206,0.93236
1748011370825.0,0.93205,0.93235
1748011371653.0,0.93203,0.93233
1748011372202.0,0.93201,0.93231
1748011372875.0,0.93202,0.93232
1748011373716.0,0.93203,0.93233
1748011377154.0,0.93202,0.93232
1748011377443.0,0.93201,0.93231
1748011377565.0,0.932,0.9323
1748011377828.0,0.93199,0.93229
1748011378082.0,0.93199,0.93229
1748011379625.0,0.93199,0.93229
1748011379757.0,0.932,0.9323
1748011379876.0,0.93199,0.93229
1748011380141.0,0.93198,0.93228
1748011380388.0,0.93199,0.93229
1748011380513.0,0.93202,0.93232
1748011381545.0,0.93203,0.93233
1748011382698.0,0.93204,0.93234
1748011382951.0,0.93203,0.93233
1748011383359.0,0.93204,0.93234
1748011384602.0,0.93206,0.93236
1748011384727.0,0.93207,0.93237
1748011392804.0,0.93208,0.93238
1748011393054.0,0.93209,0.93239
1748011393180.0,0.93208,0.93238
1748011393429.0,0.93207,0.93237
1748011393883.0,0.93208,0.93238
1748011396821.0,0.93209,0.93239
1748011397748.0,0.93208,0.93238
1748011398205.0,0.93209,0.93239
1748011398806.0,0.9321,0.9324
1748011398933.0,0.93212,0.93242
1748011399181.0,0.93208,0.93238
1748011399820.0,0.9321,0.9324
1748011400508.0,0.93211,0.93241
1748011400988.0,0.93209,0.93239
1748011401920.0,0.93211,0.93241
1748011406303.0,0.93212,0.93242
1748011407677.0,0.93213,0.93243
1748011408158.0,0.93215,0.93245
1748011408833.0,0.93216,0.93246
1748011409393.0,0.93217,0.93247
1748011411679.0,0.93219,0.93249
1748011411946.0,0.9322,0.9325
1748011412198.0,0.93219,0.93249
1748011412726.0,0.9322,0.9325
1748011413581.0,0.93221,0.93251
1748011414484.0,0.9322,0.9325
1748011416366.0,0.93218,0.93248
1748011417288.0,0.9322,0.9325
1748011417707.0,0.93219,0.93249
1748011417832.0,0.9322,0.9325
1748011417957.0,0.93219,0.93249
1748011418082.0,0.93221,0.93251
1748011419257.0,0.9322,0.9325
1748011419381.0,0.93217,0.93247
1748011420593.0,0.93219,0.93249
1748011420963.0,0.9322,0.9325
1748011421624.0,0.93221,0.93251
1748011422045.0,0.9322,0.9325
1748011422632.0,0.93219,0.93249
1748011423188.0,0.93216,0.93246
1748011423702.0,0.93215,0.93245
1748011425799.0,0.93217,0.93247
1748011427692.0,0.93216,0.93246
1748011428779.0,0.93214,0.93244
1748011429029.0,0.93215,0.93245
1748011432370.0,0.93216,0.93246
1748011432501.0,0.93215,0.93245
1748011432998.0,0.93216,0.93246
1748011435490.0,0.93218,0.93248
1748011435623.0,0.93217,0.93247
1748011438266.0,0.93218,0.93248
1748011440969.0,0.9322,0.9325
1748011446979.0,0.93221,0.93251
1748011447506.0,0.9322,0.9325
1748011454798.0,0.93216,0.93246
1748011455399.0,0.93215,0.93245
1748011455753.0,0.93214,0.93244
1748011455878.0,0.93212,0.93242
1748011458451.0,0.93214,0.93244
1748011459124.0,0.93214,0.93244
1748011459250.0,0.93212,0.93242
1748011460997.0,0.93211,0.93241
1748011461868.0,0.93213,0.93243
1748011465614.0,0.93215,0.93245
1748011465864.0,0.93213,0.93243
1748011467555.0,0.93214,0.93244
1748011467806.0,0.93208,0.93238
1748011467931.0,0.93209,0.93239
1748011469051.0,0.93211,0.93241
1748011469301.0,0.9321,0.9324
1748011470211.0,0.93212,0.93242
1748011470341.0,0.93213,0.93243
1748011470460.0,0.93214,0.93244
1748011472994.0,0.93213,0.93243
1748011473119.0,0.93215,0.93245
1748011473369.0,0.93218,0.93248
1748011475066.0,0.93219,0.93249
1748011475310.0,0.9322,0.9325
1748011476170.0,0.93217,0.93247
1748011476419.0,0.93218,0.93248
1748011479445.0,0.93217,0.93247
1748011479945.0,0.93218,0.93248
1748011484703.0,0.93217,0.93247
1748011485595.0,0.93218,0.93248
1748011490410.0,0.93221,0.93251
1748011490658.0,0.93219,0.93249
1748011490782.0,0.93217,0.93247
1748011491067.0,0.93219,0.93249
1748011491193.0,0.93222,0.93252
1748011491446.0,0.93221,0.93251
1748011492679.0,0.93218,0.93248
1748011496329.0,0.93219,0.93249
1748011498998.0,0.9322,0.9325
1748011500343.0,0.93221,0.93251
1748011501076.0,0.9322,0.9325
1748011501191.0,0.93219,0.93249
1748011504726.0,0.93218,0.93248
1748011510749.0,0.93219,0.93249
1748011510995.0,0.93217,0.93247
1748011516472.0,0.93219,0.93249
1748011516598.0,0.93221,0.93251
1748011516868.0,0.93219,0.93249
1748011518096.0,0.93221,0.93251
1748011518614.0,0.93223,0.93253
1748011518740.0,0.93222,0.93252
1748011519167.0,0.9322,0.9325
1748011519871.0,0.93222,0.93252
1748011522503.0,0.93221,0.93251
1748011522625.0,0.93223,0.93253
1748011522874.0,0.93222,0.93252
1748011524035.0,0.93223,0.93253
1748011524136.0,0.93225,0.93255
1748011532701.0,0.93226,0.93256
1748011538473.0,0.93228,0.93258
1748011538593.0,0.93229,0.93259
1748011538727.0,0.93227,0.93257
1748011538975.0,0.93229,0.93259
1748011539092.0,0.93227,0.93257
1748011539344.0,0.93226,0.93256
1748011539786.0,0.93225,0.93255
1748011540652.0,0.93226,0.93256
1748011540779.0,0.93216,0.93246
1748011540902.0,0.93221,0.93251
1748011541927.0,0.93219,0.93249
1748011542051.0,0.9322,0.9325
1748011542176.0,0.93219,0.93249
1748011542302.0,0.93222,0.93252
1748011542552.0,0.93219,0.93249
1748011542676.0,0.93221,0.93251
1748011542942.0,0.9322,0.9325
1748011543442.0,0.93221,0.93251
1748011543563.0,0.93222,0.93252
1748011543689.0,0.93224,0.93254
1748011543940.0,0.93223,0.93253
1748011544062.0,0.93222,0.93252
1748011545513.0,0.93223,0.93253
1748011546285.0,0.93222,0.93252
1748011546539.0,0.93224,0.93254
1748011546788.0,0.93225,0.93255
1748011548876.0,0.93227,0.93257
1748011549015.0,0.93228,0.93258
1748011550295.0,0.93227,0.93257
1748011551206.0,0.93228,0.93258
1748011551536.0,0.9323,0.9326
1748011552041.0,0.93228,0.93258
1748011554394.0,0.93229,0.93259
1748011554643.0,0.93226,0.93256
1748011556612.0,0.9323,0.9326
1748011560520.0,0.93228,0.93258
1748011560922.0,0.93226,0.93256
1748011562620.0,0.93227,0.93257
1748011562744.0,0.93225,0.93255
1748011565796.0,0.93225,0.93255
1748011567919.0,0.93223,0.93253
1748011568910.0,0.93224,0.93254
1748011570759.0,0.93226,0.93256
1748011572845.0,0.93227,0.93257
1748011573393.0,0.93228,0.93258
1748011573643.0,0.93229,0.93259
1748011574024.0,0.9323,0.9326
1748011575941.0,0.93231,0.93261
1748011576052.0,0.93229,0.93259
1748011576928.0,0.9323,0.9326
1748011578143.0,0.9323,0.9326
1748011578567.0,0.93229,0.93259
1748011581230.0,0.9323,0.9326
1748011581346.0,0.93232,0.93262
1748011581598.0,0.93228,0.93258
1748011582350.0,0.93227,0.93257
1748011583130.0,0.93226,0.93256
1748011583257.0,0.93227,0.93257
1748011588682.0,0.93226,0.93256
1748011590195.0,0.93225,0.93255
1748011590570.0,0.93226,0.93256
1748011593297.0,0.93227,0.93257
1748011593908.0,0.93226,0.93256
1748011594022.0,0.93227,0.93257
1748011599532.0,0.93226,0.93256
1748011599999.0,0.93227,0.93257
1748011608033.0,0.93228,0.93258
1748011610482.0,0.93232,0.93262
1748011612358.0,0.93233,0.93263
1748011612881.0,0.93232,0.93262
1748011614007.0,0.93233,0.93263
1748011615179.0,0.93237,0.93267
1748011616175.0,0.93234,0.93264
1748011616303.0,0.93235,0.93265
1748011618460.0,0.93234,0.93264
1748011618832.0,0.93232,0.93262
1748011623103.0,0.93234,0.93264
1748011623605.0,0.93235,0.93265
1748011623854.0,0.93234,0.93264
1748011624104.0,0.93236,0.93266
1748011625170.0,0.93235,0.93265
1748011626872.0,0.93233,0.93263
1748011626989.0,0.93234,0.93264
1748011627240.0,0.93235,0.93265
1748011627494.0,0.93234,0.93264
1748011631049.0,0.93235,0.93265
1748011632199.0,0.93234,0.93264
1748011632448.0,0.93234,0.93264
1748011632573.0,0.93232,0.93262
1748011632825.0,0.93233,0.93263
1748011634219.0,0.93235,0.93265
1748011635479.0,0.93233,0.93263
1748011635604.0,0.93234,0.93264
1748011635854.0,0.93236,0.93266
1748011637311.0,0.93237,0.93267
1748011638247.0,0.93238,0.93268
1748011641133.0,0.93239,0.93269
1748011644400.0,0.93241,0.93271
1748011644521.0,0.93238,0.93268
1748011651442.0,0.93237,0.93267
1748011653750.0,0.93238,0.93268
1748011653870.0,0.9324,0.9327
1748011654202.0,0.93239,0.93269
1748011655111.0,0.93237,0.93267
1748011655359.0,0.93238,0.93268
1748011656640.0,0.93241,0.93271
1748011657374.0,0.93242,0.93272
1748011658357.0,0.93237,0.93267
1748011658485.0,0.93238,0.93268
1748011659324.0,0.93237,0.93267
1748011661447.0,0.93236,0.93266
1748011662471.0,0.93237,0.93267
1748011662595.0,0.93238,0.93268
1748011666426.0,0.93237,0.93267
1748011668392.0,0.93238,0.93268
1748011670270.0,0.93237,0.93267
1748011670699.0,0.93238,0.93268
1748011671715.0,0.93236,0.93266
1748011672709.0,0.93238,0.93268
1748011672836.0,0.93236,0.93266
1748011673210.0,0.93235,0.93265
1748011673768.0,0.93236,0.93266
1748011674156.0,0.93235,0.93265
1748011674984.0,0.93233,0.93263
1748011677952.0,0.93234,0.93264
1748011678204.0,0.93235,0.93265
1748011680671.0,0.93234,0.93264
1748011682025.0,0.93235,0.93265
1748011682658.0,0.93234,0.93264
1748011683085.0,0.93235,0.93265
1748011684141.0,0.93236,0.93266
1748011685346.0,0.93235,0.93265
1748011685470.0,0.93233,0.93263
1748011686533.0,0.93234,0.93264
1748011686787.0,0.93231,0.93261
1748011686911.0,0.93232,0.93262
1748011687458.0,0.93234,0.93264
1748011688346.0,0.93232,0.93262
1748011688466.0,0.93234,0.93264
1748011689952.0,0.93235,0.93265
1748011692181.0,0.93233,0.93263
1748011692675.0,0.93236,0.93266
1748011693133.0,0.93234,0.93264
1748011694758.0,0.93235,0.93265
1748011696502.0,0.93237,0.93267
1748011699819.0,0.93238,0.93268
1748011703508.0,0.93237,0.93267
1748011703634.0,0.93238,0.93268
1748011706656.0,0.93239,0.93269
1748011709689.0,0.93238,0.93268
1748011710024.0,0.93239,0.93269
1748011710144.0,0.93238,0.93268
1748011710273.0,0.93237,0.93267
1748011717065.0,0.93239,0.93269
1748011718206.0,0.93238,0.93268
1748011718870.0,0.93237,0.93267
1748011719229.0,0.93236,0.93266
1748011723410.0,0.93235,0.93265
1748011726247.0,0.93233,0.93263
1748011728063.0,0.93234,0.93264
1748011735530.0,0.93232,0.93262
1748011735655.0,0.93233,0.93263
1748011737563.0,0.93228,0.93258
1748011737812.0,0.93227,0.93257
1748011741196.0,0.93228,0.93258
1748011745470.0,0.9323,0.9326
1748011746007.0,0.93231,0.93261
1748011748921.0,0.9323,0.9326
1748011749046.0,0.93232,0.93262
1748011749170.0,0.93231,0.93261
1748011749295.0,0.93232,0.93262
1748011749730.0,0.93233,0.93263
1748011750482.0,0.93235,0.93265
1748011752080.0,0.93232,0.93262
1748011752222.0,0.93233,0.93263
1748011752330.0,0.93234,0.93264
1748011752778.0,0.93233,0.93263
1748011753312.0,0.93232,0.93262
1748011753563.0,0.93233,0.93263
1748011754663.0,0.93232,0.93262
1748011755089.0,0.93233,0.93263
1748011756608.0,0.93232,0.93262
