1748008706834.0,1.34842,1.34851
1748008707275.0,1.34841,1.3485
1748008707713.0,1.34844,1.34853
1748008711145.0,1.34841,1.3485
1748008712241.0,1.34841,1.3485
1748008712350.0,1.3484,1.34849
1748008712791.0,1.34841,1.3485
1748008712904.0,1.34843,1.34852
1748008715690.0,1.34844,1.34853
1748008717962.0,1.34843,1.34852
1748008718906.0,1.34842,1.34851
1748008719845.0,1.34841,1.3485
1748008720064.0,1.3484,1.34849
1748008721034.0,1.34839,1.34848
1748008722011.0,1.34829,1.34838
1748008722130.0,1.34828,1.34837
1748008722812.0,1.34833,1.34842
1748008729176.0,1.34832,1.34841
1748008736506.0,1.34831,1.3484
1748008736603.0,1.34833,1.34842
1748008737277.0,1.34834,1.34843
1748008737825.0,1.34836,1.34845
1748008737937.0,1.34835,1.34844
1748008738049.0,1.34836,1.34845
1748008739841.0,1.34835,1.34844
1748008740063.0,1.34831,1.3484
1748008740412.0,1.34833,1.34842
1748008740634.0,1.34831,1.3484
1748008741074.0,1.3483,1.34839
1748008745210.0,1.34828,1.34837
1748008745760.0,1.34827,1.34836
1748008747296.0,1.34828,1.34837
1748008749031.0,1.34827,1.34836
1748008749469.0,1.34826,1.34835
1748008749913.0,1.34821,1.3483
1748008750025.0,1.34823,1.34832
1748008750131.0,1.34822,1.34831
1748008751904.0,1.34821,1.3483
1748008752349.0,1.34818,1.34827
1748008752458.0,1.34816,1.34825
1748008754240.0,1.34817,1.34826
1748008755567.0,1.34817,1.34826
1748008755888.0,1.34816,1.34825
1748008757757.0,1.34817,1.34826
1748008758472.0,1.34817,1.34826
1748008759705.0,1.34816,1.34825
1748008760785.0,1.34817,1.34826
1748008761123.0,1.34818,1.34827
1748008761345.0,1.34821,1.3483
1748008762167.0,1.34822,1.34831
1748008762388.0,1.34822,1.34831
1748008764244.0,1.34823,1.34832
1748008765776.0,1.34821,1.3483
1748008766270.0,1.34822,1.34831
1748008767497.0,1.34821,1.3483
1748008768640.0,1.34822,1.34831
1748008769144.0,1.34823,1.34832
1748008770930.0,1.34821,1.3483
1748008771043.0,1.34823,1.34832
1748008772011.0,1.34822,1.34831
1748008772574.0,1.34823,1.34832
1748008772684.0,1.34822,1.34831
1748008772905.0,1.3482,1.34835
1748008773347.0,1.34818,1.34833
1748008774061.0,1.34819,1.34834
1748008775040.0,1.34821,1.34836
1748008775922.0,1.34822,1.34837
1748008776844.0,1.34826,1.34841
1748008776954.0,1.34834,1.34843
1748008777278.0,1.34833,1.34842
1748008777612.0,1.34832,1.34841
1748008778196.0,1.34829,1.34838
1748008778587.0,1.34826,1.34835
1748008778922.0,1.34827,1.34836
1748008780066.0,1.34825,1.34834
1748008780288.0,1.34826,1.34835
1748008781072.0,1.34827,1.34836
1748008783366.0,1.34831,1.3484
1748008783582.0,1.3483,1.34839
1748008784363.0,1.34832,1.34841
1748008785006.0,1.3483,1.34845
1748008785116.0,1.34829,1.34844
1748008785880.0,1.34826,1.34841
1748008786796.0,1.34828,1.34843
1748008786908.0,1.3483,1.34845
1748008787019.0,1.34829,1.34844
1748008787416.0,1.3483,1.34845
1748008787747.0,,1.34839
1748008788407.0,1.34829,1.34838
1748008788519.0,1.34826,1.34841
1748008789066.0,1.34827,1.34842
1748008789394.0,1.34825,1.3484
1748008790282.0,1.34825,1.3484
1748008790637.0,1.34826,1.34841
1748008790857.0,1.34828,1.34843
1748008790966.0,1.34826,1.34841
1748008791880.0,1.34825,1.3484
1748008792104.0,1.34824,1.34839
1748008793793.0,1.3482,1.34842
1748008795955.0,1.34821,
1748008796065.0,1.3482,
1748008796397.0,1.3482,1.34842
1748008796504.0,1.34824,1.34839
1748008798840.0,1.34818,1.34839
1748008799057.0,1.34814,1.34835
1748008799163.0,1.34813,
1748008799495.0,1.34812,1.34837
1748008799716.0,1.34813,1.34836
1748008799942.0,1.34809,1.34837
1748008800155.0,1.34808,1.34837
1748008800376.0,,1.34839
1748008800489.0,1.34807,1.34842
1748008800706.0,1.34808,
1748008800821.0,1.34804,1.34843
1748008801270.0,1.34805,1.34842
1748008801608.0,1.3481,1.34844
1748008801823.0,1.34814,1.34839
1748008802040.0,,1.34839
1748008802260.0,,1.34839
1748008802590.0,1.34813,1.3484
1748008803362.0,1.34814,1.34839
1748008803911.0,1.34815,
1748008804242.0,1.34817,
1748008804465.0,1.34817,
1748008804930.0,1.34819,1.34842
1748008805261.0,1.34816,1.34844
1748008805373.0,1.3482,1.34849
1748008805591.0,1.34819,1.3485
1748008805704.0,,1.34851
1748008806140.0,,1.3485
1748008806362.0,1.3482,1.3485
1748008806579.0,1.34819,1.34851
1748008806690.0,1.3482,1.3485
1748008807260.0,1.34821,1.34849
1748008807478.0,1.34822,
1748008807590.0,,1.34848
1748008808250.0,1.34823,1.34847
1748008808469.0,1.34822,
1748008809134.0,1.34818,1.34842
1748008809789.0,,1.34844
1748008810119.0,,1.34841
1748008810348.0,1.34817,1.34842
1748008810719.0,1.34821,1.34836
1748008810942.0,1.3482,1.34835
1748008811163.0,1.34818,1.34833
1748008811268.0,1.3481,1.34837
1748008811605.0,1.34807,1.34835
1748008811994.0,1.34805,1.34832
1748008812210.0,1.34803,
1748008812323.0,1.34809,1.34833
1748008812933.0,1.34815,1.3483
1748008813427.0,1.34811,1.34826
1748008813872.0,1.3481,1.34825
1748008813981.0,1.34812,1.34827
1748008814708.0,1.34811,1.34826
1748008815153.0,1.34808,1.34823
1748008815257.0,1.34811,1.34826
1748008816255.0,1.34811,1.34826
1748008817680.0,1.34808,1.34823
1748008818120.0,1.34806,1.34821
1748008819166.0,1.34807,1.34816
1748008819285.0,1.34805,1.34814
1748008820471.0,1.34804,1.34813
1748008820582.0,1.34803,1.34812
1748008821305.0,1.34805,1.34814
1748008821532.0,1.34814,1.34823
1748008822393.0,1.34816,1.34825
1748008822833.0,1.34824,1.34833
1748008823056.0,1.34827,1.34836
1748008823384.0,1.34826,1.34835
1748008823970.0,1.34827,1.34836
1748008824848.0,1.3483,1.34845
1748008825317.0,1.34826,1.34841
1748008825543.0,1.34821,1.34836
1748008825769.0,1.34822,1.34837
1748008825978.0,1.34823,1.34838
1748008827622.0,1.3482,1.34835
1748008827733.0,1.34821,1.34836
1748008827959.0,1.3482,1.34835
1748008828183.0,1.34817,1.34826
1748008828393.0,1.34818,1.34827
1748008828618.0,1.3482,1.34829
1748008829439.0,1.34823,1.34832
1748008831935.0,1.34828,1.34837
1748008832812.0,1.34827,1.34836
1748008834029.0,1.34829,1.34838
1748008835051.0,1.34828,1.34837
1748008835709.0,1.34829,1.34838
1748008835817.0,1.34831,1.3484
1748008836152.0,1.34829,1.34838
1748008836748.0,1.34828,1.34837
1748008837075.0,1.34829,1.34838
1748008837983.0,1.34825,1.34834
1748008838088.0,1.34826,1.34835
1748008838539.0,1.34823,1.34832
1748008839079.0,1.3482,1.34829
1748008841486.0,1.34822,1.34831
1748008841858.0,1.34824,1.34833
1748008843384.0,1.34819,1.34828
1748008845016.0,1.34817,1.34826
1748008846593.0,1.34814,1.34823
1748008846814.0,1.34817,1.34826
1748008847954.0,1.34818,1.34827
1748008848741.0,1.34816,1.34825
1748008850422.0,1.34817,1.34826
1748008851217.0,1.3482,1.34829
1748008851542.0,1.34819,1.34828
1748008852839.0,1.34818,1.34827
1748008857768.0,1.34826,1.34835
1748008857988.0,1.34827,1.34836
1748008858106.0,1.34829,1.34838
1748008858762.0,1.3483,1.34839
1748008859105.0,1.34825,1.34834
1748008859315.0,1.34823,1.34832
1748008860231.0,1.3482,1.34829
1748008862185.0,1.34816,1.34831
1748008863564.0,1.34819,1.34834
1748008864826.0,1.34818,1.34833
1748008866083.0,1.34821,1.3483
1748008866305.0,1.34822,1.34837
1748008866414.0,1.34823,1.34838
1748008867964.0,1.34822,1.34837
1748008868409.0,1.34822,1.34831
1748008868624.0,1.34819,1.34828
1748008869067.0,1.34818,1.34827
1748008869712.0,1.34816,1.34831
1748008871127.0,1.34815,1.3483
1748008872292.0,1.34814,1.34823
1748008873132.0,1.34813,1.34822
1748008873900.0,1.34811,1.3482
1748008874112.0,1.34808,1.34817
1748008874552.0,1.34807,1.34816
1748008875590.0,1.34806,1.34815
1748008875811.0,1.34807,1.34816
1748008876152.0,1.34803,1.34812
1748008876254.0,1.34806,1.34815
1748008877206.0,1.34808,1.34817
1748008877986.0,1.34807,1.34816
1748008878337.0,1.34808,1.34817
1748008878556.0,1.34807,1.34816
1748008879472.0,1.34815,1.34824
1748008879805.0,1.34819,1.34828
1748008879919.0,1.34818,1.34827
1748008880580.0,1.34816,1.34825
1748008880919.0,1.3481,1.34819
1748008881021.0,1.34808,1.34817
1748008881905.0,1.34807,1.34816
1748008883312.0,1.34808,1.34817
1748008883972.0,1.34807,1.34816
1748008888256.0,1.34808,1.34817
1748008890665.0,1.34808,1.34823
1748008891215.0,1.34808,1.34817
1748008894142.0,1.3481,1.34819
1748008894707.0,1.34808,1.34817
1748008895341.0,1.34814,1.34823
1748008898748.0,1.34808,
1748008900346.0,1.3481,1.34825
1748008901233.0,1.34814,1.34823
1748008902405.0,1.34813,1.34822
1748008903173.0,1.34814,1.34823
1748008903506.0,1.34813,1.34822
1748008905242.0,1.34814,1.34823
1748008906097.0,1.34818,1.34827
1748008908905.0,1.34819,1.34828
1748008909235.0,1.34818,1.34827
1748008910158.0,1.34819,1.34828
1748008910722.0,1.34822,1.34831
1748008912280.0,1.34818,1.34827
1748008917681.0,1.3482,1.34829
1748008919866.0,1.34819,1.34828
1748008920077.0,1.3482,1.34829
1748008920408.0,1.34829,1.34838
1748008920516.0,1.34835,1.34844
1748008921216.0,1.34835,1.3485
1748008921547.0,1.34831,1.3484
1748008921657.0,1.34829,1.34838
1748008922097.0,1.34831,1.3484
1748008922649.0,1.34829,1.34838
1748008923667.0,1.3483,1.34839
1748008923998.0,1.34828,1.34837
1748008925305.0,1.34829,1.34838
1748008926114.0,1.34834,1.34843
1748008926789.0,1.34832,1.34841
1748008927590.0,1.34831,1.3484
1748008928211.0,1.34832,1.34841
1748008931189.0,1.3483,1.34839
1748008931964.0,1.34831,1.3484
1748008932069.0,1.34832,1.34841
1748008932499.0,1.34829,1.34844
1748008932718.0,1.34832,1.34841
1748008935249.0,1.34833,1.34842
1748008937993.0,1.34827,1.34836
1748008938214.0,1.34827,1.34836
1748008938432.0,1.34818,1.34827
1748008939499.0,1.34819,1.34828
1748008941126.0,1.3482,1.34829
1748008941459.0,1.34824,1.34833
1748008942006.0,1.34818,1.34827
1748008943012.0,1.34817,1.34826
1748008943788.0,1.34819,1.34828
1748008945144.0,1.34818,1.34827
1748008945472.0,1.34819,1.34828
1748008945693.0,1.34812,
1748008946036.0,1.34813,1.34828
1748008946420.0,1.34811,1.34826
1748008947352.0,1.34806,1.34821
1748008947791.0,1.34805,1.3482
1748008948807.0,1.34806,1.34821
1748008949143.0,1.34806,1.34821
1748008949246.0,1.34807,1.34822
1748008951041.0,1.3481,1.34825
1748008951150.0,1.34811,1.34826
1748008951370.0,1.34812,1.34827
1748008952128.0,1.34817,1.34826
1748008952356.0,1.34818,1.34827
1748008953105.0,1.34819,1.34828
1748008953545.0,1.34821,1.3483
1748008954104.0,1.34822,1.34831
1748008955193.0,1.34824,1.34833
1748008955527.0,1.34823,1.34832
1748008956556.0,1.34822,1.34831
1748008958207.0,1.34819,1.34828
1748008961033.0,1.34822,1.34831
1748008961247.0,1.34818,1.34833
1748008963894.0,1.34817,1.34832
1748008964248.0,1.34816,1.34831
1748008964845.0,1.34822,
1748008965616.0,1.34823,1.34832
1748008966165.0,1.34822,1.34831
1748008968024.0,1.34821,1.3483
1748008968463.0,1.34818,1.34833
1748008969013.0,1.34817,1.34826
1748008969907.0,1.34811,1.3482
1748008970004.0,1.34813,1.34822
1748008970446.0,1.34812,1.34821
1748008970771.0,1.34811,1.3482
1748008971104.0,1.34813,1.34822
1748008971435.0,1.34815,1.34824
1748008973922.0,1.34817,1.34826
1748008974031.0,1.34818,1.34827
1748008975198.0,1.34817,1.34826
1748008977143.0,1.34816,1.34825
1748008978874.0,1.34817,1.34826
1748008979093.0,1.34818,1.34827
1748008980171.0,1.34817,1.34826
1748008980619.0,1.34814,1.34823
1748008980839.0,1.34816,1.34825
1748008982423.0,1.34817,1.34826
1748008983393.0,1.34815,1.34824
1748008983613.0,1.34816,1.34825
1748008984287.0,1.34815,1.34824
1748008985146.0,1.34814,1.34823
1748008987268.0,1.34813,1.34822
1748008987582.0,1.34811,1.3482
1748008990262.0,1.34815,1.34824
1748008992304.0,1.34817,1.34826
1748008993895.0,1.34816,1.34825
1748008994439.0,1.34817,1.34826
1748008996124.0,1.34816,1.34825
1748008998142.0,1.34817,1.34826
1748008998962.0,1.34816,1.34825
1748008999172.0,1.34817,1.34826
1748008999505.0,1.34818,1.34827
1748009001167.0,1.34816,1.34831
1748009003626.0,1.34823,1.34832
1748009003737.0,1.34822,1.34831
1748009004652.0,1.34818,1.34827
1748009005018.0,1.34816,1.34825
1748009005417.0,1.3481,1.34819
1748009005636.0,1.34806,1.34815
1748009005856.0,1.34807,1.34816
1748009007857.0,1.34806,1.34815
1748009008541.0,1.34807,1.34816
1748009011958.0,1.34811,1.34826
1748009013173.0,1.34816,1.34831
1748009013392.0,1.34819,1.34828
1748009014049.0,1.34818,1.34827
1748009014270.0,,1.34833
1748009014394.0,1.34816,1.34831
1748009016051.0,1.34815,1.3483
1748009016271.0,1.34818,1.34827
1748009017021.0,1.34819,1.34828
1748009017240.0,1.34818,1.34827
1748009019036.0,1.34824,1.34833
1748009019252.0,1.34827,1.34836
1748009019584.0,1.34826,1.34835
1748009020638.0,1.3483,1.34839
1748009020747.0,1.34831,1.3484
1748009021093.0,1.34832,1.34841
1748009021297.0,1.34837,1.34846
1748009021517.0,1.34838,1.34847
1748009022291.0,1.34837,1.34846
1748009023122.0,1.34838,1.34847
1748009024291.0,1.34842,1.34851
1748009024395.0,1.34843,1.34852
1748009024836.0,1.34838,1.34853
1748009025063.0,1.34836,1.34851
1748009025276.0,1.34835,1.3485
1748009026246.0,1.34838,1.34847
1748009026360.0,1.34837,1.34846
1748009027871.0,1.34836,1.34845
1748009028512.0,1.34835,1.34844
1748009029063.0,1.34834,1.34843
1748009029623.0,1.34838,1.34847
1748009030118.0,1.34838,1.34847
1748009031007.0,1.34843,1.34852
1748009031126.0,1.34842,1.34851
1748009031445.0,1.34835,
1748009032371.0,1.34836,1.34851
1748009032689.0,1.34835,1.3485
1748009033035.0,1.34841,1.34856
1748009033243.0,1.34848,1.34857
1748009033459.0,1.34849,1.34858
1748009033794.0,1.34848,1.34857
1748009034125.0,1.34847,1.34856
1748009035886.0,1.34848,1.34857
1748009036333.0,1.34847,1.34856
1748009037212.0,1.34846,1.34855
1748009037904.0,1.34839,1.34848
1748009038013.0,1.34841,1.3485
1748009038343.0,1.34842,1.34851
1748009038981.0,1.34844,1.34853
1748009039567.0,1.34845,1.34854
1748009040628.0,1.34853,1.34862
1748009040841.0,1.3485,1.34865
1748009041059.0,1.34845,1.3486
1748009041389.0,1.34846,1.34861
1748009042180.0,1.34848,1.34857
1748009042284.0,1.34849,1.34858
1748009042822.0,1.34848,1.34857
1748009043484.0,1.34845,1.34854
1748009043706.0,1.34841,1.34856
1748009044486.0,1.34848,1.34857
1748009044815.0,1.34845,1.34854
1748009045032.0,1.34841,1.3485
1748009045147.0,1.3484,1.34849
1748009046133.0,1.34839,1.34848
1748009046979.0,1.34837,1.34846
1748009047083.0,1.3483,1.34839
1748009047205.0,1.34829,1.34838
1748009047524.0,1.34833,1.34842
1748009047975.0,1.34835,1.34844
1748009048852.0,1.34836,1.34845
1748009049296.0,1.34844,1.34853
1748009053405.0,1.3484,1.34849
1748009053836.0,1.34843,1.34852
1748009054273.0,1.34844,1.34853
1748009055590.0,1.34847,1.34856
1748009059113.0,1.34842,1.34851
1748009059882.0,1.3484,1.34849
1748009060119.0,1.34842,1.34851
1748009060633.0,1.34843,1.34852
1748009060929.0,1.34842,1.34851
1748009061261.0,1.34844,1.34853
1748009063843.0,1.34842,1.34851
1748009064169.0,1.34842,1.34851
1748009064623.0,1.3484,1.34849
1748009065268.0,1.34839,1.34848
1748009065489.0,1.34839,1.34848
1748009067857.0,1.34838,1.34847
1748009067966.0,1.34837,1.34846
1748009068604.0,1.34835,1.34844
1748009070138.0,1.34834,1.34843
1748009071731.0,1.34835,1.34844
1748009072117.0,1.34838,1.34847
1748009072451.0,1.34836,1.34845
1748009072674.0,1.34838,1.34847
1748009073850.0,1.34837,1.34846
1748009074073.0,1.34838,1.34847
1748009074510.0,1.34836,1.34845
1748009079959.0,1.34832,1.34841
1748009080510.0,1.34833,1.34842
1748009081896.0,1.34827,1.34836
1748009082773.0,1.34826,1.34835
1748009082879.0,1.34824,1.34833
1748009083546.0,1.34826,1.34835
1748009086977.0,1.34829,1.34838
1748009087547.0,1.34825,1.34834
1748009089142.0,1.34827,1.34836
1748009089837.0,1.34826,1.34835
1748009090662.0,1.34827,1.34836
1748009093657.0,1.34825,1.34834
1748009097629.0,1.34821,1.3483
1748009099143.0,1.34822,1.34831
1748009100092.0,1.34823,1.34832
1748009100184.0,1.34828,1.34837
1748009101365.0,1.34826,1.34835
1748009101668.0,1.34814,1.34823
1748009101780.0,1.34813,1.34822
1748009101998.0,1.34815,1.34824
1748009102218.0,1.34817,1.34826
1748009102351.0,1.34818,1.34827
1748009103231.0,1.34819,1.34828
1748009104445.0,1.34818,1.34827
1748009104883.0,1.34824,1.34833
1748009106083.0,1.34825,1.34834
1748009106791.0,1.34824,1.34833
1748009107122.0,1.34828,1.34837
1748009107450.0,1.34827,1.34836
1748009111044.0,1.34828,1.34837
1748009111132.0,1.3483,1.34845
1748009114087.0,1.34831,1.34846
1748009114416.0,1.34834,1.34849
1748009115207.0,1.34833,1.34848
1748009115545.0,1.34834,1.34849
1748009115758.0,1.34842,1.34857
1748009115867.0,1.34847,1.34856
1748009117051.0,1.34851,1.3486
1748009117159.0,1.34853,1.34862
1748009117490.0,1.34854,1.34863
1748009117712.0,1.34852,1.34861
1748009118371.0,1.34848,1.34857
1748009118706.0,1.34848,1.34857
1748009119251.0,1.34849,1.34858
1748009120134.0,1.34852,1.34861
1748009120576.0,1.34849,1.34858
1748009120799.0,1.34846,1.34855
1748009121234.0,1.34847,1.34856
1748009128405.0,1.34848,1.34857
1748009131005.0,1.34851,1.3486
1748009131118.0,1.34852,1.34861
1748009131769.0,1.34856,1.34865
1748009133822.0,1.34867,1.34876
1748009133930.0,1.34864,1.34873
1748009134699.0,1.34859,1.34868
1748009134933.0,1.34858,1.34867
1748009136827.0,1.34867,1.34876
1748009137047.0,1.34866,1.34875
1748009137712.0,1.34864,1.34873
1748009138591.0,1.34863,1.34872
1748009139143.0,1.34865,1.34874
1748009140022.0,1.34864,1.34873
1748009140351.0,1.34865,1.34874
1748009141453.0,1.34864,1.34873
1748009142332.0,1.34869,1.34878
1748009142442.0,1.34867,1.34876
1748009142868.0,1.34868,1.34877
1748009143200.0,1.34867,1.34876
1748009143305.0,1.34868,1.34877
1748009157853.0,1.34863,1.34872
1748009157962.0,1.34867,1.34876
1748009158306.0,1.34866,1.34875
1748009158541.0,1.34864,1.34873
1748009160412.0,1.34863,1.34872
1748009161038.0,1.34864,1.34873
1748009161606.0,1.34858,1.34867
1748009161710.0,1.34859,1.34868
1748009162262.0,1.34863,1.34872
1748009162710.0,1.34864,1.34873
1748009162813.0,1.34865,1.34874
1748009163632.0,1.34864,1.34873
1748009163954.0,1.34863,1.34872
1748009164174.0,1.34864,1.34873
1748009165425.0,1.34863,1.34872
1748009167910.0,1.34862,1.34871
1748009171008.0,1.34863,1.34872
1748009171110.0,1.34855,1.34864
1748009171877.0,1.34854,1.34863
1748009173405.0,1.34856,1.34865
1748009173625.0,1.34855,1.34864
1748009173730.0,1.34854,1.34863
1748009175032.0,1.34855,1.34864
1748009181615.0,1.34857,1.34866
1748009186389.0,1.3486,1.34869
1748009186497.0,1.34862,1.34871
1748009188589.0,1.34863,1.34872
1748009189318.0,1.34864,1.34873
1748009193804.0,1.34863,1.34872
1748009194030.0,1.34853,1.34862
1748009196157.0,1.34853,1.34862
1748009196265.0,1.34854,1.34863
1748009198272.0,1.34853,1.34862
1748009198491.0,1.34854,1.34863
1748009199032.0,1.34853,1.34862
1748009201367.0,1.34854,1.34863
1748009203440.0,1.34862,1.34871
1748009203664.0,1.34863,1.34872
1748009203881.0,1.3486,1.34869
1748009204104.0,1.34858,1.34867
1748009204769.0,1.34861,1.3487
1748009204877.0,1.34862,1.34871
1748009206834.0,1.34859,1.34868
1748009206945.0,1.34861,1.3487
1748009207274.0,1.34862,1.34871
1748009207720.0,1.3486,1.34869
1748009207828.0,,1.34875
1748009208157.0,1.34862,1.34877
1748009208814.0,1.34873,1.34882
1748009209035.0,1.34877,1.34886
1748009209150.0,1.34878,1.34887
1748009209372.0,1.34877,1.34886
1748009210058.0,1.34881,1.3489
1748009210397.0,1.34886,1.34895
1748009210607.0,1.34885,1.34894
1748009211598.0,1.34883,1.34892
1748009211927.0,1.34882,1.34891
1748009212258.0,1.34879,1.34888
1748009213039.0,1.34878,1.34887
1748009213405.0,1.34877,1.34886
1748009216493.0,1.34878,1.34887
1748009218004.0,1.34883,1.34892
1748009218852.0,1.34881,1.3489
1748009218965.0,1.34882,1.34891
1748009220419.0,1.34883,1.34892
1748009220968.0,1.34885,1.34894
1748009221085.0,1.34886,1.34895
1748009221754.0,1.34884,1.34899
1748009221864.0,1.34883,1.34898
1748009222194.0,1.34882,1.34897
1748009222795.0,1.34885,1.349
1748009223012.0,1.34889,1.34904
1748009223673.0,1.34888,1.34903
1748009225020.0,1.34892,1.34901
1748009226206.0,1.34893,1.34902
1748009227075.0,1.34892,1.34901
1748009227849.0,1.34891,1.349
1748009227961.0,1.34892,1.34901
1748009231074.0,1.34895,1.34904
1748009232858.0,1.34894,1.34903
1748009233407.0,1.34895,1.34904
1748009233740.0,1.34898,1.34907
1748009233958.0,1.34898,1.34913
1748009234404.0,1.349,1.34915
1748009234838.0,1.34902,1.34917
1748009235396.0,1.34905,1.3492
1748009235617.0,1.34903,1.34918
1748009238562.0,1.34909,1.34924
1748009238892.0,1.34908,1.34923
1748009239371.0,1.34909,1.34924
1748009239487.0,1.34908,1.34923
1748009239810.0,1.34909,1.34918
1748009240030.0,1.34908,1.34917
1748009242362.0,1.3491,1.34919
1748009243004.0,1.34909,1.34918
1748009243224.0,1.3491,1.34919
1748009244323.0,1.34908,1.34923
1748009245487.0,1.34907,1.34916
1748009249791.0,1.34902,1.34911
1748009250505.0,1.34897,1.34906
1748009250714.0,1.34886,
1748009251975.0,1.34893,1.34902
1748009252661.0,1.34896,1.34905
1748009252771.0,1.34892,1.34901
1748009255073.0,1.3489,1.34899
1748009255404.0,1.34894,1.34903
1748009255844.0,1.34895,1.34904
1748009261174.0,1.34897,1.34912
1748009261288.0,1.34898,1.34913
1748009261623.0,1.34903,1.34918
1748009262527.0,1.34904,1.34919
1748009263080.0,1.34903,1.34918
1748009263648.0,1.34906,1.34915
1748009264667.0,1.34909,1.34918
1748009265216.0,1.3491,1.34919
1748009265429.0,1.34912,1.34921
1748009265759.0,1.34911,1.3492
1748009266205.0,1.34908,1.34917
1748009267966.0,1.34911,1.3492
1748009269178.0,1.34905,1.34914
1748009269288.0,1.349,1.34909
1748009269505.0,1.34901,1.3491
1748009270165.0,1.34898,1.34907
1748009270757.0,1.34896,1.34905
1748009271243.0,1.34897,1.34906
1748009271763.0,1.34896,1.34905
1748009272095.0,1.34889,1.34904
1748009272314.0,1.3489,1.34905
1748009272532.0,1.34889,1.34904
1748009272753.0,1.34886,1.34901
1748009273126.0,1.34887,1.34902
1748009274384.0,1.34886,1.34901
1748009277767.0,1.34889,1.34898
1748009280408.0,1.34895,1.34904
1748009282464.0,1.34897,1.34906
1748009284124.0,1.34896,1.34905
1748009285090.0,1.34897,1.34906
1748009287378.0,1.34901,1.3491
1748009287613.0,1.34907,1.34916
1748009287826.0,1.34908,1.34917
1748009288490.0,1.34907,1.34916
1748009288941.0,1.34902,1.34911
1748009289260.0,1.34903,1.34912
1748009289481.0,1.34905,1.34914
1748009292549.0,1.34903,1.34912
1748009294071.0,1.34902,1.34911
1748009295196.0,1.34899,1.34908
1748009295306.0,1.34898,1.34907
1748009300313.0,1.34903,1.34912
1748009300533.0,1.34901,1.3491
1748009300643.0,1.349,1.34909
1748009301703.0,1.34901,1.3491
1748009304474.0,1.34908,1.34917
1748009305182.0,1.34909,1.34918
1748009305717.0,1.34905,1.34914
1748009305828.0,1.34907,1.34916
1748009307240.0,1.34908,1.34917
1748009307341.0,1.34912,1.34921
1748009307781.0,1.34911,1.3492
1748009308165.0,1.34912,1.34921
1748009308386.0,1.34913,1.34922
1748009309309.0,1.34911,1.3492
1748009309648.0,1.34909,1.34918
1748009309977.0,1.34908,1.34917
1748009310614.0,1.34907,1.34916
1748009310959.0,1.34914,1.34923
1748009312765.0,1.34916,1.34925
1748009312993.0,1.34917,1.34926
1748009314040.0,1.34919,1.34928
1748009314258.0,1.34918,1.34927
1748009314597.0,1.34917,1.34926
1748009315248.0,1.34921,1.3493
1748009315489.0,1.34919,1.34934
1748009315694.0,1.3492,1.34935
1748009316459.0,1.34919,1.34934
1748009316788.0,1.3492,1.34935
1748009317008.0,1.3493,1.34945
1748009317124.0,1.34931,1.34946
1748009317344.0,1.34935,1.34944
1748009317559.0,1.3493,1.34945
1748009318894.0,1.34925,1.3494
1748009319431.0,1.34924,1.34939
1748009320835.0,1.34925,1.3494
1748009321381.0,1.34926,1.34941
1748009321490.0,1.34925,1.3494
1748009321824.0,1.34922,1.34937
1748009322386.0,1.34925,1.34934
1748009323714.0,1.34926,1.34935
1748009324042.0,1.34931,1.34946
1748009325064.0,1.34935,1.34944
1748009325166.0,1.34934,1.34943
1748009326504.0,1.34933,1.34942
1748009326941.0,1.34929,1.34938
1748009327163.0,1.34928,1.34937
1748009329472.0,1.34927,1.34936
1748009330130.0,1.34933,1.34942
1748009330567.0,1.34934,1.34943
1748009330904.0,1.3493,1.34939
1748009331222.0,1.3493,1.34939
1748009331554.0,1.34931,1.3494
1748009331994.0,1.34934,1.34943
1748009333005.0,1.34931,1.3494
1748009333114.0,1.34934,1.34943
1748009333332.0,1.3493,1.34939
1748009333448.0,1.34931,1.3494
1748009334106.0,1.34931,1.3494
1748009335761.0,1.34928,1.34937
1748009335861.0,1.34927,1.34936
1748009336080.0,1.34926,1.34935
1748009336305.0,1.34924,1.34933
1748009336520.0,1.34923,1.34932
1748009336933.0,1.34924,1.34933
1748009337492.0,1.34928,1.34937
1748009339163.0,1.3493,1.34939
1748009339383.0,1.34928,1.34937
1748009339943.0,1.3493,1.34939
1748009340051.0,1.34934,1.34943
1748009340272.0,1.34934,1.34943
1748009341224.0,1.34935,1.34944
1748009342378.0,1.34929,1.34938
1748009342487.0,1.34934,1.34943
1748009343294.0,1.34933,1.34942
1748009344336.0,1.34934,1.34943
1748009347528.0,1.34935,1.34944
1748009348667.0,1.34933,1.34942
1748009348888.0,1.34934,1.34943
1748009349113.0,1.34933,1.34942
1748009351435.0,1.34933,1.34942
1748009351770.0,1.34934,1.34943
1748009351877.0,1.34938,1.34947
1748009353460.0,1.34937,1.34946
1748009356957.0,1.34938,1.34947
1748009358573.0,1.34932,1.34941
1748009358899.0,1.34928,1.34937
1748009359913.0,1.34927,1.34936
1748009361476.0,1.34934,1.34943
1748009361697.0,1.34936,1.34945
1748009362879.0,1.34936,1.34945
1748009363097.0,1.34939,1.34948
1748009363205.0,1.34941,1.3495
1748009364211.0,1.34939,1.34948
1748009364824.0,1.34938,1.34947
1748009365151.0,1.34935,1.34944
1748009373374.0,1.34934,1.34943
1748009374173.0,1.34929,1.34938
1748009374394.0,1.34928,1.34937
1748009376642.0,1.34927,1.34936
1748009378365.0,1.34925,1.34934
1748009378579.0,1.34922,1.34931
1748009378794.0,1.34924,1.34933
1748009379389.0,1.34925,1.34934
1748009379505.0,1.34926,1.34935
1748009382095.0,1.34925,1.34934
1748009384274.0,1.34926,1.34935
1748009384624.0,1.34927,1.34936
1748009385072.0,1.34928,1.34937
1748009385173.0,1.34926,1.34935
1748009385938.0,1.34925,1.34934
1748009391904.0,1.34933,1.34942
1748009392232.0,1.34934,1.34943
1748009392453.0,1.34933,1.34942
1748009392672.0,1.34931,1.3494
1748009394126.0,1.34932,1.34941
1748009394377.0,1.34931,1.3494
1748009394472.0,1.34928,1.34937
1748009395045.0,1.34929,1.34938
1748009396428.0,1.34928,1.34937
1748009400240.0,1.3492,1.34935
1748009400344.0,1.34919,1.34934
1748009401420.0,1.34923,1.34932
1748009401952.0,1.34919,1.34928
1748009403465.0,1.34924,1.34933
1748009404165.0,1.34925,1.34934
1748009405416.0,1.34926,1.34935
1748009406255.0,1.34924,1.34939
1748009407074.0,1.34923,1.34938
1748009407184.0,1.34924,1.34939
1748009409243.0,1.34925,1.3494
1748009410161.0,1.34928,1.34937
1748009411306.0,1.3492,1.34935
1748009412105.0,1.34917,1.34932
1748009412322.0,1.34915,1.3493
1748009412762.0,1.34916,1.34931
1748009413125.0,1.34915,1.3493
1748009414265.0,1.34918,1.34933
1748009414483.0,1.34924,1.34933
1748009416476.0,1.34922,1.34931
1748009416693.0,1.34919,1.34928
1748009417291.0,1.3492,1.34929
1748009417398.0,1.34919,1.34928
1748009419567.0,1.3492,1.34929
1748009419678.0,1.34918,1.34927
1748009420942.0,1.34917,1.34926
1748009422281.0,1.34916,1.34925
1748009422621.0,1.34918,1.34927
1748009425890.0,1.34917,1.34926
1748009430205.0,1.34913,1.34922
1748009430298.0,1.34915,1.34924
1748009434608.0,1.34917,1.34926
1748009436349.0,1.34915,1.3493
1748009437704.0,1.34912,1.34927
1748009437912.0,1.3491,1.34925
1748009438496.0,1.34911,1.34926
1748009439565.0,1.34922,1.34931
1748009439785.0,1.34918,1.34927
1748009439897.0,1.34919,1.34928
1748009440005.0,1.34918,1.34927
1748009441384.0,1.34919,1.34928
1748009445618.0,1.34918,1.34927
1748009446238.0,1.34926,1.34935
1748009446556.0,1.34924,1.34933
1748009446779.0,1.34923,1.34932
1748009446997.0,1.34923,1.34932
1748009447328.0,1.34926,1.34935
1748009447437.0,1.34924,1.34933
1748009447657.0,1.34923,1.34932
1748009448527.0,1.34925,1.34934
1748009449138.0,1.34926,1.34935
1748009449467.0,1.34927,1.34936
1748009450453.0,1.34928,1.34937
1748009450785.0,1.34926,1.34935
1748009453684.0,1.34923,1.34938
1748009454124.0,1.34925,1.34934
1748009454461.0,1.34926,1.34935
1748009454673.0,1.34927,1.34936
1748009455787.0,1.34928,1.34937
1748009456866.0,1.34929,1.34938
1748009457084.0,1.34927,1.34936
1748009457689.0,1.34916,1.34931
1748009457908.0,1.34915,1.3493
1748009458693.0,1.34918,1.34927
1748009459529.0,1.34919,1.34928
1748009459971.0,1.34925,1.34934
1748009460861.0,1.34923,1.34932
1748009461195.0,1.34925,1.34934
1748009461639.0,1.34921,1.3493
1748009462188.0,1.34921,1.3493
1748009462293.0,1.34922,1.34931
1748009462954.0,1.34924,1.34933
1748009463064.0,1.34925,1.34934
1748009463284.0,1.34924,1.34933
1748009463394.0,1.34923,1.34932
1748009464667.0,1.34925,1.34934
1748009466355.0,1.34923,1.34932
1748009466689.0,1.34919,1.34928
1748009466913.0,1.34913,1.34922
1748009467235.0,1.34912,1.34921
1748009467345.0,1.34914,1.34923
1748009469641.0,1.3491,1.34919
1748009469864.0,1.34911,1.3492
1748009470629.0,1.34912,1.34921
1748009470960.0,1.34913,1.34922
1748009471183.0,1.34912,1.34921
1748009472852.0,1.34907,1.34916
1748009473221.0,1.34906,1.34915
1748009474525.0,1.34908,1.34917
1748009475074.0,1.34907,1.34916
1748009476597.0,1.34909,1.34918
1748009477145.0,1.34907,1.34922
1748009477642.0,1.34908,1.34923
1748009477752.0,1.34907,1.34922
1748009478081.0,1.34908,1.34923
1748009480768.0,1.3492,1.34929
1748009482127.0,1.34921,1.3493
1748009482362.0,1.34919,1.34928
1748009482455.0,1.3492,1.34929
1748009483044.0,1.34919,1.34928
1748009483516.0,1.34918,1.34927
1748009485505.0,1.34917,1.34926
1748009485991.0,1.34916,1.34925
1748009488251.0,1.34918,1.34927
1748009488672.0,1.34917,1.34926
1748009490405.0,1.34916,1.34925
1748009491273.0,1.34917,1.34926
1748009492951.0,1.34916,1.34925
1748009493537.0,1.3492,1.34929
1748009493774.0,1.34921,1.3493
1748009494308.0,1.34924,1.34933
1748009498951.0,1.34928,1.34937
1748009499623.0,1.34928,1.34937
1748009502596.0,1.34927,1.34936
1748009504509.0,1.34931,1.3494
1748009504612.0,1.34935,1.34944
1748009508107.0,1.34934,1.34943
1748009509208.0,1.34938,1.34947
1748009509305.0,1.34941,1.3495
1748009510720.0,1.34942,1.34951
1748009511404.0,1.34944,1.34953
1748009513563.0,1.34943,1.34952
1748009516118.0,1.34944,1.34953
1748009516346.0,1.34948,1.34957
1748009518453.0,1.34949,1.34958
1748009519633.0,1.3495,1.34959
1748009519743.0,1.34952,1.34961
1748009520169.0,1.34951,1.3496
1748009520381.0,1.34952,1.34961
1748009521046.0,1.34953,1.34962
1748009521715.0,1.34957,1.34966
1748009522964.0,1.34951,1.3496
1748009523083.0,1.34949,1.34958
1748009524065.0,1.34946,1.34955
1748009524285.0,1.34945,1.34954
1748009524397.0,1.34942,1.34951
1748009524725.0,1.34943,1.34952
1748009526190.0,1.34942,1.34951
1748009526303.0,1.34943,1.34952
1748009528023.0,1.34942,1.34951
1748009528472.0,1.3494,1.34949
1748009529476.0,1.34941,1.3495
1748009529974.0,1.3494,1.34949
1748009530194.0,1.34941,1.3495
1748009531411.0,1.34943,1.34952
1748009531625.0,1.34946,1.34955
1748009532660.0,1.34945,1.34954
1748009533104.0,1.34953,1.34962
1748009533322.0,1.34955,1.34964
1748009534144.0,1.34954,1.34963
1748009534362.0,1.34955,1.34964
1748009535438.0,1.34954,1.34963
1748009537413.0,1.34955,1.34964
1748009538089.0,1.34955,1.34964
1748009538605.0,1.34954,1.34963
1748009539066.0,1.34948,1.34957
1748009539290.0,1.34947,1.34956
1748009540536.0,1.34948,1.34957
1748009540645.0,1.34947,1.34956
1748009541859.0,1.34948,1.34957
1748009543132.0,1.3495,1.34959
1748009543653.0,1.34956,1.34965
1748009543984.0,1.34957,1.34966
1748009544092.0,1.34958,1.34967
1748009544642.0,1.34957,1.34966
1748009544973.0,1.34956,1.34965
1748009545082.0,1.34955,1.34964
1748009546572.0,1.34956,1.34965
1748009546683.0,1.34959,1.34968
1748009547787.0,1.34958,1.34967
1748009548125.0,1.34959,1.34968
1748009548460.0,1.34958,1.34967
1748009548567.0,1.34955,1.34964
1748009549158.0,1.34955,1.34964
1748009550134.0,1.34956,1.34965
1748009550356.0,1.34955,1.34964
1748009550574.0,1.34955,1.34964
1748009550685.0,1.34957,1.34966
1748009551457.0,1.34955,1.34964
1748009551785.0,1.34956,1.34965
1748009552118.0,1.34955,1.34964
1748009552226.0,1.34952,1.34967
1748009553774.0,1.3495,1.34965
1748009554540.0,1.34949,1.34964
1748009554652.0,1.3495,1.34965
1748009557229.0,1.34951,1.34966
1748009560199.0,1.3495,1.34965
1748009562205.0,1.34951,1.34966
1748009564205.0,1.3495,1.34965
1748009566773.0,1.34951,1.34966
1748009570395.0,1.34959,1.34968
1748009570506.0,1.34955,1.34964
1748009571167.0,1.34956,1.34965
1748009571716.0,1.34957,1.34966
1748009572927.0,1.34956,1.34965
1748009573836.0,1.34954,1.34963
1748009574058.0,1.34944,1.34953
1748009574714.0,1.34946,1.34955
1748009574931.0,1.34947,1.34956
1748009576045.0,1.34948,1.34957
1748009577257.0,1.34951,1.3496
1748009577478.0,1.34958,1.34967
1748009579374.0,1.34961,1.3497
1748009579481.0,1.34959,1.34968
1748009579809.0,1.3496,1.34969
1748009580838.0,1.34959,1.34968
1748009581586.0,1.3496,1.34969
1748009582305.0,1.34961,1.3497
1748009582417.0,1.34962,1.34971
1748009582628.0,1.34961,1.3497
1748009584065.0,1.3496,1.34969
1748009585213.0,1.34959,1.34968
1748009586639.0,1.34963,1.34972
1748009587064.0,1.34962,1.34971
1748009587691.0,1.34963,1.34972
1748009592095.0,1.34964,1.34973
1748009593261.0,1.34959,1.34968
1748009593591.0,1.34955,1.34964
1748009594032.0,1.34957,1.34966
1748009594472.0,1.34959,1.34968
1748009595538.0,1.34958,1.34967
1748009595768.0,1.34959,1.34968
1748009598714.0,1.34962,1.34971
1748009598934.0,1.34959,1.34968
1748009599153.0,1.3496,1.34969
1748009601620.0,1.34958,1.34967
1748009601829.0,1.34954,1.34963
1748009605872.0,1.34955,1.34964
1748009606331.0,1.34954,1.34963
1748009606550.0,1.34955,1.34964
1748009607157.0,1.34962,1.34971
1748009607261.0,1.34964,1.34973
1748009609271.0,1.34957,1.34966
1748009610339.0,1.34953,1.34968
1748009611667.0,1.34958,1.34967
1748009612471.0,1.34957,1.34966
1748009612577.0,1.34958,1.34967
1748009612907.0,1.34962,1.34971
1748009613458.0,1.34961,1.3497
1748009614651.0,1.34962,1.34971
1748009615091.0,1.34962,1.34971
1748009616123.0,1.34959,1.34968
1748009617731.0,1.34958,1.34967
1748009618321.0,1.34957,1.34966
1748009618865.0,1.34956,1.34965
1748009618969.0,1.34958,1.34967
1748009619409.0,1.34959,1.34968
1748009619741.0,1.3496,1.34969
1748009619960.0,1.34961,1.3497
1748009620289.0,1.34959,1.34968
1748009621207.0,1.3496,1.34969
1748009623654.0,1.34963,1.34972
1748009623880.0,1.34964,1.34973
1748009624898.0,1.34962,1.34971
1748009625008.0,1.34963,1.34972
1748009626552.0,1.34962,1.34971
1748009629041.0,1.3496,1.34975
1748009629683.0,1.34961,1.34976
1748009630447.0,1.34972,1.34981
1748009630929.0,1.34974,1.34983
1748009631518.0,1.34975,1.34984
1748009631624.0,1.34974,1.34983
1748009638696.0,1.34968,1.34977
1748009638918.0,1.34968,1.34977
1748009640586.0,1.34967,1.34976
1748009640704.0,1.34965,1.34974
1748009641083.0,1.34966,1.34975
1748009641807.0,1.34967,1.34976
1748009642890.0,1.34968,1.34977
1748009642998.0,1.34969,1.34978
1748009643219.0,1.34968,1.34977
1748009644104.0,1.34967,1.34976
1748009645448.0,1.34966,1.34975
1748009646404.0,1.34967,1.34976
1748009647414.0,1.34964,1.34973
1748009648879.0,1.34965,1.34974
1748009651109.0,1.34964,1.34973
1748009652148.0,1.34969,1.34978
1748009652462.0,1.34971,1.3498
1748009652682.0,1.3497,1.34979
1748009652909.0,1.34965,1.34974
1748009653562.0,1.34965,1.34974
1748009654208.0,1.34967,1.34976
1748009655355.0,1.34968,1.34977
1748009660163.0,1.34964,1.34973
1748009660632.0,1.34967,1.34976
1748009660743.0,1.34965,1.34974
1748009661946.0,1.34966,1.34975
1748009662165.0,1.34967,1.34976
1748009662921.0,1.34966,1.34975
1748009663819.0,1.34968,1.34977
1748009665092.0,1.34967,1.34976
1748009667204.0,1.34968,1.34977
1748009667312.0,1.34967,1.34976
1748009668718.0,1.34973,1.34982
1748009670113.0,1.34974,1.34983
1748009671831.0,1.34975,1.34984
1748009672204.0,1.34974,1.34983
1748009672420.0,1.34973,1.34982
1748009674142.0,1.34968,1.34977
1748009674798.0,1.34967,1.34976
1748009675500.0,1.34965,1.34974
1748009677334.0,1.34968,1.34977
1748009677552.0,1.34964,1.34973
1748009679727.0,1.34965,1.34974
1748009682123.0,1.34964,1.34973
1748009686857.0,1.34965,1.34974
1748009687073.0,1.34967,1.34976
1748009688769.0,1.34968,1.34977
1748009688881.0,1.34969,1.34978
1748009689430.0,1.34968,1.34977
1748009690584.0,1.34963,1.34972
1748009693578.0,1.34964,1.34973
1748009698241.0,1.34963,1.34972
1748009699794.0,1.34961,1.3497
1748009700008.0,1.34962,1.34971
1748009700712.0,1.34963,1.34972
1748009708366.0,1.34966,1.34975
1748009708849.0,1.34965,1.34974
1748009710823.0,1.34974,1.34983
1748009717483.0,,1.34989
1748009717703.0,1.34972,1.34987
1748009718277.0,1.34973,1.34988
1748009721462.0,1.34974,1.34983
1748009723355.0,1.34973,1.34982
1748009724975.0,1.34974,1.34983
1748009725060.0,1.34976,1.34985
1748009726274.0,1.34975,1.34984
1748009726952.0,1.34974,1.34983
1748009729159.0,1.34968,1.34977
1748009729276.0,1.34969,1.34978
1748009733105.0,1.34967,1.34976
1748009734196.0,1.34974,1.34983
1748009734525.0,1.34964,1.34973
1748009735359.0,1.34965,1.34974
1748009735582.0,1.34964,1.34973
1748009738558.0,1.34965,1.34974
1748009741162.0,1.34971,1.34986
1748009743226.0,1.3497,1.34985
1748009743336.0,1.34971,1.34986
1748009746678.0,1.3497,1.34985
1748009746788.0,1.34971,1.34986
1748009747192.0,1.3497,1.34985
1748009749946.0,1.34971,1.34986
1748009750166.0,1.34976,1.34985
1748009750282.0,1.34975,1.34984
1748009753388.0,1.34976,1.34985
1748009754041.0,1.34975,1.34984
1748009754905.0,1.34967,1.34976
1748009755012.0,1.3497,1.34979
1748009755457.0,1.34973,1.34982
1748009758336.0,1.34974,1.34983
1748009758444.0,1.34975,1.34984
1748009760146.0,1.34974,1.34983
1748009762295.0,1.34981,1.3499
1748009762878.0,1.34975,1.34984
1748009763207.0,1.34973,1.34982
1748009763319.0,1.3497,1.34979
1748009765472.0,1.34972,1.34981
1748009765804.0,1.34974,1.34983
1748009766212.0,1.34975,1.34984
1748009767463.0,1.34976,1.34985
1748009767792.0,1.34975,1.34984
1748009768156.0,1.34977,1.34986
1748009770062.0,1.34975,1.34984
1748009770287.0,1.34974,1.34983
1748009770504.0,1.34975,1.34984
1748009770725.0,1.34976,1.34985
1748009772752.0,1.34975,1.34984
1748009773083.0,1.34976,1.34985
1748009774046.0,1.34978,1.34987
1748009777245.0,1.34975,1.34984
1748009778044.0,1.34981,1.3499
1748009778705.0,1.34982,1.34991
1748009780050.0,1.34983,1.34992
1748009780151.0,1.34981,1.3499
1748009780592.0,1.34983,1.34992
1748009782743.0,1.34982,1.34991
1748009782848.0,1.34978,1.34987
1748009785159.0,1.34981,1.3499
1748009785839.0,1.34977,1.34986
1748009788046.0,1.34972,1.34981
1748009793221.0,1.34968,1.34977
1748009794252.0,1.34966,1.34975
1748009795842.0,1.34965,1.34974
1748009796975.0,1.34964,1.34973
1748009797748.0,1.34958,1.34967
1748009798292.0,1.34955,1.34964
1748009799421.0,1.34956,1.34965
1748009799753.0,1.34958,1.34967
1748009800304.0,1.34959,1.34968
1748009800523.0,1.3496,1.34969
1748009800962.0,1.34959,1.34968
1748009801078.0,1.34958,1.34967
1748009801512.0,1.34959,1.34968
1748009802274.0,1.34962,1.34971
1748009802609.0,1.3496,1.34969
1748009803411.0,1.34962,1.34971
1748009803531.0,1.34964,1.34973
1748009808020.0,1.34963,1.34972
1748009808128.0,1.34964,1.34973
1748009810372.0,1.34964,1.34973
1748009810490.0,1.34963,1.34972
1748009812314.0,1.34964,1.34973
1748009813817.0,1.34961,1.3497
1748009814561.0,1.34963,1.34972
1748009818787.0,1.34964,1.34973
1748009819013.0,1.34966,1.34975
1748009819338.0,1.34967,1.34976
1748009821358.0,1.34959,1.34968
1748009821478.0,1.34958,1.34967
1748009822738.0,1.34957,1.34966
1748009823180.0,1.34959,1.34968
1748009823957.0,1.34958,1.34967
1748009825472.0,1.34959,1.34968
1748009825803.0,1.34964,1.34973
1748009826655.0,1.34962,1.34971
1748009826873.0,1.34962,1.34971
1748009828022.0,1.34961,1.3497
1748009828371.0,1.34963,1.34972
1748009833588.0,1.34964,1.34973
1748009836986.0,1.34958,1.34967
1748009837095.0,1.34959,1.34968
1748009838194.0,1.34963,1.34972
1748009839694.0,1.34963,1.34972
1748009841808.0,1.34962,1.34971
1748009841922.0,1.34961,1.3497
1748009842395.0,1.3496,1.34969
1748009842622.0,1.34959,1.34968
1748009843145.0,1.3496,1.34969
1748009843797.0,1.34959,1.34968
1748009844127.0,1.34963,1.34972
1748009844679.0,1.34962,1.34971
1748009845413.0,1.34963,1.34972
1748009846388.0,1.34964,1.34973
1748009847593.0,1.34963,1.34972
1748009851668.0,1.34965,1.34974
1748009853263.0,1.34966,1.34975
1748009853373.0,1.34969,1.34978
1748009853871.0,1.34968,1.34977
1748009853985.0,1.34967,1.34976
1748009854423.0,1.34966,1.34975
1748009854643.0,1.34967,1.34976
1748009855364.0,1.34965,1.34974
1748009855693.0,1.34964,1.34973
1748009857684.0,1.34967,1.34976
1748009859704.0,1.34969,1.34978
1748009862709.0,1.3497,1.34979
1748009862922.0,1.34969,1.34978
1748009863843.0,1.3497,1.34979
1748009864694.0,1.34974,1.34983
1748009865128.0,1.34973,1.34982
1748009866118.0,1.34976,1.34985
1748009866226.0,1.34978,1.34987
1748009866896.0,1.3498,1.34989
1748009870174.0,1.34976,1.34985
1748009870563.0,1.34977,1.34986
1748009871906.0,1.34968,1.34977
1748009872473.0,1.34967,1.34976
1748009873287.0,1.3497,1.34979
1748009873392.0,1.34973,1.34982
1748009875366.0,1.34974,1.34983
1748009876094.0,1.34973,1.34982
1748009876757.0,1.34971,1.3498
1748009876861.0,1.34972,1.34981
1748009880403.0,1.34973,1.34982
1748009882379.0,1.34972,1.34981
1748009883891.0,1.34974,1.34983
1748009885307.0,1.34971,1.3498
1748009885422.0,1.34967,1.34976
1748009886079.0,1.34966,1.34975
1748009886700.0,1.34967,1.34976
1748009887422.0,1.34964,1.34973
1748009889852.0,1.34963,1.34972
1748009889955.0,1.34964,1.34973
1748009890363.0,1.34965,1.34974
1748009891887.0,1.34964,1.34979
1748009892221.0,1.34965,1.3498
1748009892448.0,1.34972,1.34987
1748009893649.0,1.34971,1.34986
1748009894197.0,1.34972,1.34987
1748009894417.0,1.34971,1.34986
1748009894527.0,1.34972,1.34987
1748009897746.0,1.34968,1.34983
1748009897964.0,1.34971,1.34986
1748009899268.0,1.34972,1.34987
1748009899963.0,1.34975,1.34984
1748009900860.0,1.34976,1.34985
1748009901308.0,1.34974,1.34983
1748009901417.0,1.34975,1.34984
1748009902972.0,1.34973,1.34982
1748009904475.0,1.34972,1.34981
1748009906318.0,1.34973,1.34982
1748009907340.0,1.34972,1.34981
1748009907448.0,1.34973,1.34982
1748009908211.0,1.34972,1.34981
1748009908322.0,1.34973,1.34982
1748009910033.0,1.34972,1.34981
1748009910516.0,1.34973,1.34982
1748009910624.0,1.34969,1.34978
1748009912640.0,1.34978,1.34987
1748009915408.0,1.34977,1.34986
1748009915617.0,1.34974,1.34983
1748009916569.0,1.34969,1.34978
1748009916886.0,1.34971,1.3498
1748009916997.0,1.3497,1.34979
1748009917770.0,1.34972,1.34981
1748009919622.0,1.3497,1.34979
1748009919973.0,1.34971,1.3498
1748009920965.0,1.34972,1.34981
1748009922244.0,1.34973,1.34982
1748009922354.0,1.34974,1.34983
1748009922576.0,1.34973,1.34982
1748009923914.0,1.3498,1.34989
1748009924831.0,1.34983,1.34992
1748009926771.0,1.34981,1.3499
1748009928905.0,1.34978,1.34987
1748009930503.0,1.34977,1.34986
1748009930843.0,1.34976,1.34985
1748009931065.0,1.34978,1.34987
1748009931513.0,1.34977,1.34986
1748009931724.0,1.34974,1.34983
1748009932839.0,1.34973,1.34982
1748009937059.0,1.34974,1.34983
1748009937758.0,1.34975,1.34984
1748009938960.0,1.34973,1.34982
1748009939399.0,1.34975,1.34984
1748009939765.0,1.34977,1.34986
1748009940206.0,1.34978,1.34987
1748009941023.0,1.34977,1.34986
1748009941537.0,1.34978,1.34987
1748009941913.0,1.34977,1.34986
1748009942903.0,1.34978,1.34987
1748009945455.0,1.34977,1.34986
1748009947562.0,1.34976,1.34985
1748009947672.0,1.34975,1.34984
1748009947892.0,1.34976,1.34985
1748009949813.0,1.34975,1.34984
1748009951354.0,1.34974,1.34983
1748009951573.0,1.34974,1.34983
1748009951685.0,1.34975,1.34984
1748009953989.0,1.34973,1.34982
1748009963316.0,1.34974,1.34983
1748009966086.0,1.34975,1.34984
1748009968584.0,1.34969,1.34978
1748009973240.0,1.34964,1.34973
1748009974248.0,1.34965,1.34974
1748009977704.0,1.34967,1.34976
1748009977924.0,1.34974,1.34983
1748009982164.0,1.34982,1.34991
1748009982274.0,1.34979,1.34994
1748009982778.0,1.34978,1.34993
1748009982884.0,1.34977,1.34992
1748009983542.0,1.34978,1.34993
1748009983874.0,1.34982,1.34991
1748009987841.0,1.34978,1.34987
1748009987964.0,1.34977,1.34986
1748009988189.0,1.34975,1.34984
1748009991108.0,1.34977,1.34986
1748009992131.0,1.34974,1.34983
1748009993977.0,1.34975,1.34984
1748009994070.0,1.34974,1.34983
1748009995168.0,1.34973,1.34982
1748009999331.0,1.34975,1.34984
1748009999570.0,1.34976,1.34985
1748009999882.0,1.34973,1.34988
1748010001833.0,1.34974,1.34989
1748010004090.0,1.34973,1.34988
1748010004304.0,1.34969,1.34978
1748010005371.0,1.34968,1.34977
1748010010429.0,1.34965,1.34974
1748010014785.0,1.34966,1.34975
1748010019052.0,1.34964,1.34973
1748010021052.0,1.34965,1.34974
1748010022843.0,1.34964,1.34973
1748010023176.0,1.34965,1.34974
1748010025569.0,1.34974,1.34989
1748010026131.0,1.34973,1.34988
1748010028062.0,1.34975,1.34984
1748010029662.0,1.34974,1.34983
1748010031234.0,1.34976,1.34985
1748010031344.0,1.34977,1.34986
1748010031564.0,1.34972,1.34981
1748010034407.0,1.34971,1.3498
1748010034512.0,1.3497,1.34979
1748010034843.0,1.3497,1.34979
1748010036086.0,1.34973,1.34982
1748010039968.0,1.34968,1.34977
1748010040187.0,1.34969,1.34978
1748010042761.0,1.34968,1.34977
1748010044783.0,1.34967,1.34976
1748010044894.0,1.34962,1.34971
1748010045248.0,1.34964,1.34973
1748010046668.0,1.34963,1.34972
1748010048263.0,1.34965,1.34974
1748010049592.0,1.34967,1.34976
1748010049812.0,1.34966,1.34975
1748010049926.0,1.34967,1.34976
1748010050879.0,1.34964,1.34979
1748010061024.0,1.34966,1.34975
1748010062634.0,1.34967,1.34976
1748010062863.0,1.34966,1.34975
1748010063186.0,1.34967,1.34976
1748010063625.0,1.34956,1.34965
1748010063957.0,1.34961,1.3497
1748010064181.0,1.34961,1.3497
1748010065029.0,1.3496,1.34969
1748010065254.0,1.34958,1.34967
1748010067133.0,1.34957,1.34966
1748010067739.0,1.34956,1.34965
1748010068242.0,1.34962,1.34971
1748010068353.0,1.34964,1.34973
1748010071952.0,1.34957,1.34966
1748010072169.0,1.34957,1.34966
1748010072279.0,1.34958,1.34967
1748010072614.0,1.34957,1.34966
1748010075057.0,1.34959,1.34968
1748010075499.0,1.34963,1.34972
1748010077539.0,1.34964,1.34973
1748010078593.0,1.34957,1.34966
1748010079033.0,1.34962,1.34971
1748010079583.0,1.34955,1.34964
1748010079697.0,1.34954,1.34963
1748010080140.0,1.34955,1.34964
1748010080246.0,1.34956,1.34965
1748010084495.0,1.34957,1.34966
1748010085387.0,1.34956,1.34965
1748010090012.0,1.34948,1.34957
1748010090232.0,1.34943,1.34952
1748010090344.0,1.34944,1.34953
1748010093233.0,1.34945,1.34954
1748010093974.0,1.34944,1.34953
1748010094491.0,1.34945,1.34954
1748010095004.0,1.34944,1.34953
1748010097122.0,1.34945,1.34954
1748010097560.0,1.34944,1.34953
1748010098026.0,1.34943,1.34952
1748010098255.0,1.34941,1.3495
1748010099161.0,1.34938,1.34947
1748010099393.0,1.34939,1.34948
1748010101480.0,1.3494,1.34949
1748010101692.0,1.3494,1.34949
1748010103502.0,1.34941,1.3495
1748010104217.0,1.3494,1.34949
1748010105326.0,1.34941,1.3495
1748010105546.0,1.3494,1.34949
1748010106473.0,1.34944,1.34953
1748010106583.0,1.34946,1.34955
1748010107057.0,1.34945,1.34954
1748010109136.0,1.34944,1.34953
1748010110045.0,1.34945,1.34954
1748010111079.0,1.34953,1.34962
1748010111821.0,1.34952,1.34961
1748010111931.0,1.34954,1.34963
1748010112613.0,1.34955,1.34964
1748010115804.0,1.34959,1.34968
1748010121375.0,1.34964,1.34973
1748010122124.0,1.34959,1.34968
1748010122672.0,1.3496,1.34969
1748010123517.0,1.34959,1.34968
1748010123843.0,1.34963,1.34972
1748010124942.0,1.34964,1.34973
1748010125764.0,1.34965,1.34974
1748010127210.0,1.34968,1.34977
1748010127542.0,1.34975,1.34984
1748010127761.0,1.34981,1.3499
1748010128091.0,1.34981,1.3499
1748010128641.0,1.34982,1.34991
1748010128972.0,1.34983,1.34992
1748010129422.0,1.34984,1.34993
1748010131342.0,1.34985,1.34994
1748010132283.0,1.34984,1.34993
1748010132505.0,1.34985,1.34994
1748010136593.0,1.34984,1.34993
1748010137044.0,1.34983,1.34992
1748010138363.0,1.34982,1.34991
1748010139271.0,1.34983,1.34992
1748010140173.0,1.34986,1.34995
1748010140835.0,1.34985,1.34994
1748010141061.0,1.34984,1.34993
1748010141825.0,1.34992,1.35001
1748010142487.0,1.34991,1.35
1748010142706.0,1.34992,1.35001
1748010146194.0,1.35003,1.35012
1748010146412.0,1.34999,1.35008
1748010146522.0,1.34998,1.35007
1748010147072.0,1.34997,1.35006
1748010148108.0,1.34996,1.35005
1748010148318.0,1.34983,1.34992
1748010148531.0,1.34984,1.34993
1748010151198.0,1.34985,1.34994
1748010151308.0,1.34987,1.34996
1748010152082.0,1.34986,1.34995
1748010152307.0,1.34985,1.34994
1748010152413.0,1.34984,1.34993
1748010152637.0,1.34985,1.34994
1748010154411.0,1.34991,1.35
1748010154633.0,1.34989,1.34998
1748010157506.0,1.34992,1.35001
1748010157832.0,1.34994,1.35003
1748010159234.0,1.34992,1.35001
1748010161382.0,1.34991,1.35
1748010162352.0,1.34993,1.35002
1748010162726.0,1.34992,1.35001
1748010163153.0,1.34993,1.35002
1748010163263.0,1.34992,1.35001
1748010165079.0,1.34993,1.35002
1748010165405.0,1.34992,1.35001
1748010167008.0,1.34993,1.35002
1748010167232.0,1.34993,1.35002
1748010167671.0,1.34995,1.35004
1748010169352.0,1.34993,1.35002
1748010170164.0,1.34994,1.35003
1748010170277.0,1.34988,1.34997
1748010170606.0,1.34992,1.35001
1748010170718.0,1.34993,1.35002
1748010170934.0,1.3499,1.34999
1748010171047.0,1.34989,1.34998
1748010171648.0,1.34984,1.34993
1748010171983.0,1.34988,1.34997
1748010172210.0,1.34985,1.34994
1748010174207.0,1.34984,1.34993
1748010174427.0,1.34983,1.34992
1748010174647.0,1.34977,1.34986
1748010175307.0,1.34978,1.34987
1748010175527.0,1.34977,1.34986
1748010177609.0,1.34976,1.34985
1748010177830.0,1.34973,1.34982
1748010179257.0,1.34972,1.34981
1748010179586.0,1.34971,1.3498
1748010179966.0,1.34972,1.34981
1748010180080.0,1.34973,1.34982
1748010180421.0,1.34974,1.34983
1748010182605.0,1.34978,1.34987
1748010183653.0,1.34977,1.34986
1748010183767.0,1.34975,1.34984
1748010185423.0,1.34974,1.34983
1748010188895.0,1.3497,1.34979
1748010189119.0,1.34973,1.34982
1748010189883.0,1.34972,1.34981
1748010189993.0,1.34973,1.34982
1748010190330.0,1.34973,1.34982
1748010190654.0,1.34974,1.34983
1748010191093.0,1.34974,1.34983
1748010191207.0,1.34973,1.34982
1748010192647.0,1.34974,1.34983
1748010193546.0,1.34979,1.34988
1748010194107.0,1.34992,1.35001
1748010194213.0,1.34991,1.35
1748010194536.0,1.34987,1.35002
1748010195787.0,1.34986,1.35001
1748010196334.0,1.34989,1.35004
1748010196993.0,1.34994,1.35003
1748010198604.0,1.34997,1.35006
1748010198822.0,1.34996,1.35005
1748010199704.0,1.34996,1.35005
1748010199924.0,1.34997,1.35006
1748010200032.0,1.34996,1.35005
1748010201512.0,1.35001,1.3501
1748010201733.0,1.34997,1.35006
1748010202063.0,1.34995,1.35004
1748010202175.0,1.34996,1.35005
1748010202782.0,1.34991,1.35
1748010203543.0,1.34988,1.34997
1748010205748.0,1.34986,1.34995
1748010206937.0,1.34984,1.34993
1748010207047.0,1.34985,1.34994
1748010207492.0,1.34986,1.34995
1748010207935.0,1.34987,1.34996
1748010208726.0,1.34988,1.34997
1748010209978.0,1.34987,1.34996
1748010212634.0,1.34989,1.34998
1748010214292.0,1.3499,1.34999
1748010215686.0,1.34991,1.35
1748010215797.0,1.34993,1.35002
1748010216654.0,1.34994,1.35003
1748010217121.0,1.34995,1.35004
1748010218167.0,1.34998,1.35007
1748010218826.0,1.34993,1.35002
1748010226042.0,1.34992,1.35001
1748010226162.0,1.34991,1.35
1748010226379.0,1.34993,1.35002
1748010226704.0,1.34994,1.35003
1748010230536.0,1.34989,1.34998
1748010231068.0,1.34991,1.35
1748010231182.0,1.34992,1.35001
1748010231749.0,1.34993,1.35002
1748010232265.0,1.3499,1.34999
1748010232641.0,1.34989,1.34998
1748010233079.0,1.34988,1.34997
1748010233305.0,1.3499,1.34999
1748010233955.0,1.34989,1.34998
1748010235862.0,1.34992,1.35001
1748010235973.0,1.34991,1.35
1748010236913.0,1.34992,1.35001
1748010237022.0,1.34991,1.35
1748010237243.0,1.34992,1.35001
1748010237355.0,1.34991,1.35
1748010238522.0,1.34992,1.35001
1748010238632.0,1.34991,1.35
1748010238963.0,1.34993,1.35002
1748010242005.0,1.34998,1.35007
1748010242334.0,1.35,1.35009
1748010243020.0,1.34999,1.35008
1748010243129.0,1.34998,1.35007
1748010244142.0,1.34999,1.35008
1748010245633.0,1.35,1.35009
1748010246383.0,1.34998,1.35007
1748010247779.0,1.35,1.35009
1748010248223.0,1.34997,1.35006
1748010250315.0,1.34996,1.35005
1748010250807.0,1.34995,1.35004
1748010251755.0,1.34997,1.35006
1748010254549.0,1.34996,1.35005
1748010254880.0,1.34997,1.35006
1748010256134.0,1.35,1.35009
1748010256682.0,1.34997,1.35006
1748010257697.0,1.34994,1.35003
1748010258169.0,1.34989,1.34998
1748010258497.0,1.34996,1.35005
1748010258719.0,1.34996,1.35005
1748010259307.0,1.34994,1.35003
1748010262816.0,1.34998,1.35007
1748010262916.0,1.34997,1.35006
1748010263326.0,1.34996,1.35005
1748010264938.0,1.34998,1.35007
1748010265378.0,1.34998,1.35007
1748010266566.0,1.34997,1.35006
1748010269271.0,1.35001,1.3501
1748010269491.0,1.35002,1.35011
1748010270004.0,1.35001,1.3501
1748010270222.0,1.34999,1.35008
1748010270443.0,1.34997,1.35006
1748010270552.0,1.34995,1.35004
1748010271306.0,1.34993,1.35002
1748010274803.0,1.34994,1.35003
1748010274906.0,1.34993,1.35002
1748010275128.0,1.34994,1.35003
1748010277993.0,1.34995,1.35004
1748010278697.0,1.34996,1.35005
1748010281728.0,1.34995,1.35004
1748010290577.0,1.34998,1.35007
1748010290964.0,1.35,1.35009
1748010291076.0,1.34998,1.35007
1748010297577.0,1.34999,1.35008
1748010297691.0,1.34994,1.35003
1748010300261.0,1.34995,1.35004
1748010300386.0,1.34996,1.35005
1748010301383.0,1.34995,1.35004
1748010302904.0,1.34994,1.35003
1748010303453.0,1.34993,1.35002
1748010305828.0,1.3499,1.34999
1748010306275.0,1.34989,1.34998
1748010306489.0,1.3499,1.34999
1748010308009.0,1.34984,1.34993
1748010308229.0,1.34984,1.34993
1748010313358.0,1.34985,1.34994
1748010313468.0,1.34984,1.34993
1748010314143.0,1.34984,1.34993
1748010314362.0,1.34984,1.34993
1748010314641.0,1.34985,1.34994
1748010314861.0,1.34976,1.34985
1748010314988.0,1.34977,1.34986
1748010315081.0,1.34979,1.34988
1748010316189.0,1.3498,1.34989
1748010317871.0,1.34981,1.3499
1748010321076.0,1.34981,1.3499
1748010321414.0,1.3498,1.34989
1748010322109.0,1.34979,1.34988
1748010322327.0,1.34977,1.34986
1748010322442.0,1.34978,1.34987
1748010322914.0,1.34974,1.34983
1748010323973.0,1.34973,1.34982
1748010324305.0,1.34971,1.3498
1748010325474.0,1.34969,1.34978
1748010325876.0,1.3497,1.34979
1748010326278.0,1.34971,1.3498
1748010326924.0,1.3497,1.34979
1748010328980.0,1.34969,1.34978
1748010330208.0,1.3497,1.34979
1748010331274.0,1.34968,1.34977
1748010334647.0,1.34963,1.34972
1748010334851.0,1.34959,1.34968
1748010336093.0,1.34961,1.3497
1748010337223.0,1.34963,1.34972
1748010337332.0,1.34964,1.34973
1748010338606.0,1.3497,1.34979
1748010338715.0,1.34971,1.3498
1748010339162.0,1.34965,1.34974
1748010339383.0,1.34964,1.34973
1748010340048.0,1.34965,1.34974
1748010340488.0,1.3496,1.34969
1748010341767.0,1.34958,1.34967
1748010342246.0,1.34952,1.34961
1748010343478.0,1.34951,1.3496
1748010344194.0,1.34952,1.34961
1748010344794.0,1.34953,1.34962
1748010347606.0,1.34954,1.34963
1748010348870.0,1.34953,1.34962
1748010348981.0,1.34952,1.34961
1748010350034.0,1.34953,1.34962
1748010352298.0,1.34952,1.34961
1748010353055.0,1.34945,1.34954
1748010354662.0,1.34943,1.34952
1748010354998.0,1.34944,1.34953
1748010358898.0,1.34943,1.34952
1748010359337.0,1.34943,1.34952
1748010364752.0,1.34937,1.34946
1748010365183.0,1.34936,1.34945
1748010366034.0,1.34937,1.34946
1748010367941.0,1.3494,1.34949
1748010368043.0,1.34941,1.3495
1748010368560.0,1.34938,1.34947
1748010369574.0,1.34937,1.34946
1748010370281.0,1.34936,1.34945
1748010370504.0,1.34935,1.34944
1748010371506.0,1.34934,1.34943
1748010372782.0,1.34935,1.34944
1748010373113.0,1.34936,1.34945
1748010376303.0,1.34935,1.34944
1748010378786.0,1.34938,1.34947
1748010383194.0,1.34939,1.34948
1748010383707.0,1.34943,1.34952
1748010384177.0,1.34944,1.34953
1748010386352.0,1.34943,1.34952
1748010386675.0,1.34937,1.34946
1748010386891.0,1.34933,1.34942
1748010387125.0,1.34927,1.34936
1748010387444.0,1.34904,1.34913
1748010387664.0,1.34909,1.34918
1748010387772.0,1.34903,1.34912
1748010387998.0,1.34903,1.34912
1748010388213.0,1.34904,1.34913
1748010388542.0,1.34902,1.34911
1748010389038.0,1.34913,1.34922
1748010389257.0,1.34912,1.34921
1748010389697.0,1.34913,1.34922
1748010390137.0,1.34914,1.34923
1748010390246.0,1.34913,1.34922
1748010390467.0,1.34912,1.34921
1748010391135.0,1.34913,1.34922
1748010391456.0,1.34912,1.34921
1748010392337.0,1.34913,1.34922
1748010393334.0,1.34912,1.34921
1748010393554.0,1.34913,1.34922
1748010393666.0,1.34912,1.34921
1748010394325.0,1.34911,1.3492
1748010395404.0,1.34913,1.34922
1748010397594.0,1.34924,1.34933
1748010399693.0,1.34928,1.34937
1748010399796.0,1.34933,1.34942
1748010400565.0,1.34931,1.3494
1748010400787.0,1.34932,1.34941
1748010400897.0,1.34934,1.34943
1748010401115.0,1.34935,1.34944
1748010402251.0,1.34936,1.34945
1748010402471.0,1.34934,1.34943
1748010406074.0,1.34932,1.34941
1748010406190.0,1.34931,1.3494
1748010406517.0,1.34932,1.34941
1748010407540.0,1.34931,1.3494
1748010408198.0,1.34932,1.34941
1748010408681.0,1.34933,1.34942
1748010409692.0,1.34932,1.34941
1748010411473.0,1.34933,1.34942
1748010412394.0,1.34932,1.34941
1748010413188.0,1.34934,1.34943
1748010416785.0,1.34945,1.34954
1748010417005.0,1.34944,1.34953
1748010420426.0,1.34953,1.34962
1748010420755.0,1.34953,1.34962
1748010420868.0,1.34952,1.34961
1748010421104.0,1.34949,1.34958
1748010422704.0,1.3495,1.34959
1748010423472.0,1.34949,1.34958
1748010425324.0,1.34953,1.34962
1748010427561.0,1.34954,1.34963
1748010431691.0,1.34953,1.34962
1748010432283.0,1.34954,1.34963
1748010433208.0,1.34956,1.34965
1748010433322.0,1.34962,1.34971
1748010433762.0,1.34961,1.3497
1748010433868.0,1.3496,1.34969
1748010434382.0,1.34961,1.3497
1748010435026.0,1.3496,1.34969
1748010436013.0,1.34957,1.34966
1748010436240.0,1.34956,1.34965
1748010436347.0,1.34954,1.34963
1748010436694.0,1.34957,1.34966
1748010437021.0,1.3496,1.34969
1748010437135.0,1.34961,1.3497
1748010438130.0,1.34962,1.34971
1748010439597.0,1.34964,1.34973
1748010440363.0,1.34963,1.34972
1748010440586.0,1.34964,1.34973
1748010442804.0,1.34966,1.34975
1748010442908.0,1.34969,1.34978
1748010443130.0,1.34972,1.34981
1748010443237.0,1.34973,1.34982
1748010443899.0,1.34972,1.34981
1748010444451.0,1.34973,1.34982
1748010444564.0,1.34972,1.34981
1748010444888.0,1.34971,1.3498
1748010446808.0,1.34974,1.34983
1748010446917.0,1.34973,1.34982
1748010447578.0,1.34972,1.34981
1748010448733.0,1.34971,1.3498
1748010449685.0,1.34972,1.34981
1748010449908.0,1.34964,1.34973
1748010450126.0,1.34965,1.34974
1748010450454.0,1.34968,1.34977
1748010451151.0,1.34967,1.34976
1748010451467.0,1.34966,1.34975
1748010452124.0,1.34964,1.34973
1748010452230.0,1.34962,1.34971
1748010454463.0,1.34955,1.34964
1748010455404.0,1.34954,1.34963
1748010469446.0,1.34959,1.34968
1748010470292.0,1.34956,1.34965
1748010470689.0,1.34957,1.34966
1748010474278.0,1.34956,1.34965
1748010474496.0,1.34955,1.34964
1748010475120.0,1.34954,1.34963
1748010475229.0,1.34952,1.34961
1748010475451.0,1.34949,1.34958
1748010475671.0,1.34945,1.34954
1748010475791.0,1.34944,1.34953
1748010479495.0,1.34945,1.34954
1748010480124.0,1.34943,1.34952
1748010483040.0,1.34942,1.34951
1748010490772.0,1.3494,1.34949
1748010490991.0,1.34941,1.3495
1748010491322.0,1.3494,1.34949
1748010491804.0,1.3494,1.34949
1748010493405.0,1.34939,1.34948
1748010494804.0,1.34938,1.34947
1748010495175.0,1.34939,1.34948
1748010495669.0,1.34941,1.3495
1748010496000.0,1.34944,1.34953
1748010501144.0,1.34943,1.34952
1748010507990.0,1.34942,1.34951
1748010508929.0,1.34949,1.34958
1748010510013.0,1.34948,1.34957
1748010510113.0,1.34946,1.34955
1748010511191.0,1.34944,1.34953
1748010515098.0,1.34943,1.34952
1748010516982.0,1.34937,1.34946
1748010518138.0,1.34935,1.34944
1748010518373.0,1.34938,1.34947
1748010521464.0,1.34942,1.34951
1748010527710.0,1.34944,1.34953
1748010528150.0,1.34938,1.34947
1748010528259.0,1.34936,1.34945
1748010530112.0,1.34937,1.34946
1748010537165.0,1.34938,1.34947
1748010537777.0,1.34942,1.34951
1748010538438.0,1.34945,1.34954
1748010538658.0,1.34944,1.34953
1748010540356.0,1.3495,1.34959
1748010540457.0,1.34949,1.34958
1748010540677.0,1.34951,1.3496
1748010541021.0,1.34952,1.34961
1748010543605.0,1.34946,1.34955
1748010545809.0,1.34945,1.34954
1748010548106.0,1.34942,1.34951
1748010548213.0,1.34941,1.3495
1748010549987.0,1.34937,1.34946
1748010555713.0,1.34938,1.34947
1748010556180.0,1.3494,1.34949
1748010556947.0,1.34943,1.34952
1748010558443.0,1.34936,1.34945
1748010558661.0,1.34936,1.34945
1748010558997.0,1.34938,1.34947
1748010560059.0,1.34938,1.34947
1748010560279.0,1.34935,1.34944
1748010560734.0,1.34934,1.34943
1748010561051.0,1.3493,1.34939
1748010561164.0,1.34932,1.34941
1748010562135.0,1.34931,1.3494
1748010562998.0,1.34932,1.34941
1748010566152.0,1.3493,1.34939
1748010566376.0,1.34931,1.3494
1748010566704.0,1.34926,1.34935
1748010566922.0,1.34925,1.34934
1748010575049.0,1.34927,1.34936
1748010576157.0,1.34929,1.34938
1748010576905.0,1.34933,1.34942
1748010583109.0,1.34934,1.34943
1748010586430.0,1.34935,1.34944
1748010588406.0,1.34939,1.34948
1748010589189.0,1.34942,1.34951
1748010589521.0,1.34943,1.34952
1748010589627.0,1.34941,1.3495
1748010590929.0,1.34939,1.34948
1748010591042.0,1.34941,1.3495
1748010591479.0,1.34944,1.34953
1748010591703.0,1.34945,1.34954
1748010592034.0,1.34944,1.34953
1748010592251.0,1.34945,1.34954
1748010593330.0,1.34942,1.34951
1748010593434.0,1.34941,1.3495
1748010596912.0,1.34939,1.34948
1748010597854.0,1.34936,1.34945
1748010599390.0,1.34934,1.34943
1748010599966.0,1.34933,1.34942
1748010600187.0,1.34931,1.3494
1748010600406.0,1.34926,1.34935
1748010600736.0,1.34928,1.34937
1748010601286.0,1.3493,1.34939
1748010601396.0,1.34931,1.3494
1748010601615.0,1.3493,1.34939
1748010601837.0,1.34928,1.34937
1748010602171.0,1.3493,1.34939
1748010602277.0,1.34931,1.3494
1748010602838.0,1.34928,1.34937
1748010603045.0,1.34921,1.34936
1748010605068.0,1.3492,1.34935
1748010605620.0,1.34923,1.34938
1748010605839.0,1.34925,1.3494
1748010606169.0,1.34927,1.34942
1748010607197.0,1.34928,1.34943
1748010607306.0,1.34932,1.34941
1748010609585.0,1.34929,1.34938
1748010609803.0,1.34931,1.3494
1748010610132.0,1.34933,1.34942
1748010612010.0,1.34923,1.34938
1748010612231.0,1.34922,1.34937
1748010613445.0,1.3493,1.34939
1748010613865.0,1.34929,1.34938
1748010613975.0,1.34925,1.34934
1748010614307.0,1.34924,1.34933
1748010615624.0,1.34923,1.34932
1748010619415.0,1.34919,1.34928
1748010619522.0,1.34918,1.34927
1748010620424.0,1.34919,1.34928
1748010620864.0,1.3492,1.34929
1748010621218.0,1.34919,1.34928
1748010622020.0,1.34924,1.34933
1748010628543.0,1.34921,1.3493
1748010631077.0,1.34922,1.34931
1748010633409.0,1.3492,1.34929
1748010633627.0,1.34919,1.34928
1748010634796.0,1.34917,1.34926
1748010635017.0,1.34919,1.34928
1748010635144.0,1.34918,1.34927
1748010635519.0,1.34917,1.34926
1748010635957.0,1.34921,1.3493
1748010636507.0,1.34919,1.34928
1748010637172.0,1.3492,1.34929
1748010638692.0,1.34922,1.34931
1748010639241.0,1.34921,1.3493
1748010639792.0,1.3492,1.34929
1748010640124.0,1.3492,1.34929
1748010640343.0,1.34918,1.34927
1748010640710.0,1.34919,1.34928
1748010642430.0,1.34918,1.34927
1748010643924.0,1.34917,1.34926
1748010644144.0,1.34922,1.34931
1748010645537.0,1.34921,1.3493
1748010645645.0,1.34922,1.34931
1748010647485.0,1.34921,1.3493
1748010648168.0,1.34922,1.34931
1748010648287.0,1.34924,1.34933
1748010648848.0,1.34925,1.34934
1748010649445.0,1.34925,1.34934
1748010649660.0,1.34931,1.34946
1748010649789.0,1.34932,1.34947
1748010652372.0,1.34929,1.34944
1748010652591.0,1.34926,1.34941
1748010654247.0,1.3493,1.34939
1748010654745.0,1.34929,1.34938
1748010656608.0,1.34926,1.34935
1748010657723.0,1.34925,1.34934
1748010659056.0,1.34924,1.34933
1748010660614.0,1.34925,1.34934
1748010661164.0,1.34929,1.34938
1748010663599.0,1.34927,1.34936
1748010667333.0,1.34926,1.34935
1748010667993.0,1.34926,1.34935
1748010670164.0,1.34927,1.34936
1748010671195.0,1.34926,1.34935
1748010672366.0,1.34922,1.34931
1748010673216.0,1.34923,1.34932
1748010674159.0,1.34928,1.34937
1748010674925.0,1.34927,1.34936
1748010675694.0,1.34925,1.3494
1748010678123.0,1.3492,1.34929
1748010678454.0,1.34914,1.34923
1748010678564.0,1.34916,1.34925
1748010681335.0,1.34917,1.34926
1748010686243.0,1.34918,1.34927
1748010689787.0,1.34919,1.34928
1748010690191.0,1.34918,1.34927
1748010690755.0,1.34915,1.34924
1748010691558.0,1.34917,1.34926
1748010692438.0,1.34916,1.34925
1748010697614.0,1.34913,1.34922
1748010697744.0,1.34914,1.34923
1748010697945.0,1.34913,1.34922
1748010698285.0,1.34912,1.34921
1748010698933.0,1.34907,1.34916
1748010699273.0,1.349,1.34909
1748010699484.0,1.34894,1.34903
1748010699594.0,1.34896,1.34905
1748010699923.0,1.34895,1.34904
1748010700144.0,1.34897,1.34906
1748010701425.0,1.349,1.34909
1748010701789.0,1.34898,1.34907
1748010703164.0,1.34901,1.34916
1748010703500.0,1.34898,1.34913
1748010703604.0,1.34896,1.34911
1748010704338.0,1.34898,1.34907
1748010704441.0,1.34897,1.34906
1748010704857.0,1.34895,1.34904
1748010705407.0,1.34896,1.34905
1748010707404.0,1.34897,1.34906
1748010708010.0,1.34896,1.34905
1748010709022.0,1.34888,1.34897
1748010709243.0,1.34884,1.34899
1748010709951.0,1.34888,1.34897
1748010711678.0,1.34887,1.34896
1748010712339.0,1.34888,1.34897
1748010713664.0,1.34887,1.34896
1748010714305.0,1.34889,1.34898
1748010714637.0,1.34887,1.34896
1748010715735.0,1.34885,1.34894
1748010715845.0,1.34886,1.34895
1748010716459.0,1.34887,1.34896
1748010717118.0,1.34885,1.34894
1748010717579.0,1.34886,1.34895
1748010721074.0,1.34888,1.34897
1748010721275.0,1.34898,1.34907
1748010721383.0,1.34905,1.34914
1748010722319.0,1.34903,1.34912
1748010723404.0,1.34905,1.34914
1748010724223.0,1.34908,1.34917
1748010724329.0,1.34907,1.34916
1748010732225.0,1.34903,1.34912
1748010733067.0,1.34907,1.34916
1748010733287.0,1.34909,1.34918
1748010733507.0,1.34909,1.34918
1748010734187.0,1.34908,1.34917
1748010734512.0,1.34907,1.34916
1748010736766.0,1.34912,1.34921
1748010737314.0,1.34911,1.3492
1748010737975.0,1.34912,1.34921
1748010739122.0,1.34913,1.34922
1748010740430.0,1.34913,1.34922
1748010740648.0,1.34914,1.34923
1748010744493.0,1.34922,1.34931
1748010744742.0,1.34918,1.34927
1748010745374.0,1.34916,1.34925
1748010745818.0,1.34913,1.34928
1748010746370.0,1.34912,1.34927
1748010750686.0,1.34915,1.34924
1748010751126.0,1.34916,1.34925
1748010751566.0,1.34917,1.34926
1748010754365.0,1.34918,1.34927
1748010759804.0,1.34916,1.34925
1748010764582.0,1.34917,1.34926
1748010768413.0,1.34914,1.34923
1748010769246.0,1.34913,1.34922
1748010769352.0,1.34914,1.34923
1748010770141.0,1.34913,1.34922
1748010771837.0,1.34918,1.34927
1748010772059.0,1.3492,1.34929
1748010772604.0,1.3492,1.34929
1748010772716.0,1.34919,1.34928
1748010773063.0,1.34921,1.3493
1748010775748.0,1.34922,1.34931
1748010776940.0,1.34924,1.34933
1748010778984.0,1.34918,1.34927
1748010779444.0,1.34917,1.34926
1748010781680.0,1.34919,1.34928
1748010781765.0,1.34921,1.3493
1748010782427.0,1.34922,1.34931
1748010782751.0,1.34919,1.34928
1748010783746.0,1.34918,1.34927
1748010784072.0,1.34917,1.34926
1748010785008.0,1.34924,1.34933
1748010785820.0,1.34925,1.34934
1748010788727.0,1.34932,1.34941
1748010789049.0,1.34933,1.34942
1748010789269.0,1.34934,1.34943
1748010789599.0,1.34933,1.34942
1748010791566.0,1.34932,1.34941
1748010792569.0,1.34933,1.34942
1748010793263.0,1.34934,1.34943
1748010794225.0,1.34936,1.34945
1748010795505.0,1.34938,1.34947
1748010796451.0,1.34937,1.34946
1748010798743.0,1.34933,1.34942
1748010798980.0,1.34932,1.34941
1748010799562.0,1.34929,1.34938
1748010800007.0,1.34927,1.34936
1748010800606.0,1.34932,1.34941
1748010800828.0,1.34933,1.34942
1748010800938.0,1.34932,1.34941
1748010801378.0,1.3493,1.34939
1748010801720.0,1.34932,1.34941
1748010801817.0,1.34931,1.3494
1748010802822.0,1.34928,1.34937
1748010804346.0,1.34924,1.34933
1748010804566.0,1.34926,1.34935
1748010806582.0,1.34927,1.34936
1748010806688.0,1.34926,1.34935
1748010809438.0,1.34925,1.34934
1748010811065.0,1.34917,1.34926
1748010812868.0,1.34916,1.34925
1748010813358.0,1.34913,1.34922
1748010813468.0,1.34912,1.34921
1748010814173.0,1.34915,1.34924
1748010814279.0,1.34913,1.34922
1748010815403.0,1.34914,1.34923
1748010818637.0,1.34913,1.34922
1748010820878.0,1.34912,1.34921
1748010823193.0,1.34915,1.34924
1748010823933.0,1.34919,1.34928
1748010824265.0,1.34917,1.34926
1748010825969.0,1.34916,1.34925
1748010826079.0,1.34917,1.34926
1748010828424.0,1.34914,1.34923
1748010841561.0,1.34915,1.34924
1748010845123.0,1.34917,1.34926
1748010845927.0,1.34915,1.34924
1748010848753.0,1.34915,1.34924
1748010852099.0,1.34914,1.34923
1748010854790.0,1.34913,1.34922
1748010855442.0,1.34912,1.34921
1748010855663.0,1.34914,1.34923
1748010857556.0,1.34913,1.34922
1748010859159.0,1.34915,1.34924
1748010860512.0,1.34914,1.34923
1748010864533.0,1.34915,1.34924
1748010866892.0,1.34914,1.34929
1748010868193.0,1.34916,1.34931
1748010868853.0,1.34911,1.34926
1748010869396.0,1.3491,1.34925
1748010871086.0,1.34912,1.34927
1748010871454.0,1.34914,1.34923
1748010872714.0,1.34916,1.34925
1748010873043.0,1.34915,1.34924
1748010874516.0,1.34914,1.34923
1748010875119.0,1.34916,1.34925
1748010876754.0,1.34922,1.34931
1748010876969.0,1.3492,1.34935
1748010884906.0,1.34918,1.34933
1748010885255.0,1.34915,1.3493
1748010886184.0,,1.34924
1748010887938.0,1.34916,1.34925
1748010888306.0,1.34918,1.34927
1748010889039.0,1.34917,1.34926
1748010891331.0,1.34918,1.34927
1748010894735.0,1.34923,1.34932
1748010895932.0,1.34922,1.34931
1748010897839.0,1.34923,1.34932
1748010899696.0,1.34926,1.34935
1748010903448.0,1.34924,1.34933
1748010904550.0,1.3492,1.34935
1748010904654.0,1.34918,1.34933
1748010906136.0,1.3492,1.34935
1748010909279.0,1.34924,1.34933
1748010911987.0,1.34925,1.34934
1748010915403.0,1.34932,1.34941
1748010917112.0,1.34933,1.34942
1748010917807.0,1.34942,1.34951
1748010918166.0,1.34938,1.34947
1748010920476.0,1.34941,1.3495
1748010922465.0,1.34936,1.34951
1748010922796.0,1.34937,1.34952
1748010924158.0,1.34938,1.34953
1748010924378.0,1.34945,1.34954
1748010926505.0,1.34947,1.34956
1748010931183.0,1.34944,1.34953
1748010935663.0,1.34952,1.34961
1748010936982.0,1.34948,1.34957
1748010937091.0,1.34947,1.34956
1748010938274.0,1.34948,1.34957
1748010938824.0,1.34948,1.34957
1748010940062.0,1.34947,1.34956
1748010941199.0,1.3495,1.34959
1748010941310.0,1.34949,1.34958
1748010942474.0,1.3495,1.34959
1748010945389.0,1.34945,1.34954
1748010945719.0,1.34944,1.34953
1748010948246.0,1.34934,1.34943
1748010949170.0,1.34935,1.34944
1748010950135.0,1.34934,1.34943
1748010951140.0,1.34935,1.34944
1748010956331.0,1.34934,1.34943
1748010960089.0,1.34929,1.34938
1748010961186.0,1.34927,1.34936
1748010963412.0,1.34924,1.34933
1748010964927.0,1.34925,1.34934
1748010965148.0,1.34926,1.34935
1748010965257.0,1.34927,1.34936
1748010965733.0,1.34926,1.34935
1748010965948.0,1.34924,1.34933
1748010967852.0,1.34923,1.34932
1748010968806.0,1.34925,1.34934
1748010969126.0,1.34926,1.34935
1748010969235.0,1.34928,1.34937
1748010969675.0,1.34927,1.34936
1748010969788.0,1.34925,1.34934
1748010973062.0,1.34924,1.34933
1748010974043.0,1.34923,1.34932
1748010978716.0,1.34933,1.34942
1748010980258.0,1.34936,1.34945
1748010980472.0,1.34935,1.34944
1748010981167.0,1.34923,1.34932
1748010981280.0,1.34922,1.34931
1748010982372.0,1.34923,1.34932
1748010983513.0,1.34915,1.34924
1748010983624.0,1.34916,1.34925
1748010984420.0,1.34914,1.34923
1748010984639.0,1.34913,1.34922
1748010985677.0,1.34913,1.34922
1748010986177.0,1.34912,1.34921
1748010987111.0,1.34911,1.3492
1748010987479.0,1.34912,1.34921
1748010987588.0,1.34913,1.34922
1748010987699.0,1.34907,1.34916
1748010991198.0,1.3491,1.34919
1748010991527.0,1.34909,1.34918
1748010992322.0,1.34908,1.34917
1748010992547.0,1.34908,1.34917
1748010992875.0,1.34906,1.34915
1748010993422.0,1.34904,1.34913
1748010996562.0,1.34903,1.34912
1748010996670.0,1.34907,1.34916
1748010999060.0,,1.34922
1748010999537.0,1.34899,1.34914
1748011000158.0,1.34896,1.34911
1748011000392.0,1.34899,1.34914
1748011001370.0,1.34901,1.34916
1748011003416.0,1.34902,1.34917
1748011003632.0,1.34906,1.34915
1748011003965.0,1.34902,1.34911
1748011006625.0,1.34903,1.34912
1748011009367.0,1.34899,1.34908
1748011010085.0,1.34895,1.34904
1748011010195.0,1.34894,1.34903
1748011010703.0,1.34889,1.34898
1748011012879.0,1.34888,1.34897
1748011015522.0,1.34894,1.34903
1748011016320.0,1.34902,1.34911
1748011016540.0,1.34904,1.34913
1748011017160.0,1.34903,1.34912
1748011020203.0,1.34901,1.3491
1748011020420.0,1.34903,1.34912
1748011022469.0,1.34904,1.34913
1748011026144.0,1.34907,1.34916
1748011027746.0,1.34906,1.34915
1748011027856.0,1.34905,1.34914
1748011029812.0,1.34904,1.34913
1748011030126.0,1.34905,1.34914
1748011030222.0,1.34906,1.34915
1748011032283.0,1.34905,1.34914
1748011035448.0,1.34913,1.34922
1748011035911.0,1.34916,1.34925
1748011036437.0,1.34914,1.34923
1748011041742.0,1.34915,1.34924
1748011043941.0,1.34907,1.34916
1748011044951.0,1.34906,1.34915
1748011046915.0,1.34905,1.34914
1748011048410.0,1.34906,1.34915
1748011049486.0,1.34905,1.34914
1748011049600.0,1.34904,1.34913
1748011049815.0,1.34903,1.34912
1748011051885.0,1.34899,1.34908
1748011056112.0,1.34905,1.34914
1748011056552.0,1.34904,1.34913
1748011056774.0,1.34903,1.34912
1748011056998.0,1.34904,1.34913
1748011058195.0,1.34903,1.34912
1748011060238.0,1.34904,1.34913
1748011062124.0,1.34903,1.34912
1748011062982.0,1.34904,1.34913
1748011064322.0,1.34897,1.34906
1748011064877.0,1.34894,1.34903
1748011064980.0,1.34896,1.34905
1748011066655.0,1.34895,1.34904
1748011068314.0,1.34894,1.34903
1748011069059.0,1.34893,1.34902
1748011069963.0,1.34894,1.34903
1748011073769.0,1.34893,1.34902
1748011075006.0,1.34894,1.34903
1748011076611.0,1.34895,1.34904
1748011076724.0,1.34901,1.3491
1748011080435.0,1.34903,1.34912
1748011080765.0,1.34902,1.34911
1748011082641.0,1.34904,1.34913
1748011086528.0,1.34905,1.34914
1748011087482.0,1.34906,1.34915
1748011088294.0,,1.34921
1748011088402.0,1.34907,1.34922
1748011088975.0,1.34906,1.34921
1748011089403.0,1.34907,1.34922
1748011090628.0,1.34908,1.34917
1748011091445.0,1.34907,1.34916
1748011096779.0,1.34912,1.34927
1748011096992.0,1.34915,1.3493
1748011097762.0,1.34914,1.34929
1748011097981.0,1.34911,1.34926
1748011098579.0,1.34905,1.3492
1748011098802.0,1.34906,1.34921
1748011101058.0,1.34908,1.34917
1748011115524.0,1.34911,1.34926
1748011115744.0,1.34912,1.34927
1748011116075.0,1.34911,1.34926
1748011118788.0,1.34912,1.34927
1748011119961.0,1.34911,1.34926
1748011120762.0,1.34912,1.34927
1748011121231.0,1.3492,1.34929
1748011122198.0,1.34919,1.34928
1748011122588.0,1.3492,1.34929
1748011122923.0,1.34919,1.34928
1748011123250.0,1.34918,1.34927
1748011124200.0,1.34916,1.34925
1748011126436.0,1.34915,1.34924
1748011126546.0,1.34916,1.34925
1748011129412.0,1.34922,1.34931
1748011129521.0,1.34925,1.34934
1748011130189.0,1.34925,1.34934
1748011130408.0,1.34923,1.34932
1748011130522.0,1.34924,1.34933
1748011131238.0,1.34917,1.34926
1748011132615.0,1.34918,1.34927
1748011133889.0,1.34919,1.34934
1748011134403.0,1.34914,1.34929
1748011135452.0,1.34911,1.34926
1748011136564.0,1.34916,1.34925
1748011137082.0,1.34917,1.34926
1748011137646.0,1.34917,1.34926
1748011139759.0,1.34918,1.34927
1748011140144.0,1.34919,1.34928
1748011140361.0,1.3492,1.34929
1748011140738.0,1.34923,1.34932
1748011141778.0,1.34925,1.34934
1748011144137.0,1.34927,1.34936
1748011144945.0,1.34926,1.34935
1748011145385.0,1.34927,1.34936
1748011146641.0,1.34928,1.34937
1748011146864.0,1.34925,1.3494
1748011147191.0,1.34924,1.34939
1748011147781.0,1.34924,1.34939
1748011154366.0,1.34919,1.34934
1748011154477.0,1.34915,1.3493
1748011155355.0,1.34918,1.34927
1748011157017.0,1.34916,1.34925
1748011157457.0,1.34915,1.34924
1748011159972.0,1.34923,1.34938
1748011160615.0,1.34924,1.34933
1748011160830.0,1.3492,1.34929
1748011162029.0,1.34921,1.3493
1748011162362.0,1.34922,1.34931
1748011164695.0,1.34923,1.34932
1748011165093.0,1.34925,1.34934
1748011165198.0,1.34927,1.34936
1748011171213.0,1.34922,1.34931
1748011171329.0,1.34925,1.34934
1748011171764.0,1.34924,1.34933
1748011174869.0,1.34925,1.34934
1748011175512.0,1.34924,1.34933
1748011176210.0,1.34923,1.34932
1748011176450.0,1.34922,1.34931
1748011176759.0,1.34914,1.34923
1748011179679.0,1.34911,1.3492
1748011181082.0,1.34909,1.34918
1748011181994.0,1.34904,1.34913
1748011182563.0,1.34901,1.3491
1748011182909.0,1.34902,1.34911
1748011183556.0,1.34903,1.34912
1748011183776.0,1.34904,1.34913
1748011184128.0,1.34903,1.34912
1748011184455.0,1.34899,1.34908
1748011184564.0,1.349,1.34909
1748011184783.0,1.34898,1.34907
1748011186088.0,1.34894,1.34903
1748011188528.0,1.34897,1.34906
1748011194050.0,1.34903,1.34912
1748011194160.0,1.34899,1.34908
1748011195922.0,1.349,1.34909
1748011196145.0,1.34899,1.34908
1748011198252.0,1.34899,1.34908
1748011200211.0,1.34898,1.34907
1748011200434.0,1.34893,1.34902
1748011201064.0,1.34892,1.34901
1748011201991.0,1.34893,1.34902
1748011202105.0,1.34892,1.34901
1748011202327.0,1.34882,1.34891
1748011202653.0,1.34879,1.34888
1748011202988.0,1.34881,1.3489
1748011203222.0,1.34882,1.34891
1748011206126.0,1.34887,1.34896
1748011206913.0,1.34884,1.34899
1748011208541.0,1.34885,1.34894
1748011209723.0,1.34887,1.34896
1748011211707.0,1.34886,1.34895
1748011212175.0,1.34887,1.34896
1748011212980.0,1.34894,1.34903
1748011213089.0,1.34895,1.34904
1748011213315.0,1.34894,1.34903
1748011214279.0,1.34887,1.34896
1748011216028.0,1.34888,1.34897
1748011216691.0,1.34893,1.34902
1748011217129.0,1.34895,1.34904
1748011217733.0,1.34893,1.34902
1748011218497.0,1.34894,1.34903
1748011220438.0,1.34895,1.34904
1748011220548.0,1.34894,1.34903
1748011221533.0,1.34891,1.349
1748011221755.0,1.34894,1.34903
1748011221982.0,1.34895,1.3491
1748011222092.0,1.34898,1.34907
1748011227773.0,1.34897,1.34906
1748011229590.0,1.34894,1.34903
1748011234253.0,1.34903,1.34912
1748011234486.0,1.34905,1.34914
1748011235319.0,1.34904,1.34913
1748011236872.0,1.34902,1.34911
1748011239604.0,1.34896,1.34905
1748011240624.0,1.34894,1.34903
1748011242576.0,1.34892,1.34901
1748011243805.0,1.34888,1.34897
1748011244829.0,1.34887,1.34896
1748011246090.0,1.34889,1.34898
1748011247111.0,1.3489,1.34899
1748011249136.0,1.34889,1.34898
1748011249694.0,1.34888,1.34897
1748011249922.0,1.34889,1.34898
1748011250019.0,1.3489,1.34899
1748011254177.0,1.34892,1.34901
1748011254287.0,1.34893,1.34902
1748011254735.0,1.34896,1.34905
1748011255773.0,1.34895,1.34904
1748011255887.0,1.34893,1.34902
1748011256685.0,1.34888,1.34897
1748011257136.0,1.34887,1.34896
1748011258753.0,1.34888,1.34897
1748011260528.0,1.34893,1.34902
1748011261645.0,1.34894,1.34903
1748011264214.0,1.34896,1.34905
1748011264303.0,1.34895,1.34904
1748011264806.0,1.34896,1.34905
1748011266257.0,1.34901,1.3491
1748011266583.0,1.34903,1.34912
1748011268152.0,1.34905,1.34914
1748011269845.0,1.34904,1.34913
1748011272933.0,1.34905,1.34914
1748011273168.0,1.34904,1.34913
1748011274984.0,1.34899,1.34914
1748011275204.0,1.34898,1.34913
1748011276186.0,1.34895,1.3491
1748011277226.0,1.34901,1.34916
1748011278348.0,1.34902,1.34917
1748011278572.0,1.34913,1.34922
1748011278944.0,1.34912,1.34921
1748011279890.0,1.34913,1.34922
1748011281260.0,1.34916,1.34925
1748011281489.0,1.34918,1.34927
1748011281811.0,1.34922,1.34931
1748011282531.0,1.34921,1.3493
1748011283337.0,1.34922,1.34931
1748011283446.0,1.34921,1.3493
1748011284142.0,1.34916,1.34931
1748011284252.0,1.34915,1.3493
1748011284369.0,1.34916,1.34931
1748011284691.0,1.34919,1.34928
1748011286514.0,1.34918,1.34927
1748011287414.0,1.34917,1.34926
1748011288412.0,1.34918,1.34927
1748011289276.0,1.34919,1.34928
1748011289387.0,1.34918,1.34927
1748011290373.0,1.34917,1.34926
1748011292084.0,1.34914,1.34923
1748011296054.0,1.34911,1.34926
1748011297406.0,1.34912,1.34927
1748011299169.0,1.34908,1.34923
1748011299279.0,1.34911,1.3492
1748011301238.0,1.34912,1.34921
1748011301568.0,1.34913,1.34922
1748011303062.0,1.34915,1.34924
1748011304019.0,1.34914,1.34923
1748011305098.0,1.34911,1.3492
1748011305221.0,1.34905,1.34914
1748011307516.0,1.34898,1.34907
1748011308298.0,1.34901,1.3491
1748011308513.0,1.34902,1.34911
1748011309394.0,1.34899,1.34908
1748011310559.0,1.34895,1.34904
1748011311610.0,1.3489,1.34899
1748011311714.0,1.34891,1.349
1748011311931.0,1.3489,1.34899
1748011312041.0,1.34889,1.34898
1748011312753.0,1.34892,1.34901
1748011312861.0,1.34894,1.34903
1748011315074.0,1.34895,1.34904
1748011318953.0,1.34894,1.34903
1748011319184.0,1.34895,1.34904
1748011319880.0,1.34894,1.34903
1748011322403.0,1.34895,1.34904
1748011322508.0,1.34896,1.34905
1748011322915.0,1.34904,1.34913
1748011323027.0,1.34902,1.34911
1748011323147.0,1.34903,1.34912
1748011323363.0,1.34904,1.34913
1748011324135.0,1.34905,1.34914
1748011324237.0,1.34907,1.34916
1748011325244.0,1.34908,1.34917
1748011325469.0,1.3491,1.34919
1748011326445.0,1.34913,1.34922
1748011326536.0,1.34911,1.3492
1748011326746.0,1.34912,1.34921
1748011329011.0,1.34907,1.34916
1748011330377.0,1.34905,1.34914
1748011331137.0,1.34904,1.34913
1748011332407.0,1.34907,1.34916
1748011334060.0,1.34906,1.34915
1748011334870.0,1.34904,1.34913
1748011336405.0,1.34905,1.34914
1748011339168.0,1.34904,1.34913
1748011345430.0,1.34911,1.3492
1748011345542.0,1.34914,1.34923
1748011349403.0,1.34915,1.34924
1748011349510.0,1.34916,1.34925
1748011349730.0,1.34921,1.3493
1748011349950.0,1.34921,1.3493
1748011350058.0,1.34922,1.34931
1748011350499.0,1.34924,1.34933
1748011351107.0,1.34922,1.34931
1748011351978.0,1.34923,1.34932
1748011352326.0,1.34924,1.34933
1748011353569.0,1.34921,1.3493
1748011353679.0,1.3492,1.34929
1748011354556.0,1.34916,1.34925
1748011354774.0,1.34914,1.34923
1748011355247.0,1.34913,1.34922
1748011355358.0,1.34911,1.3492
1748011356914.0,1.34909,1.34918
1748011357954.0,1.34912,1.34921
1748011358958.0,1.34911,1.3492
1748011359072.0,1.34912,1.34921
1748011359929.0,1.34914,1.34923
1748011360027.0,1.34915,1.34924
1748011360464.0,1.34914,1.34923
1748011362578.0,1.34916,1.34925
1748011362803.0,1.34915,1.34924
1748011363784.0,1.34916,1.34925
1748011366303.0,1.34918,1.34927
1748011369745.0,1.34919,1.34928
1748011369968.0,1.34921,1.3493
1748011370416.0,1.3492,1.34929
1748011371578.0,1.34921,1.3493
1748011372272.0,1.34924,1.34933
1748011372377.0,1.34925,1.34934
1748011372838.0,1.34933,1.34942
1748011373933.0,1.34935,1.34944
1748011374867.0,1.34931,1.3494
1748011379036.0,1.34932,1.34941
1748011379675.0,1.34933,1.34942
1748011379786.0,1.34929,1.34944
1748011382795.0,1.34939,1.34948
1748011383030.0,1.34938,1.34953
1748011383331.0,1.34939,1.34954
1748011384750.0,1.34944,1.34959
1748011385669.0,1.34946,1.34955
1748011386152.0,1.34947,1.34956
1748011392906.0,1.34948,1.34957
1748011393016.0,1.34947,1.34956
1748011393127.0,1.34949,1.34958
1748011394962.0,1.3495,1.34959
1748011397537.0,1.34949,1.34958
1748011398318.0,1.3495,1.34959
1748011398867.0,1.34954,1.34963
1748011399105.0,1.34945,1.3496
1748011399527.0,1.34944,1.34959
1748011399857.0,1.34943,1.34958
1748011400187.0,1.34944,1.34959
1748011400515.0,1.34943,1.34958
1748011402240.0,1.34946,1.34955
1748011402350.0,1.34943,1.34952
1748011402572.0,1.34941,1.3495
1748011402680.0,1.34942,1.34951
1748011407648.0,1.34939,1.34948
1748011408089.0,1.34937,1.34952
1748011408816.0,1.34938,1.34953
1748011408927.0,1.34943,1.34952
1748011410571.0,1.3494,1.34949
1748011412206.0,1.34938,1.34947
1748011412427.0,1.34937,1.34946
1748011412648.0,1.34934,1.34943
1748011412869.0,1.34933,1.34942
1748011413674.0,1.34931,1.34946
1748011414288.0,1.3493,1.34945
1748011414609.0,1.34931,1.34946
1748011414938.0,1.3493,1.34945
1748011415268.0,1.34929,1.34944
1748011415381.0,1.34927,1.34942
1748011415490.0,1.34925,1.3494
1748011416370.0,1.34924,1.34939
1748011419333.0,1.34925,1.34934
1748011419552.0,1.34922,1.34937
1748011420838.0,1.34925,1.34934
1748011421043.0,1.34922,1.34937
1748011421708.0,1.34925,1.3494
1748011421822.0,1.34926,1.34941
1748011422148.0,1.34927,1.34942
1748011422368.0,1.34928,1.34943
1748011423181.0,1.34935,1.34944
1748011425811.0,1.34934,1.34943
1748011426823.0,1.34933,1.34942
1748011426938.0,1.34925,1.34952
1748011427451.0,,1.34953
1748011428225.0,1.34924,1.34952
1748011429448.0,1.34923,1.34953
1748011429834.0,1.34924,1.34952
1748011430055.0,1.34923,1.34953
1748011430274.0,1.34924,1.34952
1748011430385.0,1.34923,1.34953
1748011430606.0,1.34924,1.34952
1748011431182.0,1.34923,1.34953
1748011431402.0,1.34925,1.34951
1748011431622.0,,1.34952
1748011432386.0,1.34934,1.34957
1748011432505.0,1.34933,
1748011432978.0,1.34935,1.34959
1748011435473.0,1.34938,1.34962
1748011435582.0,1.3494,
1748011435693.0,1.34941,
1748011437160.0,1.34944,1.34959
1748011438229.0,1.34943,1.34958
1748011440952.0,1.34941,1.34956
1748011451055.0,1.34938,1.34962
1748011451275.0,1.34939,1.3496
1748011451603.0,,1.34961
1748011452562.0,,1.3496
1748011454725.0,1.34936,1.34951
1748011454838.0,1.3494,1.34955
1748011455058.0,1.34941,1.34956
1748011455498.0,1.3494,1.34955
1748011455610.0,1.34941,1.34956
1748011456603.0,1.3494,1.34955
1748011456934.0,1.34941,1.34956
1748011457873.0,1.3494,1.34955
1748011459048.0,1.34939,1.34954
1748011460982.0,1.3494,1.34955
1748011461203.0,1.3494,1.34955
1748011465880.0,1.34936,1.34951
1748011466102.0,1.34931,1.34952
1748011466429.0,1.34933,1.34948
1748011467166.0,1.34931,1.34952
1748011469104.0,1.34933,1.34958
1748011469213.0,1.34932,1.34957
1748011469877.0,,1.34954
1748011470221.0,1.34933,1.34957
1748011470319.0,,1.34958
1748011470646.0,1.34931,1.34956
1748011470866.0,1.34932,1.34955
1748011471334.0,1.34933,1.34956
1748011471557.0,1.34932,1.34957
1748011472637.0,1.34934,1.34959
1748011473297.0,1.34931,1.34954
1748011474547.0,1.34928,1.3495
1748011475166.0,1.34929,1.34952
1748011475653.0,1.3493,
1748011478240.0,,1.34953
1748011478331.0,1.34932,1.34957
1748011478742.0,1.34933,1.34958
1748011479059.0,1.34931,1.34956
1748011479385.0,1.34932,
1748011480406.0,,1.34957
1748011481074.0,1.34931,1.34955
1748011481294.0,,1.34956
1748011481513.0,1.34932,
1748011483595.0,1.34932,
1748011484790.0,1.34925,1.34946
1748011484899.0,1.34926,1.34947
1748011485009.0,,1.34948
1748011486374.0,1.3493,1.34945
1748011486872.0,1.34929,1.34944
1748011487322.0,1.3493,1.34945
1748011490598.0,1.34933,1.34948
1748011490705.0,1.3493,1.34952
1748011492752.0,1.34932,1.34947
1748011493951.0,1.34931,1.34946
1748011494168.0,1.3493,1.34945
1748011496225.0,1.34931,1.34946
1748011497705.0,1.34926,1.34941
1748011499758.0,1.34923,1.34945
1748011500203.0,1.34921,
1748011500310.0,,1.34943
1748011501272.0,1.34926,1.3495
1748011501492.0,1.34927,1.34949
1748011504814.0,1.34932,1.34947
1748011504925.0,1.34931,1.34946
1748011505823.0,1.34932,1.34947
1748011506853.0,1.34931,1.34946
1748011509214.0,1.3493,1.34945
1748011509763.0,1.34926,1.3495
1748011510191.0,1.34927,
1748011510562.0,1.34926,1.34948
1748011510671.0,1.34922,1.34946
1748011510898.0,1.34932,1.34947
1748011511002.0,1.34931,1.34946
1748011515014.0,1.34932,1.34947
1748011515470.0,1.34931,1.34946
1748011516354.0,1.34932,1.34947
1748011516465.0,1.34931,1.34946
1748011516687.0,1.34932,1.34947
1748011518088.0,1.34942,1.34957
1748011518304.0,1.34941,1.34956
1748011519172.0,1.34942,1.34957
1748011519849.0,1.34939,1.3496
1748011520290.0,1.34942,1.34957
1748011521523.0,1.34941,1.34962
1748011521747.0,1.34944,1.34959
1748011522290.0,1.34943,1.34958
1748011522619.0,1.34945,1.3496
1748011522839.0,1.34943,1.34958
1748011523064.0,1.34942,1.34957
1748011524108.0,1.34941,1.34956
1748011528108.0,1.34942,1.34957
1748011528211.0,1.34941,1.34956
1748011528326.0,1.3494,1.34955
1748011532655.0,1.34943,1.34958
1748011537297.0,1.34935,1.3495
1748011537915.0,1.34931,1.34946
1748011538022.0,1.3493,1.34945
1748011538573.0,1.3492,1.34935
1748011538681.0,1.34921,1.34936
1748011539014.0,1.34919,1.34934
1748011539233.0,1.34918,1.34933
1748011539469.0,1.34918,1.34933
1748011539562.0,1.34914,1.34929
1748011540333.0,1.34913,1.34928
1748011540552.0,1.3491,1.34925
1748011540673.0,1.34903,1.34918
1748011540772.0,1.34892,1.34901
1748011540993.0,1.34889,1.34898
1748011541105.0,1.3489,1.34899
1748011541322.0,1.34889,1.34898
1748011541652.0,1.34892,1.34901
1748011541764.0,1.34897,1.34906
1748011541873.0,1.34896,1.34905
1748011542092.0,1.34883,1.34892
1748011542205.0,1.34877,1.34886
1748011542534.0,1.34883,1.34892
1748011542648.0,1.34887,1.34896
1748011542756.0,1.34889,1.34898
1748011542975.0,1.34888,1.34897
1748011543192.0,1.34887,1.34896
1748011543304.0,1.34888,1.34897
1748011543415.0,1.34893,1.34902
1748011543742.0,1.34897,1.34906
1748011543965.0,1.34893,1.34902
1748011544073.0,1.34882,1.34897
1748011544182.0,1.34881,1.34896
1748011544743.0,1.34875,1.3489
1748011544844.0,1.34879,1.34888
1748011545063.0,1.34881,1.3489
1748011545514.0,1.34887,1.34896
1748011545850.0,1.34886,1.34895
1748011546188.0,1.34882,1.34891
1748011546540.0,1.34886,1.34895
1748011546647.0,1.34893,1.34902
1748011547214.0,1.34894,1.34903
1748011548877.0,1.34897,1.34906
1748011550267.0,1.34904,1.34913
1748011550477.0,1.34905,1.34914
1748011551150.0,1.34913,1.34922
1748011551259.0,1.34917,1.34926
1748011551498.0,1.34919,1.34928
1748011551588.0,1.3492,1.34929
1748011551809.0,1.34921,1.3493
1748011552031.0,1.34919,1.34928
1748011552687.0,1.34918,1.34927
1748011553024.0,1.34916,1.34925
1748011553130.0,1.34917,1.34926
1748011554446.0,1.34921,1.3493
1748011554555.0,1.3492,1.34929
1748011555447.0,1.34919,1.34928
1748011556649.0,1.34925,1.34934
1748011558245.0,1.34923,1.34932
1748011560466.0,1.34922,1.34931
1748011560687.0,1.34924,1.34933
1748011560921.0,1.34923,1.34932
1748011562680.0,1.34925,1.34934
1748011562790.0,1.34924,1.34933
1748011563543.0,1.34925,1.34934
1748011563925.0,1.34928,1.34937
1748011564029.0,1.34927,1.34936
1748011564443.0,1.34926,1.34935
1748011564659.0,1.34924,1.34933
1748011565797.0,1.34917,1.34926
1748011566394.0,1.34918,1.34927
1748011568327.0,1.34919,1.34928
1748011569574.0,1.34917,1.34926
1748011571580.0,1.34914,1.34929
1748011574535.0,1.34912,1.34936
1748011574757.0,,1.34935
1748011574861.0,1.34911,1.34936
1748011575981.0,1.34912,1.34934
1748011576972.0,1.34911,1.34933
1748011577197.0,1.34912,1.34935
1748011578913.0,,1.34934
1748011579019.0,1.34911,
1748011579383.0,1.34912,1.34936
1748011579909.0,1.34913,1.34935
1748011580131.0,1.34912,1.34936
1748011580872.0,,1.34937
1748011581263.0,,1.34935
1748011581373.0,1.34913,1.34937
1748011581592.0,1.34915,
1748011581709.0,1.34913,1.34934
1748011582706.0,1.34912,
1748011583156.0,1.34913,1.34936
1748011583266.0,1.34912,1.34935
1748011586047.0,,1.34937
1748011587222.0,,1.34936
1748011588632.0,1.34911,1.34933
1748011590427.0,1.34912,1.34934
1748011590648.0,1.34913,1.34935
1748011594089.0,1.34921,1.34936
1748011608072.0,1.34927,1.34942
1748011608180.0,1.34919,
1748011610559.0,1.34918,
1748011610669.0,,1.3494
1748011612333.0,1.34931,1.34946
1748011612794.0,1.3493,1.34945
1748011612905.0,1.34929,1.34944
1748011613237.0,1.3493,1.34945
1748011613951.0,1.34931,1.34946
1748011615886.0,1.34932,1.34947
1748011616218.0,1.34926,1.34948
1748011618144.0,1.34927,1.34949
1748011618526.0,1.34926,1.34941
1748011618637.0,1.34925,1.3494
1748011618857.0,,1.34947
1748011618972.0,1.34927,1.34949
1748011620068.0,1.34926,
1748011621075.0,1.34927,
1748011623013.0,1.3493,1.34945
1748011623905.0,1.34931,1.34946
1748011624124.0,1.34932,1.34947
1748011624692.0,1.34935,1.3495
1748011624808.0,1.34934,1.34949
1748011625457.0,1.34936,1.34951
1748011626154.0,1.34935,1.3495
1748011626595.0,1.34934,1.34949
1748011626709.0,1.34932,1.34947
1748011626814.0,1.34934,1.34949
1748011627034.0,1.34935,1.3495
1748011628660.0,1.34933,1.34948
1748011629908.0,1.34932,1.34947
1748011632540.0,1.34936,1.34951
1748011633524.0,1.34937,1.34952
1748011633747.0,1.34936,1.34951
1748011634243.0,1.34939,1.34954
1748011634660.0,1.34937,1.34952
1748011635427.0,1.3494,1.34955
1748011635754.0,1.34943,1.34958
1748011635978.0,1.34942,1.34957
1748011636103.0,1.34944,1.34959
1748011636306.0,1.34945,1.3496
1748011636636.0,1.34946,1.34961
1748011637076.0,1.34947,1.34962
1748011637415.0,1.34948,1.34963
1748011637630.0,1.34947,1.34962
1748011638964.0,1.34946,1.34961
1748011639505.0,1.34942,1.34957
1748011639611.0,1.34944,1.34959
1748011640659.0,1.34942,1.34957
1748011641990.0,1.34941,1.34956
1748011644449.0,1.34938,1.34953
1748011644557.0,1.3494,1.34955
1748011644791.0,1.34938,1.34953
1748011644893.0,1.34935,1.3495
1748011647735.0,1.34933,1.34948
1748011648498.0,1.34932,1.34947
1748011652081.0,1.34931,1.34946
1748011652305.0,1.3493,1.34945
1748011653556.0,1.34931,1.34946
1748011654333.0,1.34927,1.34942
1748011654779.0,1.34928,1.34943
1748011655444.0,1.34926,1.34941
1748011657020.0,1.34925,1.3494
1748011658332.0,1.34928,1.34943
1748011659554.0,1.3493,1.34945
1748011659664.0,1.34931,1.34946
1748011662660.0,1.3493,1.34945
1748011663609.0,1.34931,1.34946
1748011664584.0,1.3493,1.34945
1748011665669.0,1.34931,1.34946
1748011665886.0,1.3493,1.34945
1748011666981.0,1.34931,1.34946
1748011667092.0,1.34932,1.34947
1748011670690.0,1.34931,1.34946
1748011672837.0,1.34941,1.34956
1748011678055.0,1.34944,1.34959
1748011679066.0,1.34943,1.34958
1748011681984.0,1.34944,1.34959
1748011683128.0,1.34946,1.34961
1748011683224.0,1.34944,1.34959
1748011685507.0,1.34945,1.3496
1748011686622.0,1.34946,1.34961
1748011686842.0,1.34945,1.3496
1748011686952.0,1.34946,1.34961
1748011688169.0,1.34948,1.34963
1748011688281.0,1.34946,1.34961
1748011688494.0,1.34946,1.34961
1748011692082.0,1.34941,1.34956
1748011700924.0,1.34943,1.34958
1748011701320.0,1.34942,1.34957
1748011701994.0,1.34941,1.34956
1748011703554.0,1.3494,1.34955
1748011703665.0,1.34941,1.34956
1748011704668.0,1.34942,1.34957
1748011705692.0,1.34947,1.34962
1748011709609.0,1.34949,1.34964
1748011713651.0,1.3495,1.34965
1748011722658.0,1.34955,1.34964
1748011724579.0,1.34953,1.34962
1748011731135.0,1.34954,1.34963
1748011731636.0,1.34953,1.34962
1748011737454.0,1.34961,1.3497
1748011737554.0,1.34958,1.34967
1748011737774.0,1.34953,1.34962
1748011737995.0,1.34955,1.34964
1748011739070.0,1.34956,1.34965
1748011740051.0,1.34955,1.34964
1748011740158.0,1.34954,1.34963
1748011740709.0,1.34955,1.34964
1748011744097.0,1.34953,1.34968
1748011744319.0,1.34954,1.34969
1748011745129.0,1.34955,1.34964
1748011745236.0,1.34951,1.3496
1748011745457.0,1.34947,1.34962
1748011745566.0,1.3495,1.34965
1748011745972.0,1.34952,1.34967
1748011748891.0,1.3495,1.34965
1748011749710.0,1.34951,1.3496
1748011750578.0,1.34952,1.34961
1748011752266.0,1.34947,1.34956
1748011752495.0,1.34948,1.34957
1748011752723.0,1.34947,1.34956
1748011752816.0,1.34943,1.34952
1748011753309.0,1.34947,1.34956
1748011755842.0,1.34946,1.34955
1748011757455.0,1.34944,1.34953
1748011757674.0,1.34945,1.34954
1748011757786.0,1.34947,1.34956
1748011757895.0,1.34945,1.34954
1748011758353.0,1.34943,1.34952
1748011759409.0,1.34944,1.34953
1748011762804.0,1.34952,1.34961
1748011762904.0,1.34953,1.34962
1748011763013.0,1.34954,1.34963
1748011764207.0,1.34953,1.34962
1748011765088.0,1.34952,1.34961
1748011765505.0,1.34943,1.34952
1748011765620.0,1.34942,1.34951
1748011767193.0,1.34939,1.34954
1748011769863.0,1.34939,1.34954
1748011770750.0,1.34944,1.34953
1748011770853.0,1.34945,1.34954
1748011770969.0,1.34947,1.34956
1748011773355.0,1.34952,1.34961
1748011773898.0,1.34951,1.3496
1748011775630.0,1.34949,1.34958
1748011775956.0,1.34948,1.34957
1748011776510.0,1.34947,1.34956
1748011778096.0,1.34948,1.34957
1748011778865.0,1.34944,1.34953
1748011780394.0,1.34938,1.34947
1748011781069.0,1.34939,1.34948
1748011783185.0,1.34942,1.34951
1748011783515.0,1.34944,1.34953
1748011783625.0,1.34943,1.34952
1748011784172.0,1.34944,1.34953
1748011787027.0,1.34942,1.34951
1748011787870.0,1.34941,1.3495
1748011790964.0,1.34947,1.34956
1748011793162.0,1.34944,1.34953
1748011798072.0,1.3495,1.34959
1748011798626.0,1.34951,1.3496
1748011799299.0,1.34952,1.34961
1748011800169.0,1.34951,1.3496
1748011800278.0,1.34952,1.34961
1748011801325.0,1.34948,1.34957
1748011801771.0,1.34947,1.34956
1748011802271.0,1.34948,1.34957
1748011802864.0,1.3495,1.34959
1748011805170.0,1.34949,1.34958
1748011805390.0,1.34952,1.34961
1748011805498.0,1.34953,1.34962
1748011808028.0,1.34949,1.34958
1748011808241.0,1.3495,1.34959
1748011808363.0,1.34951,1.3496
1748011809128.0,1.34953,1.34962
1748011810158.0,1.34952,1.34961
1748011810269.0,1.34947,1.34956
1748011810603.0,1.34948,1.34957
1748011811920.0,1.34947,1.34956
1748011813692.0,1.34948,1.34957
1748011816047.0,1.34947,1.34956
1748011819231.0,1.34954,1.34963
1748011820625.0,1.34952,1.34961
1748011821134.0,1.34954,1.34963
1748011824073.0,1.34953,1.34962
1748011824892.0,1.34952,1.34961
1748011827149.0,1.34953,1.34962
1748011828831.0,1.34951,1.3496
1748011829049.0,1.3495,1.34959
1748011829930.0,1.34953,1.34962
1748011830866.0,1.34955,1.34964
1748011831086.0,1.34961,1.34976
1748011831196.0,1.34962,1.34977
1748011831534.0,1.34964,1.34979
1748011831968.0,1.34963,1.34978
1748011832076.0,1.34958,1.34973
1748011832305.0,1.3496,1.34975
1748011832536.0,1.34961,1.34976
1748011833231.0,,1.3497
1748011833339.0,1.34963,1.34972
1748011833560.0,1.34964,1.34973
1748011833782.0,1.34965,1.34974
1748011833892.0,1.34966,1.34975
1748011834009.0,1.34963,1.34978
1748011834552.0,1.34971,1.3498
1748011834660.0,1.34972,1.34981
1748011836020.0,1.34969,1.34984
1748011836125.0,1.34968,1.34983
1748011836454.0,1.34969,1.34984
1748011838067.0,1.34967,1.34982
1748011839006.0,1.34968,1.34983
1748011839220.0,1.34965,1.3498
1748011840508.0,1.34967,1.34982
1748011841060.0,1.34966,1.34981
1748011841175.0,1.34965,1.3498
1748011841390.0,1.34964,1.34979
1748011841719.0,1.34965,1.3498
1748011842176.0,1.34967,1.34982
1748011842283.0,1.34968,1.34983
1748011842392.0,1.34971,1.3498
1748011843958.0,1.34969,1.34978
1748011845511.0,1.34968,1.34977
1748011845730.0,1.34969,1.34978
1748011847562.0,1.3497,1.34979
1748011848267.0,1.34971,1.3498
1748011848752.0,1.34966,1.34975
1748011848874.0,1.34965,1.34974
1748011849746.0,1.34969,1.34978
1748011849853.0,1.34968,1.34977
1748011850292.0,1.34967,1.34976
1748011853633.0,1.34968,1.34977
1748011853747.0,1.34965,1.34974
1748011854884.0,1.34966,1.34975
1748011856411.0,1.34967,1.34976
1748011856626.0,1.34966,1.34975
1748011857689.0,1.34964,1.34979
1748011857900.0,1.34963,1.34978
1748011858392.0,1.34964,1.34979
1748011858607.0,1.34964,1.34979
1748011860212.0,1.34966,1.34981
1748011862391.0,1.34968,1.34983
1748011862612.0,1.34981,1.3499
1748011862722.0,1.34984,1.34993
1748011862837.0,1.34983,1.34992
1748011863165.0,1.34984,1.34993
1748011865673.0,1.34985,1.34994
1748011867845.0,1.34988,1.34997
1748011867953.0,1.34992,1.35001
1748011868393.0,1.34989,1.34998
1748011868833.0,1.3499,1.34999
1748011869164.0,1.34988,1.34997
1748011869959.0,1.34987,1.34996
1748011870817.0,1.34988,1.34997
1748011871278.0,1.34989,1.34998
1748011871603.0,1.34988,1.34997
1748011872784.0,1.3499,1.34999
1748011873431.0,1.34991,1.35
1748011873542.0,1.3499,1.34999
1748011873761.0,1.34991,1.35
1748011874313.0,1.34994,1.35003
1748011874862.0,1.34992,1.35001
1748011876182.0,1.34993,1.35002
1748011876296.0,1.34992,1.35001
1748011876510.0,1.34993,1.35002
1748011876731.0,1.34991,1.35
1748011877569.0,1.34988,1.34997
1748011878635.0,1.34987,1.34996
1748011878965.0,1.34988,1.34997
1748011879404.0,1.3499,1.34999
1748011879513.0,1.34989,1.34998
1748011880175.0,1.34987,1.34996
1748011880504.0,1.34988,1.34997
1748011881072.0,1.34986,1.34995
1748011881179.0,1.34985,1.34994
1748011881692.0,1.34986,1.34995
1748011881913.0,1.34987,1.34996
1748011883397.0,1.34986,1.34995
1748011884078.0,1.34983,1.34992
1748011885574.0,1.34984,1.34993
1748011885794.0,1.34983,1.34992
1748011889175.0,1.34985,1.34994
1748011889735.0,1.34987,1.34996
1748011890584.0,1.34985,1.34994
1748011892077.0,1.34984,1.34993
1748011893945.0,1.34978,1.34987
1748011894274.0,1.34973,1.34982
1748011894493.0,1.34975,1.34984
1748011895205.0,1.34974,1.34983
1748011896088.0,1.34976,1.34985
1748011898186.0,1.34978,1.34987
1748011899304.0,1.34979,1.34988
1748011899522.0,1.34981,1.3499
1748011899632.0,1.34979,1.34988
1748011899856.0,1.34978,1.34987
1748011900378.0,1.34979,1.34988
1748011900911.0,1.3498,1.34989
1748011901244.0,1.34981,1.3499
1748011901352.0,1.34984,1.34993
1748011902282.0,1.34983,1.34992
1748011903112.0,1.34984,1.34993
1748011904276.0,1.34983,1.34992
1748011904859.0,1.34981,1.3499
1748011904979.0,1.34978,1.34987
1748011905190.0,1.34975,1.34984
1748011905303.0,1.34976,1.34985
1748011905520.0,1.3497,1.34979
1748011905631.0,1.34971,1.3498
1748011906092.0,1.34969,1.34978
1748011907393.0,1.34968,1.34977
1748011908298.0,1.34964,1.34973
1748011910099.0,1.34965,1.34974
1748011910428.0,1.34964,1.34973
1748011915740.0,1.34957,1.34966
1748011917216.0,1.34955,1.34964
1748011917683.0,1.34954,1.34963
1748011918468.0,1.34956,1.34965
1748011918577.0,1.34957,1.34966
1748011918688.0,1.3496,1.34969
1748011919142.0,1.34957,1.34966
1748011919242.0,1.34955,1.34964
1748011919459.0,1.34952,1.34961
1748011920367.0,1.3495,1.34959
1748011920476.0,1.34949,1.34958
1748011921049.0,1.34948,1.34957
1748011921154.0,1.34947,1.34956
