1748008705845.0,142.779,142.786
1748008705845.0,142.779,142.786
1748008706127.0,142.778,142.785
1748008706127.0,142.778,142.785
1748008706841.0,142.776,142.783
1748008706841.0,142.776,142.783
1748008707258.0,142.784,142.791
1748008707258.0,142.784,142.791
1748008707544.0,142.776,142.783
1748008707544.0,142.776,142.783
1748008708464.0,142.769,142.776
1748008708464.0,142.769,142.776
1748008708885.0,142.77,142.777
1748008708885.0,142.77,142.777
1748008709584.0,142.769,142.776
1748008709584.0,142.769,142.776
1748008711040.0,142.782,142.789
1748008711040.0,142.782,142.789
1748008712147.0,142.784,142.791
1748008712147.0,142.784,142.791
1748008714934.0,142.783,142.79
1748008714934.0,142.783,142.79
1748008715768.0,142.782,142.789
1748008715768.0,142.782,142.789
1748008716051.0,142.782,142.789
1748008716051.0,142.782,142.789
1748008718970.0,142.784,142.791
1748008718970.0,142.784,142.791
1748008719784.0,142.782,142.789
1748008719784.0,142.782,142.789
1748008722002.0,142.791,142.798
1748008722002.0,142.791,142.798
1748008723123.0,142.794,142.801
1748008723123.0,142.794,142.801
1748008724362.0,142.788,142.795
1748008724362.0,142.788,142.795
1748008724923.0,142.79,142.797
1748008724923.0,142.79,142.797
1748008727434.0,142.788,142.795
1748008727434.0,142.788,142.795
1748008728414.0,142.791,142.798
1748008728414.0,142.791,142.798
1748008728559.0,142.79,142.797
1748008728559.0,142.79,142.797
1748008732973.0,142.791,142.798
1748008732973.0,142.791,142.798
1748008733722.0,142.794,142.801
1748008733722.0,142.794,142.801
1748008734002.0,142.792,142.799
1748008734002.0,142.792,142.799
1748008735279.0,142.791,142.798
1748008735279.0,142.791,142.798
1748008736513.0,142.79,142.797
1748008736513.0,142.79,142.797
1748008736640.0,142.789,142.796
1748008736640.0,142.789,142.796
1748008737342.0,142.79,142.797
1748008737342.0,142.79,142.797
1748008742109.0,142.791,142.798
1748008742109.0,142.791,142.798
1748008749791.0,142.79,142.797
1748008749791.0,142.79,142.797
1748008750485.0,142.8,142.807
1748008750485.0,142.8,142.807
1748008750626.0,142.799,142.806
1748008750626.0,142.799,142.806
1748008752261.0,142.797,142.804
1748008752261.0,142.797,142.804
1748008752402.0,142.8,142.807
1748008752402.0,142.8,142.807
1748008752546.0,142.797,142.804
1748008752546.0,142.797,142.804
1748008753578.0,142.798,142.805
1748008753578.0,142.798,142.805
1748008754375.0,142.799,142.806
1748008754375.0,142.799,142.806
1748008755363.0,142.8,142.807
1748008755363.0,142.8,142.807
1748008755913.0,142.799,142.806
1748008755913.0,142.799,142.806
1748008761259.0,142.797,142.804
1748008761259.0,142.797,142.804
1748008762114.0,142.796,142.803
1748008762114.0,142.796,142.803
1748008762395.0,142.798,142.805
1748008762395.0,142.798,142.805
1748008762672.0,142.797,142.804
1748008762672.0,142.797,142.804
1748008763187.0,142.795,142.802
1748008763187.0,142.795,142.802
1748008763742.0,142.797,142.804
1748008763742.0,142.797,142.804
1748008763880.0,142.795,142.802
1748008763880.0,142.795,142.802
1748008764166.0,142.796,142.803
1748008764166.0,142.796,142.803
1748008765861.0,142.799,142.806
1748008765861.0,142.799,142.806
1748008767480.0,142.797,142.804
1748008767480.0,142.797,142.804
1748008768313.0,142.796,142.803
1748008768313.0,142.796,142.803
1748008768595.0,142.798,142.805
1748008768595.0,142.798,142.805
1748008768736.0,142.799,142.806
1748008768736.0,142.799,142.806
1748008768877.0,142.798,142.805
1748008768877.0,142.798,142.805
1748008769154.0,142.795,142.802
1748008769154.0,142.795,142.802
1748008769572.0,142.789,142.796
1748008769572.0,142.789,142.796
1748008771023.0,142.792,142.799
1748008771023.0,142.792,142.799
1748008772615.0,142.793,142.8
1748008772615.0,142.793,142.8
1748008772895.0,142.792,142.799
1748008772895.0,142.792,142.799
1748008773407.0,142.8,142.807
1748008773407.0,142.8,142.807
1748008774247.0,142.799,142.806
1748008774247.0,142.799,142.806
1748008774387.0,142.8,142.807
1748008774387.0,142.8,142.807
1748008774948.0,142.798,142.805
1748008774948.0,142.798,142.805
1748008775227.0,142.798,142.805
1748008775227.0,142.798,142.805
1748008775509.0,142.799,142.806
1748008775509.0,142.799,142.806
1748008775649.0,142.8,142.807
1748008775649.0,142.8,142.807
1748008776945.0,142.799,142.806
1748008776945.0,142.799,142.806
1748008777226.0,142.8,142.807
1748008777226.0,142.8,142.807
1748008779301.0,142.801,142.808
1748008779301.0,142.801,142.808
1748008779994.0,142.804,142.811
1748008779994.0,142.804,142.811
1748008780123.0,142.802,142.809
1748008780123.0,142.802,142.809
1748008781053.0,142.801,142.808
1748008781053.0,142.801,142.808
1748008782311.0,142.802,142.809
1748008782311.0,142.802,142.809
1748008782732.0,142.8,142.807
1748008782732.0,142.8,142.807
1748008783350.0,142.801,142.808
1748008783350.0,142.801,142.808
1748008783489.0,142.799,142.806
1748008783489.0,142.799,142.806
1748008786463.0,142.798,142.805
1748008786463.0,142.798,142.805
1748008786885.0,142.793,142.809
1748008786885.0,142.793,142.809
1748008789428.0,142.794,142.811
1748008789428.0,142.794,142.811
1748008789712.0,,142.81
1748008789712.0,,142.81
1748008789987.0,142.796,142.812
1748008789987.0,142.796,142.812
1748008790268.0,142.79,
1748008790268.0,142.79,
1748008790564.0,,142.811
1748008790564.0,,142.811
1748008790828.0,,142.814
1748008790828.0,,142.814
1748008790974.0,,142.813
1748008790974.0,,142.813
1748008793588.0,,142.814
1748008793588.0,,142.814
1748008794883.0,142.791,
1748008794883.0,142.791,
1748008796193.0,142.791,
1748008796193.0,142.791,
1748008796753.0,142.792,142.812
1748008796753.0,142.792,142.812
1748008797177.0,142.791,142.813
1748008797177.0,142.791,142.813
1748008797455.0,142.793,142.815
1748008797455.0,142.793,142.815
1748008798014.0,142.793,142.815
1748008798014.0,142.793,142.815
1748008798155.0,142.794,142.816
1748008798155.0,142.794,142.816
1748008798713.0,142.795,142.817
1748008798713.0,142.795,142.817
1748008798994.0,142.797,142.82
1748008798994.0,142.797,142.82
1748008799273.0,,142.823
1748008799273.0,,142.823
1748008799700.0,142.791,
1748008799700.0,142.791,
1748008800677.0,142.791,142.823
1748008800677.0,142.791,142.823
1748008801584.0,142.793,142.825
1748008801584.0,142.793,142.825
1748008802147.0,142.797,142.829
1748008802147.0,142.797,142.829
1748008803174.0,142.796,142.827
1748008803174.0,142.796,142.827
1748008803454.0,142.797,
1748008803454.0,142.797,
1748008803735.0,,142.824
1748008803735.0,,142.824
1748008803873.0,142.802,
1748008803873.0,142.802,
1748008804154.0,142.797,142.824
1748008804154.0,142.797,142.824
1748008809049.0,142.8,142.827
1748008809049.0,142.8,142.827
1748008809198.0,142.802,142.83
1748008809198.0,142.802,142.83
1748008809621.0,142.807,142.846
1748008809621.0,142.807,142.846
1748008809749.0,,142.839
1748008809749.0,,142.839
1748008810034.0,142.817,142.85
1748008810034.0,142.817,142.85
1748008810308.0,142.818,142.854
1748008810308.0,142.818,142.854
1748008810591.0,142.817,142.853
1748008810591.0,142.817,142.853
1748008810866.0,142.819,142.86
1748008810866.0,142.819,142.86
1748008811151.0,142.821,142.863
1748008811151.0,142.821,142.863
1748008811709.0,142.819,142.856
1748008811709.0,142.819,142.856
1748008812002.0,142.825,142.864
1748008812002.0,142.825,142.864
1748008812127.0,142.831,142.865
1748008812127.0,142.831,142.865
1748008812266.0,142.832,142.869
1748008812266.0,142.832,142.869
1748008812406.0,142.831,142.87
1748008812406.0,142.831,142.87
1748008812836.0,142.824,142.857
1748008812836.0,142.824,142.857
1748008812974.0,142.832,142.851
1748008812974.0,142.832,142.851
1748008813396.0,142.833,142.852
1748008813396.0,142.833,142.852
1748008814103.0,142.835,142.854
1748008814103.0,142.835,142.854
1748008814235.0,142.833,142.852
1748008814235.0,142.833,142.852
1748008815355.0,142.82,142.839
1748008815355.0,142.82,142.839
1748008815635.0,142.817,142.836
1748008815635.0,142.817,142.836
1748008815916.0,142.819,142.838
1748008815916.0,142.819,142.838
1748008816896.0,142.822,142.841
1748008816896.0,142.822,142.841
1748008817317.0,142.825,142.832
1748008817317.0,142.825,142.832
1748008817456.0,142.828,142.835
1748008817456.0,142.828,142.835
1748008817736.0,142.83,142.837
1748008817736.0,142.83,142.837
1748008818154.0,142.842,142.849
1748008818154.0,142.842,142.849
1748008818714.0,142.837,142.844
1748008818714.0,142.837,142.844
1748008819143.0,142.838,142.845
1748008819143.0,142.838,142.845
1748008819279.0,142.839,142.846
1748008819279.0,142.839,142.846
1748008821237.0,142.837,142.844
1748008821237.0,142.837,142.844
1748008821526.0,142.833,142.84
1748008821526.0,142.833,142.84
1748008821795.0,142.833,142.84
1748008821795.0,142.833,142.84
1748008822075.0,142.831,142.838
1748008822075.0,142.831,142.838
1748008822219.0,142.832,142.839
1748008822219.0,142.832,142.839
1748008822641.0,142.834,142.841
1748008822641.0,142.834,142.841
1748008822791.0,142.831,142.838
1748008822791.0,142.831,142.838
1748008823336.0,142.833,142.84
1748008823336.0,142.833,142.84
1748008823756.0,142.834,142.841
1748008823756.0,142.834,142.841
1748008824175.0,142.835,142.842
1748008824175.0,142.835,142.842
1748008824468.0,142.833,142.84
1748008824468.0,142.833,142.84
1748008824878.0,142.83,142.837
1748008824878.0,142.83,142.837
1748008825296.0,142.835,142.842
1748008825296.0,142.835,142.842
1748008825437.0,142.836,142.843
1748008825437.0,142.836,142.843
1748008825577.0,142.835,142.842
1748008825577.0,142.835,142.842
1748008825718.0,142.834,142.841
1748008825718.0,142.834,142.841
1748008825857.0,142.833,142.84
1748008825857.0,142.833,142.84
1748008826555.0,142.834,142.841
1748008826555.0,142.834,142.841
1748008827595.0,142.833,142.84
1748008827595.0,142.833,142.84
1748008827740.0,142.835,142.842
1748008827740.0,142.835,142.842
1748008828017.0,142.837,142.844
1748008828017.0,142.837,142.844
1748008828294.0,142.834,142.841
1748008828294.0,142.834,142.841
1748008828715.0,142.836,142.843
1748008828715.0,142.836,142.843
1748008829490.0,142.833,142.84
1748008829490.0,142.833,142.84
1748008830053.0,142.832,142.839
1748008830053.0,142.832,142.839
1748008830330.0,142.833,142.84
1748008830330.0,142.833,142.84
1748008830469.0,142.834,142.841
1748008830469.0,142.834,142.841
1748008830751.0,142.837,142.844
1748008830751.0,142.837,142.844
1748008830890.0,142.839,142.846
1748008830890.0,142.839,142.846
1748008831655.0,142.835,142.842
1748008831655.0,142.835,142.842
1748008832672.0,142.837,142.844
1748008832672.0,142.837,142.844
1748008832821.0,142.833,142.84
1748008832821.0,142.833,142.84
1748008833453.0,142.832,142.839
1748008833453.0,142.832,142.839
1748008833593.0,142.834,142.841
1748008833593.0,142.834,142.841
1748008834015.0,142.833,142.84
1748008834015.0,142.833,142.84
1748008834153.0,142.832,142.839
1748008834153.0,142.832,142.839
1748008834749.0,142.836,142.843
1748008834749.0,142.836,142.843
1748008834885.0,142.837,142.844
1748008834885.0,142.837,142.844
1748008835585.0,142.838,142.845
1748008835585.0,142.838,142.845
1748008835865.0,142.832,142.839
1748008835865.0,142.832,142.839
1748008836881.0,142.831,142.838
1748008836881.0,142.831,142.838
1748008837163.0,142.828,142.835
1748008837163.0,142.828,142.835
1748008837442.0,142.828,142.835
1748008837442.0,142.828,142.835
1748008837722.0,142.829,142.836
1748008837722.0,142.829,142.836
1748008838009.0,142.824,142.831
1748008838009.0,142.824,142.831
1748008838610.0,142.826,142.833
1748008838610.0,142.826,142.833
1748008838890.0,142.828,142.835
1748008838890.0,142.828,142.835
1748008839032.0,142.83,142.837
1748008839032.0,142.83,142.837
1748008839170.0,142.828,142.835
1748008839170.0,142.828,142.835
1748008839869.0,142.829,142.836
1748008839869.0,142.829,142.836
1748008841028.0,142.83,142.837
1748008841028.0,142.83,142.837
1748008842021.0,142.818,142.825
1748008842021.0,142.818,142.825
1748008842152.0,142.824,142.831
1748008842152.0,142.824,142.831
1748008843826.0,142.823,142.83
1748008843826.0,142.823,142.83
1748008843970.0,142.824,142.831
1748008843970.0,142.824,142.831
1748008845259.0,142.826,142.833
1748008845259.0,142.826,142.833
1748008845819.0,142.822,142.829
1748008845819.0,142.822,142.829
1748008845959.0,142.823,142.83
1748008845959.0,142.823,142.83
1748008846805.0,142.818,142.825
1748008846805.0,142.818,142.825
1748008846940.0,142.819,142.826
1748008846940.0,142.819,142.826
1748008847924.0,142.816,142.823
1748008847924.0,142.816,142.823
1748008848344.0,142.812,142.819
1748008848344.0,142.812,142.819
1748008848625.0,142.815,142.822
1748008848625.0,142.815,142.822
1748008848905.0,142.819,142.826
1748008848905.0,142.819,142.826
1748008849047.0,142.821,142.828
1748008849047.0,142.821,142.828
1748008849326.0,142.823,142.83
1748008849326.0,142.823,142.83
1748008850026.0,142.819,142.826
1748008850026.0,142.819,142.826
1748008850166.0,142.818,142.825
1748008850166.0,142.818,142.825
1748008850489.0,142.819,142.826
1748008850489.0,142.819,142.826
1748008851049.0,142.815,142.822
1748008851049.0,142.815,142.822
1748008851329.0,142.812,142.819
1748008851329.0,142.812,142.819
1748008851471.0,142.813,142.82
1748008851471.0,142.813,142.82
1748008853378.0,142.81,142.817
1748008853378.0,142.81,142.817
1748008853524.0,142.813,142.82
1748008853524.0,142.813,142.82
1748008854075.0,142.814,142.821
1748008854075.0,142.814,142.821
1748008856737.0,142.812,142.819
1748008856737.0,142.812,142.819
1748008857708.0,142.806,142.813
1748008857708.0,142.806,142.813
1748008857829.0,142.802,142.809
1748008857829.0,142.802,142.809
1748008858847.0,142.806,142.813
1748008858847.0,142.806,142.813
1748008858989.0,142.808,142.815
1748008858989.0,142.808,142.815
1748008859407.0,142.81,142.817
1748008859407.0,142.81,142.817
1748008859693.0,142.811,142.818
1748008859693.0,142.811,142.818
1748008860596.0,142.813,142.82
1748008860596.0,142.813,142.82
1748008861155.0,142.812,142.819
1748008861155.0,142.812,142.819
1748008861447.0,142.809,142.816
1748008861447.0,142.809,142.816
1748008861575.0,142.812,142.819
1748008861575.0,142.812,142.819
1748008863642.0,142.813,142.82
1748008863642.0,142.813,142.82
1748008865732.0,142.811,142.818
1748008865732.0,142.811,142.818
1748008866285.0,142.81,142.817
1748008866285.0,142.81,142.817
1748008866845.0,142.81,142.817
1748008866845.0,142.81,142.817
1748008867128.0,142.809,142.816
1748008867128.0,142.809,142.816
1748008867408.0,142.81,142.817
1748008867408.0,142.81,142.817
1748008867843.0,142.809,142.816
1748008867843.0,142.809,142.816
1748008868125.0,142.811,142.818
1748008868125.0,142.811,142.818
1748008868402.0,142.812,142.819
1748008868402.0,142.812,142.819
1748008869520.0,142.813,142.82
1748008869520.0,142.813,142.82
1748008872305.0,142.815,142.822
1748008872305.0,142.815,142.822
1748008872863.0,142.814,142.821
1748008872863.0,142.814,142.821
1748008875010.0,142.824,142.831
1748008875010.0,142.824,142.831
1748008875289.0,142.829,142.836
1748008875289.0,142.829,142.836
1748008875570.0,142.851,142.858
1748008875570.0,142.851,142.858
1748008875848.0,142.851,142.858
1748008875848.0,142.851,142.858
1748008876130.0,142.858,142.865
1748008876130.0,142.858,142.865
1748008877226.0,142.856,142.863
1748008877226.0,142.856,142.863
1748008877922.0,142.858,142.865
1748008877922.0,142.858,142.865
1748008878206.0,142.856,142.863
1748008878206.0,142.856,142.863
1748008878354.0,142.847,142.854
1748008878354.0,142.847,142.854
1748008879554.0,142.843,142.85
1748008879554.0,142.843,142.85
1748008879825.0,142.836,142.843
1748008879825.0,142.836,142.843
1748008880630.0,142.845,142.852
1748008880630.0,142.845,142.852
1748008880927.0,142.846,142.853
1748008880927.0,142.846,142.853
1748008881051.0,142.851,142.858
1748008881051.0,142.851,142.858
1748008881469.0,142.853,142.86
1748008881469.0,142.853,142.86
1748008881611.0,142.854,142.861
1748008881611.0,142.854,142.861
1748008881890.0,142.856,142.863
1748008881890.0,142.856,142.863
1748008882315.0,142.852,142.859
1748008882315.0,142.852,142.859
1748008882590.0,142.853,142.86
1748008882590.0,142.853,142.86
1748008883884.0,142.862,142.869
1748008883884.0,142.862,142.869
1748008884018.0,142.867,142.874
1748008884018.0,142.867,142.874
1748008884441.0,142.864,142.871
1748008884441.0,142.864,142.871
1748008886732.0,142.863,142.87
1748008886732.0,142.863,142.87
1748008887426.0,142.865,142.872
1748008887426.0,142.865,142.872
1748008888343.0,142.867,142.874
1748008888343.0,142.867,142.874
1748008889701.0,142.866,142.873
1748008889701.0,142.866,142.873
1748008890750.0,142.864,142.871
1748008890750.0,142.864,142.871
1748008891123.0,142.865,142.872
1748008891123.0,142.865,142.872
1748008892054.0,142.866,142.873
1748008892054.0,142.866,142.873
1748008892194.0,142.873,142.88
1748008892194.0,142.873,142.88
1748008894016.0,142.874,142.881
1748008894016.0,142.874,142.881
1748008894733.0,142.872,142.879
1748008894733.0,142.872,142.879
1748008895012.0,142.868,142.875
1748008895012.0,142.868,142.875
1748008895152.0,142.87,142.877
1748008895152.0,142.87,142.877
1748008895432.0,142.865,142.872
1748008895432.0,142.865,142.872
1748008896465.0,142.866,142.873
1748008896465.0,142.866,142.873
1748008896886.0,142.865,142.872
1748008896886.0,142.865,142.872
1748008897308.0,142.864,142.871
1748008897308.0,142.864,142.871
1748008899300.0,142.865,142.872
1748008899300.0,142.865,142.872
1748008901291.0,142.876,142.883
1748008901291.0,142.876,142.883
1748008901432.0,142.875,142.882
1748008901432.0,142.875,142.882
1748008902212.0,142.876,142.883
1748008902212.0,142.876,142.883
1748008902492.0,142.875,142.882
1748008902492.0,142.875,142.882
1748008904019.0,142.874,142.881
1748008904019.0,142.874,142.881
1748008904574.0,142.869,142.876
1748008904574.0,142.869,142.876
1748008904714.0,142.87,142.877
1748008904714.0,142.87,142.877
1748008905143.0,142.867,142.874
1748008905143.0,142.867,142.874
1748008905278.0,142.864,142.871
1748008905278.0,142.864,142.871
1748008905555.0,142.865,142.872
1748008905555.0,142.865,142.872
1748008905836.0,142.865,142.872
1748008905836.0,142.865,142.872
1748008906113.0,142.861,142.868
1748008906113.0,142.861,142.868
1748008906395.0,142.86,142.867
1748008906395.0,142.86,142.867
1748008906673.0,142.861,142.868
1748008906673.0,142.861,142.868
1748008908751.0,142.856,142.863
1748008908751.0,142.856,142.863
1748008908890.0,142.854,142.861
1748008908890.0,142.854,142.861
1748008910151.0,142.845,142.852
1748008910151.0,142.845,142.852
1748008910307.0,142.843,142.85
1748008910307.0,142.843,142.85
1748008912062.0,142.844,142.851
1748008912062.0,142.844,142.851
1748008912532.0,142.845,142.852
1748008912532.0,142.845,142.852
1748008914053.0,142.852,142.859
1748008914053.0,142.852,142.859
1748008914474.0,142.853,142.86
1748008914474.0,142.853,142.86
1748008915804.0,142.863,142.87
1748008915804.0,142.863,142.87
1748008916225.0,142.865,142.872
1748008916225.0,142.865,142.872
1748008916731.0,142.864,142.871
1748008916731.0,142.864,142.871
1748008917152.0,142.863,142.87
1748008917152.0,142.863,142.87
1748008917602.0,142.871,142.878
1748008917602.0,142.871,142.878
1748008917872.0,142.872,142.879
1748008917872.0,142.872,142.879
1748008918850.0,142.871,142.878
1748008918850.0,142.871,142.878
1748008919887.0,142.874,142.881
1748008919887.0,142.874,142.881
1748008920007.0,142.865,142.872
1748008920007.0,142.865,142.872
1748008920428.0,142.855,142.862
1748008920428.0,142.855,142.862
1748008920708.0,142.853,142.86
1748008920708.0,142.853,142.86
1748008920988.0,142.854,142.861
1748008920988.0,142.854,142.861
1748008921136.0,142.846,142.853
1748008921136.0,142.846,142.853
1748008921555.0,142.853,142.86
1748008921555.0,142.853,142.86
1748008921973.0,142.852,142.859
1748008921973.0,142.852,142.859
1748008922671.0,142.854,142.861
1748008922671.0,142.854,142.861
1748008923914.0,142.854,142.861
1748008923914.0,142.854,142.861
1748008924195.0,142.861,142.868
1748008924195.0,142.861,142.868
1748008924758.0,142.863,142.87
1748008924758.0,142.863,142.87
1748008924895.0,142.862,142.869
1748008924895.0,142.862,142.869
1748008925037.0,142.864,142.871
1748008925037.0,142.864,142.871
1748008925736.0,142.865,142.872
1748008925736.0,142.865,142.872
1748008926027.0,142.864,142.871
1748008926027.0,142.864,142.871
1748008926156.0,142.861,142.868
1748008926156.0,142.861,142.868
1748008926575.0,142.859,142.866
1748008926575.0,142.859,142.866
1748008926856.0,142.861,142.868
1748008926856.0,142.861,142.868
1748008927880.0,142.858,142.865
1748008927880.0,142.858,142.865
1748008928156.0,142.859,142.866
1748008928156.0,142.859,142.866
1748008928716.0,142.857,142.864
1748008928716.0,142.857,142.864
1748008928996.0,142.861,142.868
1748008928996.0,142.861,142.868
1748008929276.0,142.857,142.864
1748008929276.0,142.857,142.864
1748008929558.0,142.856,142.863
1748008929558.0,142.856,142.863
1748008929702.0,142.854,142.861
1748008929702.0,142.854,142.861
1748008930117.0,142.855,142.862
1748008930117.0,142.855,142.862
1748008930258.0,142.854,142.861
1748008930258.0,142.854,142.861
1748008930541.0,142.853,142.86
1748008930541.0,142.853,142.86
1748008930676.0,142.854,142.861
1748008930676.0,142.854,142.861
1748008931267.0,142.856,142.863
1748008931267.0,142.856,142.863
1748008931417.0,142.855,142.862
1748008931417.0,142.855,142.862
1748008931987.0,142.853,142.86
1748008931987.0,142.853,142.86
1748008932875.0,142.85,142.857
1748008932875.0,142.85,142.857
1748008933163.0,142.851,142.858
1748008933163.0,142.851,142.858
1748008933935.0,142.85,142.857
1748008933935.0,142.85,142.857
1748008934364.0,142.851,142.858
1748008934364.0,142.851,142.858
1748008934636.0,142.85,142.857
1748008934636.0,142.85,142.857
1748008934921.0,142.849,142.856
1748008934921.0,142.849,142.856
1748008935199.0,142.846,142.853
1748008935199.0,142.846,142.853
1748008935618.0,142.847,142.854
1748008935618.0,142.847,142.854
1748008935895.0,142.847,142.854
1748008935895.0,142.847,142.854
1748008936177.0,142.854,142.861
1748008936177.0,142.854,142.861
1748008936315.0,142.851,142.858
1748008936315.0,142.851,142.858
1748008936455.0,142.852,142.859
1748008936455.0,142.852,142.859
1748008936596.0,142.851,142.858
1748008936596.0,142.851,142.858
1748008936736.0,142.85,142.857
1748008936736.0,142.85,142.857
1748008937157.0,142.847,142.854
1748008937157.0,142.847,142.854
1748008938001.0,142.854,142.861
1748008938001.0,142.854,142.861
1748008938276.0,142.853,142.86
1748008938276.0,142.853,142.86
1748008939589.0,142.852,142.859
1748008939589.0,142.852,142.859
1748008939734.0,142.847,142.854
1748008939734.0,142.847,142.854
1748008940148.0,142.848,142.855
1748008940148.0,142.848,142.855
1748008940709.0,142.852,142.859
1748008940709.0,142.852,142.859
1748008940852.0,142.85,142.857
1748008940852.0,142.85,142.857
1748008941407.0,142.846,142.853
1748008941407.0,142.846,142.853
1748008941969.0,142.851,142.858
1748008941969.0,142.851,142.858
1748008942982.0,142.853,142.86
1748008942982.0,142.853,142.86
1748008943142.0,142.852,142.859
1748008943142.0,142.852,142.859
1748008944087.0,142.851,142.858
1748008944087.0,142.851,142.858
1748008944939.0,142.847,142.854
1748008944939.0,142.847,142.854
1748008945077.0,142.853,142.86
1748008945077.0,142.853,142.86
1748008945497.0,142.851,142.858
1748008945497.0,142.851,142.858
1748008945668.0,142.852,142.859
1748008945668.0,142.852,142.859
1748008945928.0,142.847,142.854
1748008945928.0,142.847,142.854
1748008946197.0,142.85,142.857
1748008946197.0,142.85,142.857
1748008946758.0,142.851,142.858
1748008946758.0,142.851,142.858
1748008947319.0,142.854,142.861
1748008947319.0,142.854,142.861
1748008947740.0,142.853,142.86
1748008947740.0,142.853,142.86
1748008948158.0,142.854,142.861
1748008948158.0,142.854,142.861
1748008949298.0,142.852,142.859
1748008949298.0,142.852,142.859
1748008949558.0,142.853,142.86
1748008949558.0,142.853,142.86
1748008949982.0,142.85,142.857
1748008949982.0,142.85,142.857
1748008950258.0,142.85,142.857
1748008950258.0,142.85,142.857
1748008950540.0,142.851,142.858
1748008950540.0,142.851,142.858
1748008951242.0,142.846,142.853
1748008951242.0,142.846,142.853
1748008954513.0,142.845,142.852
1748008954513.0,142.845,142.852
1748008955250.0,142.843,142.85
1748008955250.0,142.843,142.85
1748008955534.0,142.839,142.846
1748008955534.0,142.839,142.846
1748008958226.0,142.84,142.847
1748008958226.0,142.84,142.847
1748008960623.0,142.833,142.84
1748008960623.0,142.833,142.84
1748008961179.0,142.832,142.839
1748008961179.0,142.832,142.839
1748008961458.0,142.833,142.84
1748008961458.0,142.833,142.84
1748008961877.0,142.832,142.839
1748008961877.0,142.832,142.839
1748008962299.0,142.833,142.84
1748008962299.0,142.833,142.84
1748008964327.0,142.84,142.847
1748008964327.0,142.84,142.847
1748008964468.0,142.839,142.846
1748008964468.0,142.839,142.846
1748008964881.0,142.831,142.838
1748008964881.0,142.831,142.838
1748008965032.0,142.833,142.84
1748008965032.0,142.833,142.84
1748008966047.0,142.831,142.838
1748008966047.0,142.831,142.838
1748008966989.0,142.832,142.839
1748008966989.0,142.832,142.839
1748008967968.0,142.833,142.84
1748008967968.0,142.833,142.84
1748008968388.0,142.834,142.841
1748008968388.0,142.834,142.841
1748008968809.0,142.833,142.84
1748008968809.0,142.833,142.84
1748008969803.0,142.834,142.841
1748008969803.0,142.834,142.841
1748008970070.0,142.833,142.84
1748008970070.0,142.833,142.84
1748008970853.0,142.834,142.841
1748008970853.0,142.834,142.841
1748008971272.0,142.832,142.839
1748008971272.0,142.832,142.839
1748008971413.0,142.828,142.835
1748008971413.0,142.828,142.835
1748008972983.0,142.83,142.837
1748008972983.0,142.83,142.837
1748008974988.0,142.831,142.838
1748008974988.0,142.831,142.838
1748008975271.0,142.83,142.837
1748008975271.0,142.83,142.837
1748008975688.0,142.831,142.838
1748008975688.0,142.831,142.838
1748008975967.0,142.831,142.838
1748008975967.0,142.831,142.838
1748008976390.0,142.832,142.839
1748008976390.0,142.832,142.839
1748008978492.0,142.828,142.835
1748008978492.0,142.828,142.835
1748008980184.0,142.827,142.834
1748008980184.0,142.827,142.834
1748008980715.0,142.829,142.836
1748008980715.0,142.829,142.836
1748008980995.0,142.827,142.834
1748008980995.0,142.827,142.834
1748008982590.0,142.815,142.822
1748008982590.0,142.815,142.822
1748008982866.0,142.816,142.823
1748008982866.0,142.816,142.823
1748008983141.0,142.819,142.826
1748008983141.0,142.819,142.826
1748008983282.0,142.82,142.827
1748008983282.0,142.82,142.827
1748008984148.0,142.826,142.833
1748008984148.0,142.826,142.833
1748008984295.0,142.827,142.834
1748008984295.0,142.827,142.834
1748008984711.0,142.83,142.837
1748008984711.0,142.83,142.837
1748008985280.0,142.831,142.838
1748008985280.0,142.831,142.838
1748008985549.0,142.825,142.832
1748008985549.0,142.825,142.832
1748008985833.0,142.826,142.833
1748008985833.0,142.826,142.833
1748008987169.0,142.828,142.835
1748008987169.0,142.828,142.835
1748008987444.0,142.828,142.835
1748008987444.0,142.828,142.835
1748008987866.0,142.826,142.833
1748008987866.0,142.826,142.833
1748008988289.0,142.827,142.834
1748008988289.0,142.827,142.834
1748008988430.0,142.826,142.833
1748008988430.0,142.826,142.833
1748008989272.0,142.825,142.832
1748008989272.0,142.825,142.832
1748008989413.0,142.824,142.831
1748008989413.0,142.824,142.831
1748008990341.0,142.82,142.827
1748008990341.0,142.82,142.827
1748008990619.0,142.82,142.827
1748008990619.0,142.82,142.827
1748008990762.0,142.821,142.828
1748008990762.0,142.821,142.828
1748008990899.0,142.822,142.829
1748008990899.0,142.822,142.829
1748008991853.0,142.82,142.827
1748008991853.0,142.82,142.827
1748008991989.0,142.821,142.828
1748008991989.0,142.821,142.828
1748008992260.0,142.82,142.827
1748008992260.0,142.82,142.827
1748008993381.0,142.821,142.828
1748008993381.0,142.821,142.828
1748008993803.0,142.825,142.832
1748008993803.0,142.825,142.832
1748008993942.0,142.826,142.833
1748008993942.0,142.826,142.833
1748008994361.0,142.825,142.832
1748008994361.0,142.825,142.832
1748008994500.0,142.824,142.831
1748008994500.0,142.824,142.831
1748008995719.0,142.823,142.83
1748008995719.0,142.823,142.83
1748008996165.0,142.824,142.831
1748008996165.0,142.824,142.831
1748008997236.0,142.82,142.827
1748008997236.0,142.82,142.827
1748008997372.0,142.819,142.826
1748008997372.0,142.819,142.826
1748008998071.0,142.82,142.827
1748008998071.0,142.82,142.827
1748008998633.0,142.824,142.831
1748008998633.0,142.824,142.831
1748008999335.0,142.822,142.829
1748008999335.0,142.822,142.829
1748008999475.0,142.823,142.83
1748008999475.0,142.823,142.83
1748009000325.0,142.825,142.832
1748009000325.0,142.825,142.832
1748009000945.0,142.826,142.833
1748009000945.0,142.826,142.833
1748009001221.0,142.82,142.827
1748009001221.0,142.82,142.827
1748009001363.0,142.823,142.83
1748009001363.0,142.823,142.83
1748009002003.0,142.824,142.831
1748009002003.0,142.824,142.831
1748009002277.0,142.825,142.832
1748009002277.0,142.825,142.832
1748009003633.0,142.816,142.823
1748009003633.0,142.816,142.823
1748009004642.0,142.817,142.824
1748009004642.0,142.817,142.824
1748009005673.0,142.823,142.83
1748009005673.0,142.823,142.83
1748009005952.0,142.817,142.824
1748009005952.0,142.817,142.824
1748009006512.0,142.815,142.822
1748009006512.0,142.815,142.822
1748009008207.0,142.814,142.821
1748009008207.0,142.814,142.821
1748009008487.0,142.81,142.817
1748009008487.0,142.81,142.817
1748009009254.0,142.813,142.82
1748009009254.0,142.813,142.82
1748009010220.0,142.812,142.819
1748009010220.0,142.812,142.819
1748009010688.0,142.816,142.823
1748009010688.0,142.816,142.823
1748009011474.0,142.812,142.819
1748009011474.0,142.812,142.819
1748009012144.0,142.811,142.818
1748009012144.0,142.811,142.818
1748009012405.0,142.807,142.814
1748009012405.0,142.807,142.814
1748009012681.0,142.804,142.811
1748009012681.0,142.804,142.811
1748009012820.0,142.803,142.81
1748009012820.0,142.803,142.81
1748009013128.0,142.799,142.806
1748009013128.0,142.799,142.806
1748009013245.0,142.797,142.804
1748009013245.0,142.797,142.804
1748009013660.0,142.798,142.805
1748009013660.0,142.798,142.805
1748009013947.0,142.804,142.811
1748009013947.0,142.804,142.811
1748009014378.0,142.803,142.81
1748009014378.0,142.803,142.81
1748009014903.0,142.801,142.808
1748009014903.0,142.801,142.808
1748009015326.0,142.8,142.807
1748009015326.0,142.8,142.807
1748009015464.0,142.799,142.806
1748009015464.0,142.799,142.806
1748009016024.0,142.8,142.807
1748009016024.0,142.8,142.807
1748009017043.0,142.796,142.803
1748009017043.0,142.796,142.803
1748009017192.0,142.795,142.802
1748009017192.0,142.795,142.802
1748009018171.0,142.794,142.801
1748009018171.0,142.794,142.801
1748009019060.0,142.784,142.791
1748009019060.0,142.784,142.791
1748009019208.0,142.786,142.793
1748009019208.0,142.786,142.793
1748009019341.0,142.787,142.794
1748009019341.0,142.787,142.794
1748009019625.0,142.788,142.795
1748009019625.0,142.788,142.795
1748009020342.0,142.781,142.788
1748009020342.0,142.781,142.788
1748009020622.0,142.776,142.783
1748009020622.0,142.776,142.783
1748009020762.0,142.777,142.784
1748009020762.0,142.777,142.784
1748009021215.0,142.769,142.776
1748009021215.0,142.769,142.776
1748009021636.0,142.765,142.772
1748009021636.0,142.765,142.772
1748009021775.0,142.766,142.773
1748009021775.0,142.766,142.773
1748009022390.0,142.767,142.774
1748009022390.0,142.767,142.774
1748009022530.0,142.77,142.777
1748009022530.0,142.77,142.777
1748009024893.0,142.782,142.789
1748009024893.0,142.782,142.789
1748009025033.0,142.781,142.788
1748009025033.0,142.781,142.788
1748009025172.0,142.78,142.787
1748009025172.0,142.78,142.787
1748009025620.0,142.779,142.786
1748009025620.0,142.779,142.786
1748009026035.0,142.78,142.787
1748009026035.0,142.78,142.787
1748009026383.0,142.782,142.789
1748009026383.0,142.782,142.789
1748009027401.0,142.783,142.79
1748009027401.0,142.783,142.79
1748009029669.0,142.783,142.79
1748009029669.0,142.783,142.79
1748009031030.0,142.782,142.789
1748009031030.0,142.782,142.789
1748009031296.0,142.78,142.787
1748009031296.0,142.78,142.787
1748009031436.0,142.783,142.79
1748009031436.0,142.783,142.79
1748009031721.0,142.779,142.786
1748009031721.0,142.779,142.786
1748009032279.0,142.782,142.789
1748009032279.0,142.782,142.789
1748009032557.0,142.776,142.783
1748009032557.0,142.776,142.783
1748009033122.0,142.774,142.781
1748009033122.0,142.774,142.781
1748009033260.0,142.773,142.78
1748009033260.0,142.773,142.78
1748009033396.0,142.772,142.779
1748009033396.0,142.772,142.779
1748009033826.0,142.775,142.782
1748009033826.0,142.775,142.782
1748009033960.0,142.774,142.781
1748009033960.0,142.774,142.781
1748009035278.0,142.776,142.783
1748009035278.0,142.776,142.783
1748009035556.0,142.775,142.782
1748009035556.0,142.775,142.782
1748009035975.0,142.773,142.78
1748009035975.0,142.773,142.78
1748009036277.0,142.77,142.777
1748009036277.0,142.77,142.777
1748009036565.0,142.77,142.777
1748009036565.0,142.77,142.777
1748009036698.0,142.768,142.775
1748009036698.0,142.768,142.775
1748009036978.0,142.77,142.777
1748009036978.0,142.77,142.777
1748009037258.0,142.77,142.777
1748009037258.0,142.77,142.777
1748009037878.0,142.771,142.778
1748009037878.0,142.771,142.778
1748009038157.0,142.773,142.78
1748009038157.0,142.773,142.78
1748009038880.0,142.774,142.781
1748009038880.0,142.774,142.781
1748009039020.0,142.772,142.779
1748009039020.0,142.772,142.779
1748009039446.0,142.77,142.777
1748009039446.0,142.77,142.777
1748009039720.0,142.768,142.775
1748009039720.0,142.768,142.775
1748009039860.0,142.77,142.777
1748009039860.0,142.77,142.777
1748009040532.0,142.766,142.773
1748009040532.0,142.766,142.773
1748009040809.0,142.77,142.777
1748009040809.0,142.77,142.777
1748009041085.0,142.773,142.78
1748009041085.0,142.773,142.78
1748009041224.0,142.774,142.781
1748009041224.0,142.774,142.781
1748009041526.0,142.773,142.78
1748009041526.0,142.773,142.78
1748009041788.0,142.774,142.781
1748009041788.0,142.774,142.781
1748009041928.0,142.776,142.783
1748009041928.0,142.776,142.783
1748009042347.0,142.779,142.786
1748009042347.0,142.779,142.786
1748009042487.0,142.78,142.787
1748009042487.0,142.78,142.787
1748009042942.0,142.784,142.791
1748009042942.0,142.784,142.791
1748009043220.0,142.783,142.79
1748009043220.0,142.783,142.79
1748009043351.0,142.785,142.792
1748009043351.0,142.785,142.792
1748009043634.0,142.806,142.813
1748009043634.0,142.806,142.813
1748009043780.0,142.811,142.818
1748009043780.0,142.811,142.818
1748009043911.0,142.805,142.812
1748009043911.0,142.805,142.812
1748009044410.0,142.804,142.811
1748009044410.0,142.804,142.811
1748009044695.0,142.81,142.817
1748009044695.0,142.81,142.817
1748009044974.0,142.818,142.825
1748009044974.0,142.818,142.825
1748009045113.0,142.816,142.823
1748009045113.0,142.816,142.823
1748009045394.0,142.815,142.822
1748009045394.0,142.815,142.822
1748009045812.0,142.813,142.82
1748009045812.0,142.813,142.82
1748009046371.0,142.814,142.821
1748009046371.0,142.814,142.821
1748009046933.0,142.814,142.821
1748009046933.0,142.814,142.821
1748009047071.0,142.827,142.834
1748009047071.0,142.827,142.834
1748009047352.0,142.826,142.833
1748009047352.0,142.826,142.833
1748009047912.0,142.823,142.83
1748009047912.0,142.823,142.83
1748009048191.0,142.823,142.83
1748009048191.0,142.823,142.83
1748009048616.0,142.824,142.831
1748009048616.0,142.824,142.831
1748009049034.0,142.827,142.834
1748009049034.0,142.827,142.834
1748009049313.0,142.82,142.827
1748009049313.0,142.82,142.827
1748009049594.0,142.819,142.826
1748009049594.0,142.819,142.826
1748009050136.0,142.82,142.827
1748009050136.0,142.82,142.827
1748009050274.0,142.819,142.826
1748009050274.0,142.819,142.826
1748009050553.0,142.817,142.824
1748009050553.0,142.817,142.824
1748009050693.0,142.814,142.821
1748009050693.0,142.814,142.821
1748009050973.0,142.816,142.823
1748009050973.0,142.816,142.823
1748009051395.0,142.81,142.817
1748009051395.0,142.81,142.817
1748009051674.0,142.812,142.819
1748009051674.0,142.812,142.819
1748009052497.0,142.81,142.817
1748009052497.0,142.81,142.817
1748009053340.0,142.813,142.82
1748009053340.0,142.813,142.82
1748009053755.0,142.815,142.822
1748009053755.0,142.815,142.822
1748009054041.0,142.808,142.815
1748009054041.0,142.808,142.815
1748009054317.0,142.808,142.815
1748009054317.0,142.808,142.815
1748009054597.0,142.809,142.816
1748009054597.0,142.809,142.816
1748009054741.0,142.811,142.818
1748009054741.0,142.811,142.818
1748009055441.0,142.809,142.816
1748009055441.0,142.809,142.816
1748009055577.0,142.804,142.811
1748009055577.0,142.804,142.811
1748009055857.0,142.803,142.81
1748009055857.0,142.803,142.81
1748009056141.0,142.805,142.812
1748009056141.0,142.805,142.812
1748009057405.0,142.803,142.81
1748009057405.0,142.803,142.81
1748009058587.0,142.804,142.811
1748009058587.0,142.804,142.811
1748009059986.0,142.802,142.809
1748009059986.0,142.802,142.809
1748009060595.0,142.8,142.807
1748009060595.0,142.8,142.807
1748009060881.0,142.802,142.809
1748009060881.0,142.802,142.809
1748009061284.0,142.803,142.81
1748009061284.0,142.803,142.81
1748009061844.0,142.802,142.809
1748009061844.0,142.802,142.809
1748009064220.0,142.803,142.81
1748009064220.0,142.803,142.81
1748009064641.0,142.818,142.825
1748009064641.0,142.818,142.825
1748009065061.0,142.815,142.822
1748009065061.0,142.815,142.822
1748009066321.0,142.812,142.819
1748009066321.0,142.812,142.819
1748009066462.0,142.813,142.82
1748009066462.0,142.813,142.82
1748009067022.0,142.813,142.82
1748009067022.0,142.813,142.82
1748009067540.0,142.814,142.821
1748009067540.0,142.814,142.821
1748009068251.0,142.813,142.82
1748009068251.0,142.813,142.82
1748009068671.0,142.814,142.821
1748009068671.0,142.814,142.821
1748009069090.0,142.813,142.82
1748009069090.0,142.813,142.82
1748009070063.0,142.82,142.827
1748009070063.0,142.82,142.827
1748009070193.0,142.822,142.829
1748009070193.0,142.822,142.829
1748009070328.0,142.82,142.827
1748009070328.0,142.82,142.827
1748009070474.0,142.822,142.829
1748009070474.0,142.822,142.829
1748009070749.0,142.821,142.828
1748009070749.0,142.821,142.828
1748009071640.0,142.822,142.829
1748009071640.0,142.822,142.829
1748009072107.0,142.827,142.834
1748009072107.0,142.827,142.834
1748009072246.0,142.831,142.838
1748009072246.0,142.831,142.838
1748009072810.0,142.832,142.839
1748009072810.0,142.832,142.839
1748009073507.0,142.831,142.838
1748009073507.0,142.831,142.838
1748009074288.0,142.836,142.843
1748009074288.0,142.836,142.843
1748009074425.0,142.842,142.849
1748009074425.0,142.842,142.849
1748009075125.0,142.838,142.845
1748009075125.0,142.838,142.845
1748009075405.0,142.84,142.847
1748009075405.0,142.84,142.847
1748009075686.0,142.842,142.849
1748009075686.0,142.842,142.849
1748009076107.0,142.838,142.845
1748009076107.0,142.838,142.845
1748009076252.0,142.84,142.847
1748009076252.0,142.84,142.847
1748009077366.0,142.837,142.844
1748009077366.0,142.837,142.844
1748009079298.0,142.832,142.839
1748009079298.0,142.832,142.839
1748009079579.0,142.829,142.836
1748009079579.0,142.829,142.836
1748009079864.0,142.827,142.834
1748009079864.0,142.827,142.834
1748009080142.0,142.827,142.834
1748009080142.0,142.827,142.834
1748009081201.0,142.829,142.836
1748009081201.0,142.829,142.836
1748009081352.0,142.833,142.84
1748009081352.0,142.833,142.84
1748009081761.0,142.836,142.843
1748009081761.0,142.836,142.843
1748009082042.0,142.839,142.846
1748009082042.0,142.839,142.846
1748009082580.0,142.838,142.845
1748009082580.0,142.838,142.845
1748009082860.0,142.843,142.85
1748009082860.0,142.843,142.85
1748009083349.0,142.845,142.852
1748009083349.0,142.845,142.852
1748009083477.0,142.844,142.851
1748009083477.0,142.844,142.851
1748009083623.0,142.842,142.849
1748009083623.0,142.842,142.849
1748009084551.0,142.843,142.85
1748009084551.0,142.843,142.85
1748009084940.0,142.844,142.851
1748009084940.0,142.844,142.851
1748009085079.0,142.847,142.854
1748009085079.0,142.847,142.854
1748009085217.0,142.846,142.853
1748009085217.0,142.846,142.853
1748009085357.0,142.845,142.852
1748009085357.0,142.845,142.852
1748009086810.0,142.848,142.855
1748009086810.0,142.848,142.855
1748009086949.0,142.844,142.851
1748009086949.0,142.844,142.851
1748009087094.0,142.845,142.852
1748009087094.0,142.845,142.852
1748009087229.0,142.842,142.849
1748009087229.0,142.842,142.849
1748009087517.0,142.846,142.853
1748009087517.0,142.846,142.853
1748009087795.0,142.848,142.855
1748009087795.0,142.848,142.855
1748009088069.0,142.845,142.852
1748009088069.0,142.845,142.852
1748009088350.0,142.839,142.846
1748009088350.0,142.839,142.846
1748009088489.0,142.842,142.849
1748009088489.0,142.842,142.849
1748009088770.0,142.843,142.85
1748009088770.0,142.843,142.85
1748009089754.0,142.846,142.853
1748009089754.0,142.846,142.853
1748009090320.0,142.845,142.852
1748009090320.0,142.845,142.852
1748009090596.0,142.854,142.861
1748009090596.0,142.854,142.861
1748009090875.0,142.852,142.859
1748009090875.0,142.852,142.859
1748009093378.0,142.851,142.858
1748009093378.0,142.851,142.858
1748009093518.0,142.848,142.855
1748009093518.0,142.848,142.855
1748009094214.0,142.849,142.856
1748009094214.0,142.849,142.856
1748009095055.0,142.848,142.855
1748009095055.0,142.848,142.855
1748009095730.0,142.849,142.856
1748009095730.0,142.849,142.856
1748009096699.0,142.844,142.851
1748009096699.0,142.844,142.851
1748009096969.0,142.843,142.85
1748009096969.0,142.843,142.85
1748009097247.0,142.846,142.853
1748009097247.0,142.846,142.853
1748009097672.0,142.848,142.855
1748009097672.0,142.848,142.855
1748009097820.0,142.849,142.856
1748009097820.0,142.849,142.856
1748009098734.0,142.848,142.855
1748009098734.0,142.848,142.855
1748009099153.0,142.844,142.851
1748009099153.0,142.844,142.851
1748009100067.0,142.839,142.846
1748009100067.0,142.839,142.846
1748009100366.0,142.836,142.843
1748009100366.0,142.836,142.843
1748009101347.0,142.838,142.845
1748009101347.0,142.838,142.845
1748009101606.0,142.843,142.85
1748009101606.0,142.843,142.85
1748009101746.0,142.848,142.855
1748009101746.0,142.848,142.855
1748009102165.0,142.845,142.852
1748009102165.0,142.845,142.852
1748009102451.0,142.848,142.855
1748009102451.0,142.848,142.855
1748009103428.0,142.844,142.851
1748009103428.0,142.844,142.851
1748009103707.0,142.845,142.852
1748009103707.0,142.845,142.852
1748009104547.0,142.839,142.846
1748009104547.0,142.839,142.846
1748009104688.0,142.838,142.845
1748009104688.0,142.838,142.845
1748009105543.0,142.837,142.844
1748009105543.0,142.837,142.844
1748009105969.0,142.83,142.837
1748009105969.0,142.83,142.837
1748009106244.0,142.831,142.838
1748009106244.0,142.831,142.838
1748009106525.0,142.832,142.839
1748009106525.0,142.832,142.839
1748009106811.0,142.834,142.841
1748009106811.0,142.834,142.841
1748009107226.0,142.832,142.839
1748009107226.0,142.832,142.839
1748009108061.0,142.835,142.842
1748009108061.0,142.835,142.842
1748009108570.0,142.833,142.84
1748009108570.0,142.833,142.84
1748009109131.0,142.832,142.839
1748009109131.0,142.832,142.839
1748009109272.0,142.83,142.837
1748009109272.0,142.83,142.837
1748009109551.0,142.831,142.838
1748009109551.0,142.831,142.838
1748009109834.0,142.832,142.839
1748009109834.0,142.832,142.839
1748009109971.0,142.831,142.838
1748009109971.0,142.831,142.838
1748009111142.0,142.83,142.837
1748009111142.0,142.83,142.837
1748009111703.0,142.831,142.838
1748009111703.0,142.831,142.838
1748009112165.0,142.824,142.831
1748009112165.0,142.824,142.831
1748009112725.0,142.825,142.832
1748009112725.0,142.825,142.832
1748009113285.0,142.824,142.831
1748009113285.0,142.824,142.831
1748009114754.0,142.825,142.832
1748009114754.0,142.825,142.832
1748009115169.0,142.824,142.831
1748009115169.0,142.824,142.831
1748009115451.0,142.823,142.83
1748009115451.0,142.823,142.83
1748009115729.0,142.817,142.824
1748009115729.0,142.817,142.824
1748009116862.0,142.815,142.822
1748009116862.0,142.815,142.822
1748009117142.0,142.804,142.811
1748009117142.0,142.804,142.811
1748009117745.0,142.813,142.82
1748009117745.0,142.813,142.82
1748009118279.0,142.818,142.825
1748009118279.0,142.818,142.825
1748009118556.0,142.819,142.826
1748009118556.0,142.819,142.826
1748009118954.0,142.818,142.825
1748009118954.0,142.818,142.825
1748009120840.0,142.821,142.828
1748009120840.0,142.821,142.828
1748009121117.0,142.817,142.824
1748009121117.0,142.817,142.824
1748009121639.0,142.818,142.825
1748009121639.0,142.818,142.825
1748009123466.0,142.816,142.823
1748009123466.0,142.816,142.823
1748009124026.0,142.812,142.819
1748009124026.0,142.812,142.819
1748009126342.0,142.814,142.821
1748009126342.0,142.814,142.821
1748009126623.0,142.813,142.82
1748009126623.0,142.813,142.82
1748009127044.0,142.812,142.819
1748009127044.0,142.812,142.819
1748009127986.0,142.813,142.82
1748009127986.0,142.813,142.82
1748009128413.0,142.812,142.819
1748009128413.0,142.812,142.819
1748009129370.0,142.816,142.823
1748009129370.0,142.816,142.823
1748009130095.0,142.815,142.822
1748009130095.0,142.815,142.822
1748009130560.0,142.816,142.823
1748009130560.0,142.816,142.823
1748009130841.0,142.814,142.821
1748009130841.0,142.814,142.821
1748009131126.0,142.815,142.822
1748009131126.0,142.815,142.822
1748009131703.0,142.812,142.819
1748009131703.0,142.812,142.819
1748009131820.0,142.81,142.817
1748009131820.0,142.81,142.817
1748009132660.0,142.811,142.818
1748009132660.0,142.811,142.818
1748009133679.0,142.808,142.815
1748009133679.0,142.808,142.815
1748009133814.0,142.8,142.807
1748009133814.0,142.8,142.807
1748009133958.0,142.803,142.81
1748009133958.0,142.803,142.81
1748009134636.0,142.814,142.821
1748009134636.0,142.814,142.821
1748009135054.0,142.813,142.82
1748009135054.0,142.813,142.82
1748009136017.0,142.812,142.819
1748009136017.0,142.812,142.819
1748009136298.0,142.813,142.82
1748009136298.0,142.813,142.82
1748009136575.0,142.811,142.818
1748009136575.0,142.811,142.818
1748009137533.0,142.813,142.82
1748009137533.0,142.813,142.82
1748009137812.0,142.818,142.825
1748009137812.0,142.818,142.825
1748009137955.0,142.821,142.828
1748009137955.0,142.821,142.828
1748009138084.0,142.822,142.829
1748009138084.0,142.822,142.829
1748009138224.0,142.823,142.83
1748009138224.0,142.823,142.83
1748009138504.0,142.822,142.829
1748009138504.0,142.822,142.829
1748009139064.0,142.819,142.826
1748009139064.0,142.819,142.826
1748009139631.0,142.821,142.828
1748009139631.0,142.821,142.828
1748009140274.0,142.818,142.825
1748009140274.0,142.818,142.825
1748009140554.0,142.819,142.826
1748009140554.0,142.819,142.826
1748009141681.0,142.818,142.825
1748009141681.0,142.818,142.825
1748009142286.0,142.813,142.82
1748009142286.0,142.813,142.82
1748009143040.0,142.811,142.818
1748009143040.0,142.811,142.818
1748009143678.0,142.813,142.82
1748009143678.0,142.813,142.82
1748009144784.0,142.815,142.822
1748009144784.0,142.815,142.822
1748009145216.0,142.814,142.821
1748009145216.0,142.814,142.821
1748009145623.0,142.813,142.82
1748009145623.0,142.813,142.82
1748009146047.0,142.812,142.819
1748009146047.0,142.812,142.819
1748009146189.0,142.805,142.812
1748009146189.0,142.805,142.812
1748009146885.0,142.806,142.813
1748009146885.0,142.806,142.813
1748009147449.0,142.805,142.812
1748009147449.0,142.805,142.812
1748009149245.0,142.806,142.813
1748009149245.0,142.806,142.813
1748009149385.0,142.808,142.815
1748009149385.0,142.808,142.815
1748009150083.0,142.805,142.812
1748009150083.0,142.805,142.812
1748009150222.0,142.804,142.811
1748009150222.0,142.804,142.811
1748009150503.0,142.812,142.819
1748009150503.0,142.812,142.819
1748009150785.0,142.81,142.817
1748009150785.0,142.81,142.817
1748009151208.0,142.807,142.814
1748009151208.0,142.807,142.814
1748009151622.0,142.808,142.815
1748009151622.0,142.808,142.815
1748009152043.0,142.809,142.816
1748009152043.0,142.809,142.816
1748009153317.0,142.808,142.815
1748009153317.0,142.808,142.815
1748009153740.0,142.807,142.814
1748009153740.0,142.807,142.814
1748009154739.0,142.808,142.815
1748009154739.0,142.808,142.815
1748009154877.0,142.811,142.818
1748009154877.0,142.811,142.818
1748009155158.0,142.809,142.816
1748009155158.0,142.809,142.816
1748009155723.0,142.808,142.815
1748009155723.0,142.808,142.815
1748009156710.0,142.81,142.817
1748009156710.0,142.81,142.817
1748009157130.0,142.808,142.815
1748009157130.0,142.808,142.815
1748009157927.0,142.841,142.848
1748009157927.0,142.841,142.848
1748009158075.0,142.836,142.843
1748009158075.0,142.836,142.843
1748009158206.0,142.835,142.842
1748009158206.0,142.835,142.842
1748009158345.0,142.833,142.84
1748009158345.0,142.833,142.84
1748009158630.0,142.848,142.855
1748009158630.0,142.848,142.855
1748009158781.0,142.847,142.854
1748009158781.0,142.847,142.854
1748009159659.0,142.846,142.853
1748009159659.0,142.846,142.853
1748009160443.0,142.844,142.851
1748009160443.0,142.844,142.851
1748009161308.0,142.845,142.852
1748009161308.0,142.845,142.852
1748009161583.0,142.852,142.859
1748009161583.0,142.852,142.859
1748009161730.0,142.854,142.861
1748009161730.0,142.854,142.861
1748009162142.0,142.854,142.861
1748009162142.0,142.854,142.861
1748009162704.0,142.851,142.858
1748009162704.0,142.851,142.858
1748009162984.0,142.844,142.851
1748009162984.0,142.844,142.851
1748009163563.0,142.847,142.854
1748009163563.0,142.847,142.854
1748009163704.0,142.851,142.858
1748009163704.0,142.851,142.858
1748009163850.0,142.854,142.861
1748009163850.0,142.854,142.861
1748009164264.0,142.851,142.858
1748009164264.0,142.851,142.858
1748009164546.0,142.851,142.858
1748009164546.0,142.851,142.858
1748009165384.0,142.854,142.861
1748009165384.0,142.854,142.861
1748009165840.0,142.855,142.862
1748009165840.0,142.855,142.862
1748009165979.0,142.856,142.863
1748009165979.0,142.856,142.863
1748009166573.0,142.855,142.862
1748009166573.0,142.855,142.862
1748009167318.0,142.854,142.861
1748009167318.0,142.854,142.861
1748009168045.0,142.854,142.861
1748009168045.0,142.854,142.861
1748009168317.0,142.85,142.857
1748009168317.0,142.85,142.857
1748009168458.0,142.853,142.86
1748009168458.0,142.853,142.86
1748009168740.0,142.854,142.861
1748009168740.0,142.854,142.861
1748009169017.0,142.853,142.86
1748009169017.0,142.853,142.86
1748009170045.0,142.854,142.861
1748009170045.0,142.854,142.861
1748009170331.0,142.855,142.862
1748009170331.0,142.855,142.862
1748009170466.0,142.857,142.864
1748009170466.0,142.857,142.864
1748009171145.0,142.866,142.873
1748009171145.0,142.866,142.873
1748009171556.0,142.865,142.872
1748009171556.0,142.865,142.872
1748009171695.0,142.866,142.873
1748009171695.0,142.866,142.873
1748009171836.0,142.865,142.872
1748009171836.0,142.865,142.872
1748009172257.0,142.871,142.878
1748009172257.0,142.871,142.878
1748009172399.0,142.866,142.873
1748009172399.0,142.866,142.873
1748009173597.0,142.874,142.881
1748009173597.0,142.874,142.881
1748009173875.0,142.875,142.882
1748009173875.0,142.875,142.882
1748009174011.0,142.876,142.883
1748009174011.0,142.876,142.883
1748009174284.0,142.875,142.882
1748009174284.0,142.875,142.882
1748009175970.0,142.875,142.882
1748009175970.0,142.875,142.882
1748009176252.0,142.873,142.88
1748009176252.0,142.873,142.88
1748009176808.0,142.872,142.879
1748009176808.0,142.872,142.879
1748009177373.0,142.871,142.878
1748009177373.0,142.871,142.878
1748009177509.0,142.873,142.88
1748009177509.0,142.873,142.88
1748009178141.0,142.874,142.881
1748009178141.0,142.874,142.881
1748009178419.0,142.873,142.88
1748009178419.0,142.873,142.88
1748009179166.0,142.873,142.88
1748009179166.0,142.873,142.88
1748009179446.0,142.882,142.889
1748009179446.0,142.882,142.889
1748009179729.0,142.882,142.889
1748009179729.0,142.882,142.889
1748009180304.0,142.88,142.887
1748009180304.0,142.88,142.887
1748009180800.0,142.878,142.885
1748009180800.0,142.878,142.885
1748009181558.0,142.874,142.881
1748009181558.0,142.874,142.881
1748009181850.0,142.873,142.88
1748009181850.0,142.873,142.88
1748009182747.0,142.875,142.882
1748009182747.0,142.875,142.882
1748009183168.0,142.876,142.883
1748009183168.0,142.876,142.883
1748009183447.0,142.879,142.886
1748009183447.0,142.879,142.886
1748009183728.0,142.876,142.883
1748009183728.0,142.876,142.883
1748009184410.0,142.875,142.882
1748009184410.0,142.875,142.882
1748009185415.0,142.873,142.88
1748009185415.0,142.873,142.88
1748009186115.0,142.87,142.877
1748009186115.0,142.87,142.877
1748009186411.0,142.869,142.876
1748009186411.0,142.869,142.876
1748009187391.0,142.871,142.878
1748009187391.0,142.871,142.878
1748009188509.0,142.869,142.876
1748009188509.0,142.869,142.876
1748009188790.0,142.87,142.877
1748009188790.0,142.87,142.877
1748009189366.0,142.865,142.872
1748009189366.0,142.865,142.872
1748009190639.0,142.868,142.875
1748009190639.0,142.868,142.875
1748009190919.0,142.869,142.876
1748009190919.0,142.869,142.876
1748009191479.0,142.864,142.881
1748009191479.0,142.864,142.881
1748009192548.0,142.861,142.883
1748009192548.0,142.861,142.883
1748009193826.0,,142.892
1748009193826.0,,142.892
1748009194108.0,142.871,142.898
1748009194108.0,142.871,142.898
1748009194248.0,142.876,
1748009194248.0,142.876,
1748009196281.0,142.875,142.902
1748009196281.0,142.875,142.902
1748009196709.0,142.872,142.899
1748009196709.0,142.872,142.899
1748009196840.0,142.873,142.9
1748009196840.0,142.873,142.9
1748009197119.0,,142.899
1748009197119.0,,142.899
1748009199134.0,142.874,
1748009199134.0,142.874,
1748009200201.0,,142.896
1748009200201.0,,142.896
1748009200762.0,142.883,142.89
1748009200762.0,142.883,142.89
1748009201401.0,142.875,142.882
1748009201401.0,142.875,142.882
1748009201821.0,142.873,142.88
1748009201821.0,142.873,142.88
1748009202667.0,142.874,142.881
1748009202667.0,142.874,142.881
1748009203043.0,142.873,142.88
1748009203043.0,142.873,142.88
1748009203463.0,142.866,142.873
1748009203463.0,142.866,142.873
1748009203612.0,142.863,142.87
1748009203612.0,142.863,142.87
1748009204167.0,142.864,142.871
1748009204167.0,142.864,142.871
1748009204302.0,142.865,142.872
1748009204302.0,142.865,142.872
1748009205710.0,142.866,142.873
1748009205710.0,142.866,142.873
1748009206865.0,142.871,142.878
1748009206865.0,142.871,142.878
1748009207424.0,142.87,142.877
1748009207424.0,142.87,142.877
1748009207706.0,142.872,142.879
1748009207706.0,142.872,142.879
1748009208406.0,142.871,142.878
1748009208406.0,142.871,142.878
1748009208555.0,142.87,142.877
1748009208555.0,142.87,142.877
1748009208966.0,142.866,142.873
1748009208966.0,142.866,142.873
1748009209567.0,142.863,142.87
1748009209567.0,142.863,142.87
1748009210128.0,142.863,142.87
1748009210128.0,142.863,142.87
1748009210421.0,142.859,142.866
1748009210421.0,142.859,142.866
1748009210548.0,142.857,142.864
1748009210548.0,142.857,142.864
1748009210840.0,142.856,142.863
1748009210840.0,142.856,142.863
1748009211107.0,142.854,142.861
1748009211107.0,142.854,142.861
1748009211525.0,142.855,142.862
1748009211525.0,142.855,142.862
1748009212182.0,142.856,142.863
1748009212182.0,142.856,142.863
1748009213019.0,142.86,142.867
1748009213019.0,142.86,142.867
1748009213306.0,142.859,142.866
1748009213306.0,142.859,142.866
1748009213439.0,142.863,142.87
1748009213439.0,142.863,142.87
1748009214729.0,142.865,142.872
1748009214729.0,142.865,142.872
1748009215945.0,142.866,142.873
1748009215945.0,142.866,142.873
1748009216222.0,142.864,142.871
1748009216222.0,142.864,142.871
1748009216503.0,142.862,142.869
1748009216503.0,142.862,142.869
1748009217481.0,142.861,142.868
1748009217481.0,142.861,142.868
1748009217761.0,142.86,142.867
1748009217761.0,142.86,142.867
1748009217901.0,142.858,142.865
1748009217901.0,142.858,142.865
1748009218574.0,142.86,142.867
1748009218574.0,142.86,142.867
1748009219572.0,142.859,142.866
1748009219572.0,142.859,142.866
1748009221021.0,142.859,142.866
1748009221021.0,142.859,142.866
1748009221779.0,142.857,142.864
1748009221779.0,142.857,142.864
1748009221927.0,142.861,142.868
1748009221927.0,142.861,142.868
1748009222201.0,142.862,142.869
1748009222201.0,142.862,142.869
1748009222619.0,142.86,142.867
1748009222619.0,142.86,142.867
1748009222760.0,142.861,142.868
1748009222760.0,142.861,142.868
1748009223077.0,142.859,142.866
1748009223077.0,142.859,142.866
1748009223354.0,142.86,142.867
1748009223354.0,142.86,142.867
1748009223631.0,142.863,142.87
1748009223631.0,142.863,142.87
1748009223768.0,142.862,142.869
1748009223768.0,142.862,142.869
1748009224191.0,142.861,142.868
1748009224191.0,142.861,142.868
1748009224657.0,142.862,142.869
1748009224657.0,142.862,142.869
1748009226142.0,142.861,142.868
1748009226142.0,142.861,142.868
1748009226840.0,142.862,142.869
1748009226840.0,142.862,142.869
1748009227121.0,142.861,142.868
1748009227121.0,142.861,142.868
1748009227881.0,142.871,142.878
1748009227881.0,142.871,142.878
1748009228005.0,142.872,142.879
1748009228005.0,142.872,142.879
1748009228293.0,142.871,142.878
1748009228293.0,142.871,142.878
1748009229231.0,142.872,142.879
1748009229231.0,142.872,142.879
1748009229651.0,142.871,142.878
1748009229651.0,142.871,142.878
1748009230092.0,142.869,142.876
1748009230092.0,142.869,142.876
1748009232870.0,142.874,142.881
1748009232870.0,142.874,142.881
1748009233294.0,142.87,142.877
1748009233294.0,142.87,142.877
1748009233578.0,142.873,142.88
1748009233578.0,142.873,142.88
1748009233990.0,142.871,142.878
1748009233990.0,142.871,142.878
1748009234131.0,142.87,142.877
1748009234131.0,142.87,142.877
1748009234410.0,142.869,142.876
1748009234410.0,142.869,142.876
1748009235445.0,142.866,142.873
1748009235445.0,142.866,142.873
1748009236007.0,142.867,142.874
1748009236007.0,142.867,142.874
1748009236291.0,142.866,142.873
1748009236291.0,142.866,142.873
1748009237294.0,142.86,142.867
1748009237294.0,142.86,142.867
1748009238556.0,142.854,142.861
1748009238556.0,142.854,142.861
1748009238836.0,142.852,142.859
1748009238836.0,142.852,142.859
1748009239610.0,142.853,142.86
1748009239610.0,142.853,142.86
1748009239756.0,142.855,142.862
1748009239756.0,142.855,142.862
1748009240696.0,142.856,142.863
1748009240696.0,142.856,142.863
1748009241672.0,142.855,142.862
1748009241672.0,142.855,142.862
1748009242377.0,142.854,142.861
1748009242377.0,142.854,142.861
1748009242516.0,142.855,142.862
1748009242516.0,142.855,142.862
1748009242804.0,142.854,142.861
1748009242804.0,142.854,142.861
1748009242933.0,142.855,142.862
1748009242933.0,142.855,142.862
1748009243780.0,142.854,142.861
1748009243780.0,142.854,142.861
1748009244055.0,142.855,142.862
1748009244055.0,142.855,142.862
1748009244475.0,142.858,142.865
1748009244475.0,142.858,142.865
1748009244616.0,142.857,142.864
1748009244616.0,142.857,142.864
1748009245455.0,142.858,142.865
1748009245455.0,142.858,142.865
1748009246075.0,142.859,142.866
1748009246075.0,142.859,142.866
1748009246352.0,142.858,142.865
1748009246352.0,142.858,142.865
1748009246923.0,142.857,142.864
1748009246923.0,142.857,142.864
1748009247675.0,142.855,142.862
1748009247675.0,142.855,142.862
1748009247817.0,142.854,142.861
1748009247817.0,142.854,142.861
1748009247956.0,142.851,142.858
1748009247956.0,142.851,142.858
1748009249726.0,142.853,142.86
1748009249726.0,142.853,142.86
1748009250642.0,142.857,142.864
1748009250642.0,142.857,142.864
1748009250921.0,142.856,142.863
1748009250921.0,142.856,142.863
1748009251200.0,142.854,142.861
1748009251200.0,142.854,142.861
1748009252491.0,142.852,142.859
1748009252491.0,142.852,142.859
1748009252635.0,142.845,142.852
1748009252635.0,142.845,142.852
1748009252912.0,142.842,142.849
1748009252912.0,142.842,142.849
1748009253051.0,142.841,142.848
1748009253051.0,142.841,142.848
1748009253472.0,142.842,142.849
1748009253472.0,142.842,142.849
1748009253752.0,142.843,142.85
1748009253752.0,142.843,142.85
1748009254033.0,142.844,142.851
1748009254033.0,142.844,142.851
1748009255216.0,142.845,142.852
1748009255216.0,142.845,142.852
1748009255906.0,142.839,142.846
1748009255906.0,142.839,142.846
1748009256189.0,142.842,142.849
1748009256189.0,142.842,142.849
1748009256340.0,142.843,142.85
1748009256340.0,142.843,142.85
1748009256467.0,142.845,142.852
1748009256467.0,142.845,142.852
1748009257434.0,142.843,142.85
1748009257434.0,142.843,142.85
1748009257579.0,142.842,142.849
1748009257579.0,142.842,142.849
1748009258024.0,142.84,142.847
1748009258024.0,142.84,142.847
1748009258157.0,142.842,142.849
1748009258157.0,142.842,142.849
1748009258579.0,142.839,142.846
1748009258579.0,142.839,142.846
1748009259204.0,142.842,142.849
1748009259204.0,142.842,142.849
1748009259992.0,142.839,142.846
1748009259992.0,142.839,142.846
1748009260410.0,142.839,142.846
1748009260410.0,142.839,142.846
1748009260692.0,142.841,142.848
1748009260692.0,142.841,142.848
1748009260831.0,142.842,142.849
1748009260831.0,142.842,142.849
1748009261117.0,142.84,142.847
1748009261117.0,142.84,142.847
1748009261532.0,142.837,142.844
1748009261532.0,142.837,142.844
1748009262645.0,142.838,142.845
1748009262645.0,142.838,142.845
1748009263065.0,142.841,142.848
1748009263065.0,142.841,142.848
1748009263627.0,142.841,142.848
1748009263627.0,142.841,142.848
1748009263907.0,142.844,142.851
1748009263907.0,142.844,142.851
1748009264046.0,142.845,142.852
1748009264046.0,142.845,142.852
1748009264773.0,142.842,142.849
1748009264773.0,142.842,142.849
1748009265476.0,142.839,142.846
1748009265476.0,142.839,142.846
1748009265750.0,142.839,142.846
1748009265750.0,142.839,142.846
1748009265889.0,142.842,142.849
1748009265889.0,142.842,142.849
1748009266485.0,142.84,142.847
1748009266485.0,142.84,142.847
1748009266765.0,142.837,142.844
1748009266765.0,142.837,142.844
1748009267467.0,142.835,142.842
1748009267467.0,142.835,142.842
1748009267885.0,142.832,142.839
1748009267885.0,142.832,142.839
1748009268028.0,142.831,142.838
1748009268028.0,142.831,142.838
1748009268866.0,142.832,142.839
1748009268866.0,142.832,142.839
1748009269151.0,142.835,142.842
1748009269151.0,142.835,142.842
1748009269294.0,142.845,142.852
1748009269294.0,142.845,142.852
1748009269845.0,142.842,142.849
1748009269845.0,142.842,142.849
1748009270266.0,142.842,142.849
1748009270266.0,142.842,142.849
1748009270767.0,142.845,142.852
1748009270767.0,142.845,142.852
1748009271282.0,142.842,142.849
1748009271282.0,142.842,142.849
1748009271423.0,142.841,142.848
1748009271423.0,142.841,142.848
1748009271985.0,142.845,142.852
1748009271985.0,142.845,142.852
1748009272686.0,142.846,142.853
1748009272686.0,142.846,142.853
1748009274084.0,142.845,142.852
1748009274084.0,142.845,142.852
1748009277870.0,142.836,142.843
1748009277870.0,142.836,142.843
1748009278292.0,142.831,142.838
1748009278292.0,142.831,142.838
1748009279057.0,142.83,142.837
1748009279057.0,142.83,142.837
1748009279478.0,142.832,142.839
1748009279478.0,142.832,142.839
1748009280036.0,142.831,142.838
1748009280036.0,142.831,142.838
1748009280335.0,142.83,142.837
1748009280335.0,142.83,142.837
1748009280457.0,142.831,142.838
1748009280457.0,142.831,142.838
1748009281348.0,142.833,142.84
1748009281348.0,142.833,142.84
1748009281911.0,142.832,142.839
1748009281911.0,142.832,142.839
1748009282477.0,142.831,142.838
1748009282477.0,142.831,142.838
1748009284159.0,142.83,142.837
1748009284159.0,142.83,142.837
1748009284912.0,142.826,142.833
1748009284912.0,142.826,142.833
1748009285060.0,142.825,142.832
1748009285060.0,142.825,142.832
1748009286751.0,142.824,142.831
1748009286751.0,142.824,142.831
1748009287169.0,142.823,142.83
1748009287169.0,142.823,142.83
1748009287449.0,142.82,142.827
1748009287449.0,142.82,142.827
1748009287605.0,142.811,142.818
1748009287605.0,142.811,142.818
1748009287735.0,142.81,142.817
1748009287735.0,142.81,142.817
1748009287870.0,142.811,142.818
1748009287870.0,142.811,142.818
1748009288428.0,142.814,142.821
1748009288428.0,142.814,142.821
1748009288989.0,142.815,142.822
1748009288989.0,142.815,142.822
1748009289282.0,142.814,142.821
1748009289282.0,142.814,142.821
1748009289550.0,142.815,142.822
1748009289550.0,142.815,142.822
1748009290529.0,142.814,142.821
1748009290529.0,142.814,142.821
1748009290670.0,142.815,142.822
1748009290670.0,142.815,142.822
1748009292260.0,142.817,142.824
1748009292260.0,142.817,142.824
1748009292531.0,142.82,142.827
1748009292531.0,142.82,142.827
1748009293097.0,142.819,142.826
1748009293097.0,142.819,142.826
1748009293235.0,142.815,142.822
1748009293235.0,142.815,142.822
1748009294776.0,142.814,142.821
1748009294776.0,142.814,142.821
1748009295209.0,142.815,142.822
1748009295209.0,142.815,142.822
1748009296988.0,142.811,142.818
1748009296988.0,142.811,142.818
1748009299398.0,142.813,142.82
1748009299398.0,142.813,142.82
1748009300243.0,142.803,142.81
1748009300243.0,142.803,142.81
1748009300378.0,142.801,142.808
1748009300378.0,142.801,142.808
1748009300518.0,142.803,142.81
1748009300518.0,142.803,142.81
1748009301133.0,142.802,142.809
1748009301133.0,142.802,142.809
1748009303215.0,142.798,142.805
1748009303215.0,142.798,142.805
1748009303355.0,142.797,142.804
1748009303355.0,142.797,142.804
1748009304510.0,142.787,142.794
1748009304510.0,142.787,142.794
1748009304929.0,142.788,142.795
1748009304929.0,142.788,142.795
1748009305217.0,142.781,142.788
1748009305217.0,142.781,142.788
1748009305633.0,142.783,142.79
1748009305633.0,142.783,142.79
1748009305769.0,142.782,142.789
1748009305769.0,142.782,142.789
1748009306366.0,142.783,142.79
1748009306366.0,142.783,142.79
1748009306646.0,142.783,142.79
1748009306646.0,142.783,142.79
1748009307272.0,142.78,142.787
1748009307272.0,142.78,142.787
1748009308112.0,142.778,142.785
1748009308112.0,142.778,142.785
1748009308404.0,142.776,142.783
1748009308404.0,142.776,142.783
1748009308813.0,142.775,142.782
1748009308813.0,142.775,142.782
1748009309233.0,142.777,142.784
1748009309233.0,142.777,142.784
1748009309667.0,142.785,142.792
1748009309667.0,142.785,142.792
1748009310076.0,142.784,142.791
1748009310076.0,142.784,142.791
1748009310491.0,142.786,142.793
1748009310491.0,142.786,142.793
1748009310773.0,142.785,142.792
1748009310773.0,142.785,142.792
1748009310922.0,142.78,142.787
1748009310922.0,142.78,142.787
1748009311193.0,142.781,142.788
1748009311193.0,142.781,142.788
1748009311612.0,142.782,142.789
1748009311612.0,142.782,142.789
1748009311898.0,142.784,142.791
1748009311898.0,142.784,142.791
1748009312312.0,142.782,142.789
1748009312312.0,142.782,142.789
1748009312591.0,142.783,142.79
1748009312591.0,142.783,142.79
1748009312742.0,142.779,142.786
1748009312742.0,142.779,142.786
1748009312872.0,142.781,142.788
1748009312872.0,142.781,142.788
1748009314586.0,142.784,142.791
1748009314586.0,142.784,142.791
1748009314727.0,142.783,142.79
1748009314727.0,142.783,142.79
1748009315007.0,142.784,142.791
1748009315007.0,142.784,142.791
1748009315285.0,142.781,142.788
1748009315285.0,142.781,142.788
1748009315720.0,142.781,142.788
1748009315720.0,142.781,142.788
1748009317046.0,142.772,142.779
1748009317046.0,142.772,142.779
1748009317326.0,142.771,142.778
1748009317326.0,142.771,142.778
1748009317604.0,142.774,142.781
1748009317604.0,142.774,142.781
1748009318949.0,142.774,142.781
1748009318949.0,142.774,142.781
1748009319230.0,142.775,142.782
1748009319230.0,142.775,142.782
1748009319509.0,142.772,142.779
1748009319509.0,142.772,142.779
1748009320210.0,142.774,142.781
1748009320210.0,142.774,142.781
1748009320489.0,142.778,142.785
1748009320489.0,142.778,142.785
1748009320774.0,142.774,142.781
1748009320774.0,142.774,142.781
1748009320909.0,142.773,142.78
1748009320909.0,142.773,142.78
1748009321472.0,142.774,142.781
1748009321472.0,142.774,142.781
1748009323000.0,142.777,142.784
1748009323000.0,142.777,142.784
1748009323559.0,142.776,142.783
1748009323559.0,142.776,142.783
1748009323995.0,142.768,142.775
1748009323995.0,142.768,142.775
1748009324261.0,142.767,142.774
1748009324261.0,142.767,142.774
1748009325100.0,142.766,142.773
1748009325100.0,142.766,142.773
1748009326561.0,142.767,142.774
1748009326561.0,142.767,142.774
1748009326851.0,142.771,142.778
1748009326851.0,142.771,142.778
1748009326981.0,142.772,142.779
1748009326981.0,142.772,142.779
1748009328013.0,142.767,142.774
1748009328013.0,142.767,142.774
1748009328619.0,142.766,142.773
1748009328619.0,142.766,142.773
1748009329375.0,142.773,142.78
1748009329375.0,142.773,142.78
1748009329514.0,142.766,142.773
1748009329514.0,142.766,142.773
1748009329952.0,142.761,142.768
1748009329952.0,142.761,142.768
1748009330107.0,142.758,142.765
1748009330107.0,142.758,142.765
1748009330658.0,142.757,142.764
1748009330658.0,142.757,142.764
1748009330932.0,142.754,142.761
1748009330932.0,142.754,142.761
1748009331213.0,142.753,142.76
1748009331213.0,142.753,142.76
1748009331369.0,142.754,142.761
1748009331369.0,142.754,142.761
1748009331796.0,142.753,142.76
1748009331796.0,142.753,142.76
1748009331937.0,142.75,142.757
1748009331937.0,142.75,142.757
1748009332221.0,142.752,142.759
1748009332221.0,142.752,142.759
1748009332494.0,142.752,142.759
1748009332494.0,142.752,142.759
1748009333082.0,142.753,142.76
1748009333082.0,142.753,142.76
1748009333362.0,142.753,142.76
1748009333362.0,142.753,142.76
1748009333641.0,142.754,142.761
1748009333641.0,142.754,142.761
1748009333920.0,142.757,142.764
1748009333920.0,142.757,142.764
1748009334069.0,142.76,142.767
1748009334069.0,142.76,142.767
1748009334342.0,142.761,142.768
1748009334342.0,142.761,142.768
1748009335878.0,142.762,142.769
1748009335878.0,142.762,142.769
1748009336481.0,142.763,142.77
1748009336481.0,142.763,142.77
1748009336893.0,142.762,142.769
1748009336893.0,142.762,142.769
1748009337312.0,142.763,142.77
1748009337312.0,142.763,142.77
1748009337598.0,142.757,142.764
1748009337598.0,142.757,142.764
1748009337872.0,142.756,142.763
1748009337872.0,142.756,142.763
1748009338015.0,142.757,142.764
1748009338015.0,142.757,142.764
1748009338292.0,142.756,142.763
1748009338292.0,142.756,142.763
1748009338713.0,142.757,142.764
1748009338713.0,142.757,142.764
1748009339176.0,142.756,142.763
1748009339176.0,142.756,142.763
1748009340015.0,142.753,142.76
1748009340015.0,142.753,142.76
1748009340294.0,142.755,142.762
1748009340294.0,142.755,142.762
1748009340716.0,142.753,142.76
1748009340716.0,142.753,142.76
1748009340874.0,142.751,142.758
1748009340874.0,142.751,142.758
1748009341274.0,142.752,142.759
1748009341274.0,142.752,142.759
1748009341975.0,142.751,142.758
1748009341975.0,142.751,142.758
1748009342395.0,142.754,142.761
1748009342395.0,142.754,142.761
1748009342536.0,142.752,142.759
1748009342536.0,142.752,142.759
1748009343480.0,142.752,142.759
1748009343480.0,142.752,142.759
1748009343620.0,142.753,142.76
1748009343620.0,142.753,142.76
1748009345139.0,142.752,142.759
1748009345139.0,142.752,142.759
1748009345561.0,142.751,142.758
1748009345561.0,142.751,142.758
1748009347454.0,142.743,142.75
1748009347454.0,142.743,142.75
1748009347589.0,142.74,142.747
1748009347589.0,142.74,142.747
1748009348010.0,142.738,142.745
1748009348010.0,142.738,142.745
1748009348581.0,142.739,142.746
1748009348581.0,142.739,142.746
1748009349128.0,142.741,142.748
1748009349128.0,142.741,142.748
1748009351342.0,142.732,142.739
1748009351342.0,142.732,142.739
1748009351904.0,142.731,142.738
1748009351904.0,142.731,142.738
1748009352183.0,142.73,142.737
1748009352183.0,142.73,142.737
1748009352746.0,142.726,142.733
1748009352746.0,142.726,142.733
1748009353028.0,142.727,142.734
1748009353028.0,142.727,142.734
1748009353447.0,142.731,142.738
1748009353447.0,142.731,142.738
1748009353723.0,142.73,142.737
1748009353723.0,142.73,142.737
1748009354878.0,142.731,142.738
1748009354878.0,142.731,142.738
1748009355442.0,142.729,142.736
1748009355442.0,142.729,142.736
1748009355724.0,142.73,142.737
1748009355724.0,142.73,142.737
1748009356164.0,142.731,142.738
1748009356164.0,142.731,142.738
1748009356304.0,142.73,142.737
1748009356304.0,142.73,142.737
1748009356594.0,142.731,142.738
1748009356594.0,142.731,142.738
1748009358029.0,142.732,142.739
1748009358029.0,142.732,142.739
1748009358586.0,142.734,142.741
1748009358586.0,142.734,142.741
1748009358740.0,142.736,142.743
1748009358740.0,142.736,142.743
1748009359073.0,142.735,142.742
1748009359073.0,142.735,142.742
1748009359354.0,142.732,142.739
1748009359354.0,142.732,142.739
1748009360181.0,142.735,142.742
1748009360181.0,142.735,142.742
1748009360882.0,142.736,142.743
1748009360882.0,142.736,142.743
1748009361164.0,142.742,142.749
1748009361164.0,142.742,142.749
1748009361442.0,142.74,142.747
1748009361442.0,142.74,142.747
1748009361722.0,142.741,142.748
1748009361722.0,142.741,142.748
1748009363103.0,142.737,142.744
1748009363103.0,142.737,142.744
1748009363806.0,142.739,142.746
1748009363806.0,142.739,142.746
1748009364956.0,142.741,142.748
1748009364956.0,142.741,142.748
1748009365375.0,142.74,142.747
1748009365375.0,142.74,142.747
1748009366237.0,142.735,142.742
1748009366237.0,142.735,142.742
1748009367388.0,142.736,142.743
1748009367388.0,142.736,142.743
1748009369704.0,142.734,142.741
1748009369704.0,142.734,142.741
1748009369986.0,142.735,142.742
1748009369986.0,142.735,142.742
1748009370123.0,142.733,142.74
1748009370123.0,142.733,142.74
1748009370266.0,142.734,142.741
1748009370266.0,142.734,142.741
1748009370546.0,142.736,142.743
1748009370546.0,142.736,142.743
1748009371245.0,142.733,142.74
1748009371245.0,142.733,142.74
1748009371525.0,142.734,142.741
1748009371525.0,142.734,142.741
1748009372440.0,142.735,142.742
1748009372440.0,142.735,142.742
1748009372725.0,142.732,142.739
1748009372725.0,142.732,142.739
1748009376262.0,142.733,142.74
1748009376262.0,142.733,142.74
1748009376403.0,142.734,142.741
1748009376403.0,142.734,142.741
1748009378266.0,142.735,142.742
1748009378266.0,142.735,142.742
1748009378532.0,142.735,142.742
1748009378532.0,142.735,142.742
1748009378809.0,142.733,142.74
1748009378809.0,142.733,142.74
1748009379228.0,142.73,142.737
1748009379228.0,142.73,142.737
1748009379510.0,142.729,142.736
1748009379510.0,142.729,142.736
1748009380685.0,142.725,142.732
1748009380685.0,142.725,142.732
1748009380966.0,142.725,142.732
1748009380966.0,142.725,142.732
1748009381246.0,142.719,142.726
1748009381246.0,142.719,142.726
1748009381814.0,142.71,142.717
1748009381814.0,142.71,142.717
1748009383619.0,142.712,142.719
1748009383619.0,142.712,142.719
1748009383760.0,142.715,142.722
1748009383760.0,142.715,142.722
1748009383899.0,142.713,142.72
1748009383899.0,142.713,142.72
1748009384040.0,142.71,142.717
1748009384040.0,142.71,142.717
1748009384741.0,142.714,142.721
1748009384741.0,142.714,142.721
1748009385034.0,142.712,142.719
1748009385034.0,142.712,142.719
1748009385162.0,142.71,142.717
1748009385162.0,142.71,142.717
1748009385578.0,142.709,142.716
1748009385578.0,142.709,142.716
1748009386611.0,142.705,142.712
1748009386611.0,142.705,142.712
1748009387191.0,142.706,142.713
1748009387191.0,142.706,142.713
1748009387762.0,142.705,142.712
1748009387762.0,142.705,142.712
1748009387892.0,142.704,142.711
1748009387892.0,142.704,142.711
1748009388031.0,142.701,142.708
1748009388031.0,142.701,142.708
1748009388453.0,142.704,142.711
1748009388453.0,142.704,142.711
1748009389654.0,142.701,142.708
1748009389654.0,142.701,142.708
1748009391979.0,142.699,142.706
1748009391979.0,142.699,142.706
1748009392129.0,142.698,142.705
1748009392129.0,142.698,142.705
1748009392680.0,142.693,142.7
1748009392680.0,142.693,142.7
1748009392958.0,142.695,142.702
1748009392958.0,142.695,142.702
1748009393242.0,142.698,142.705
1748009393242.0,142.698,142.705
1748009395081.0,142.693,142.7
1748009395081.0,142.693,142.7
1748009395224.0,142.694,142.701
1748009395224.0,142.694,142.701
1748009396361.0,142.695,142.702
1748009396361.0,142.695,142.702
1748009398606.0,142.694,142.701
1748009398606.0,142.694,142.701
1748009399032.0,142.692,142.699
1748009399032.0,142.692,142.699
1748009399166.0,142.691,142.698
1748009399166.0,142.691,142.698
1748009400482.0,142.692,142.699
1748009400482.0,142.692,142.699
1748009400768.0,142.693,142.7
1748009400768.0,142.693,142.7
1748009401041.0,142.692,142.699
1748009401041.0,142.692,142.699
1748009401461.0,142.694,142.701
1748009401461.0,142.694,142.701
1748009402023.0,142.694,142.701
1748009402023.0,142.694,142.701
1748009402862.0,142.697,142.704
1748009402862.0,142.697,142.704
1748009403002.0,142.699,142.706
1748009403002.0,142.699,142.706
1748009403422.0,142.689,142.696
1748009403422.0,142.689,142.696
1748009403982.0,142.688,142.695
1748009403982.0,142.688,142.695
1748009405439.0,142.685,142.692
1748009405439.0,142.685,142.692
1748009405718.0,142.684,142.691
1748009405718.0,142.684,142.691
1748009407113.0,142.69,142.697
1748009407113.0,142.69,142.697
1748009408132.0,142.691,142.698
1748009408132.0,142.691,142.698
1748009409255.0,142.687,142.694
1748009409255.0,142.687,142.694
1748009409406.0,142.69,142.697
1748009409406.0,142.69,142.697
1748009409671.0,142.692,142.699
1748009409671.0,142.692,142.699
1748009409806.0,142.69,142.697
1748009409806.0,142.69,142.697
1748009410294.0,142.691,142.698
1748009410294.0,142.691,142.698
1748009410715.0,142.688,142.695
1748009410715.0,142.688,142.695
1748009410998.0,142.689,142.696
1748009410998.0,142.689,142.696
1748009411288.0,142.691,142.698
1748009411288.0,142.691,142.698
1748009411435.0,142.694,142.701
1748009411435.0,142.694,142.701
1748009412017.0,142.702,142.709
1748009412017.0,142.702,142.709
1748009412297.0,142.712,142.719
1748009412297.0,142.712,142.719
1748009412583.0,142.71,142.717
1748009412583.0,142.71,142.717
1748009413416.0,142.711,142.718
1748009413416.0,142.711,142.718
1748009413698.0,142.71,142.717
1748009413698.0,142.71,142.717
1748009414282.0,142.703,142.71
1748009414282.0,142.703,142.71
1748009414554.0,142.7,142.707
1748009414554.0,142.7,142.707
1748009415153.0,142.699,142.706
1748009415153.0,142.699,142.706
1748009415579.0,142.701,142.708
1748009415579.0,142.701,142.708
1748009416449.0,142.695,142.702
1748009416449.0,142.695,142.702
1748009416593.0,142.694,142.701
1748009416593.0,142.694,142.701
1748009416730.0,142.698,142.705
1748009416730.0,142.698,142.705
1748009418162.0,142.697,142.704
1748009418162.0,142.697,142.704
1748009419241.0,142.694,142.701
1748009419241.0,142.694,142.701
1748009420216.0,142.696,142.703
1748009420216.0,142.696,142.703
1748009420956.0,142.698,142.705
1748009420956.0,142.698,142.705
1748009421233.0,142.695,142.702
1748009421233.0,142.695,142.702
1748009421513.0,142.694,142.701
1748009421513.0,142.694,142.701
1748009422243.0,142.695,142.702
1748009422243.0,142.695,142.702
1748009422383.0,142.698,142.705
1748009422383.0,142.698,142.705
1748009422807.0,142.695,142.702
1748009422807.0,142.695,142.702
1748009423083.0,142.694,142.701
1748009423083.0,142.694,142.701
1748009423748.0,142.695,142.702
1748009423748.0,142.695,142.702
1748009425366.0,142.694,142.701
1748009425366.0,142.694,142.701
1748009425928.0,142.698,142.705
1748009425928.0,142.698,142.705
1748009426206.0,142.7,142.707
1748009426206.0,142.7,142.707
1748009426907.0,142.701,142.708
1748009426907.0,142.701,142.708
1748009427371.0,142.699,142.706
1748009427371.0,142.699,142.706
1748009427649.0,142.7,142.707
1748009427649.0,142.7,142.707
1748009428074.0,142.699,142.706
1748009428074.0,142.699,142.706
1748009429406.0,142.7,142.707
1748009429406.0,142.7,142.707
1748009430319.0,142.699,142.706
1748009430319.0,142.699,142.706
1748009430599.0,142.701,142.708
1748009430599.0,142.701,142.708
1748009431257.0,142.704,142.711
1748009431257.0,142.704,142.711
1748009432887.0,142.699,142.706
1748009432887.0,142.699,142.706
1748009433160.0,142.702,142.709
1748009433160.0,142.702,142.709
1748009434646.0,142.701,142.708
1748009434646.0,142.701,142.708
1748009435068.0,142.699,142.706
1748009435068.0,142.699,142.706
1748009436308.0,142.698,142.705
1748009436308.0,142.698,142.705
1748009437153.0,142.699,142.706
1748009437153.0,142.699,142.706
1748009437433.0,142.7,142.707
1748009437433.0,142.7,142.707
1748009437717.0,142.704,142.711
1748009437717.0,142.704,142.711
1748009438132.0,142.703,142.71
1748009438132.0,142.703,142.71
1748009438552.0,142.708,142.715
1748009438552.0,142.708,142.715
1748009438694.0,142.703,142.71
1748009438694.0,142.703,142.71
1748009438841.0,142.702,142.709
1748009438841.0,142.702,142.709
1748009439534.0,142.7,142.707
1748009439534.0,142.7,142.707
1748009439813.0,142.702,142.709
1748009439813.0,142.702,142.709
1748009439953.0,142.701,142.708
1748009439953.0,142.701,142.708
1748009440641.0,142.699,142.706
1748009440641.0,142.699,142.706
1748009440771.0,142.7,142.707
1748009440771.0,142.7,142.707
1748009441362.0,142.698,142.705
1748009441362.0,142.698,142.705
1748009442818.0,142.699,142.706
1748009442818.0,142.699,142.706
1748009443095.0,142.701,142.708
1748009443095.0,142.701,142.708
1748009444178.0,142.698,142.705
1748009444178.0,142.698,142.705
1748009444959.0,142.699,142.706
1748009444959.0,142.699,142.706
1748009445381.0,142.704,142.711
1748009445381.0,142.704,142.711
1748009445659.0,142.705,142.712
1748009445659.0,142.705,142.712
1748009445941.0,142.706,142.713
1748009445941.0,142.706,142.713
1748009446228.0,142.705,142.712
1748009446228.0,142.705,142.712
1748009446360.0,142.704,142.711
1748009446360.0,142.704,142.711
1748009446649.0,142.705,142.712
1748009446649.0,142.705,142.712
1748009446788.0,142.706,142.713
1748009446788.0,142.706,142.713
1748009447208.0,142.705,142.712
1748009447208.0,142.705,142.712
1748009447482.0,142.704,142.711
1748009447482.0,142.704,142.711
1748009447624.0,142.705,142.712
1748009447624.0,142.705,142.712
1748009448625.0,142.704,142.711
1748009448625.0,142.704,142.711
1748009450514.0,142.709,142.716
1748009450514.0,142.709,142.716
1748009450796.0,142.711,142.718
1748009450796.0,142.711,142.718
1748009451552.0,142.71,142.717
1748009451552.0,142.71,142.717
1748009452812.0,142.709,142.716
1748009452812.0,142.709,142.716
1748009452949.0,142.71,142.717
1748009452949.0,142.71,142.717
1748009453651.0,142.703,142.71
1748009453651.0,142.703,142.71
1748009454364.0,142.701,142.708
1748009454364.0,142.701,142.708
1748009455075.0,142.704,142.711
1748009455075.0,142.704,142.711
1748009455489.0,142.699,142.706
1748009455489.0,142.699,142.706
1748009455625.0,142.7,142.707
1748009455625.0,142.7,142.707
1748009456325.0,142.697,142.704
1748009456325.0,142.697,142.704
1748009456605.0,142.699,142.706
1748009456605.0,142.699,142.706
1748009456884.0,142.7,142.707
1748009456884.0,142.7,142.707
1748009457741.0,142.702,142.709
1748009457741.0,142.702,142.709
1748009458702.0,142.704,142.711
1748009458702.0,142.704,142.711
1748009458981.0,142.703,142.71
1748009458981.0,142.703,142.71
1748009459120.0,142.704,142.711
1748009459120.0,142.704,142.711
1748009459540.0,142.703,142.71
1748009459540.0,142.703,142.71
1748009459986.0,142.7,142.707
1748009459986.0,142.7,142.707
1748009460255.0,142.704,142.711
1748009460255.0,142.704,142.711
1748009461153.0,142.703,142.71
1748009461153.0,142.703,142.71
1748009461573.0,142.705,142.712
1748009461573.0,142.705,142.712
1748009462201.0,142.701,142.708
1748009462201.0,142.701,142.708
1748009462344.0,142.7,142.707
1748009462344.0,142.7,142.707
1748009463072.0,142.698,142.705
1748009463072.0,142.698,142.705
1748009463488.0,142.693,142.7
1748009463488.0,142.693,142.7
1748009463628.0,142.695,142.702
1748009463628.0,142.695,142.702
1748009465078.0,142.692,142.699
1748009465078.0,142.692,142.699
1748009465355.0,142.693,142.7
1748009465355.0,142.693,142.7
1748009467294.0,142.705,142.712
1748009467294.0,142.705,142.712
1748009467572.0,142.707,142.714
1748009467572.0,142.707,142.714
1748009467992.0,142.706,142.713
1748009467992.0,142.706,142.713
1748009468586.0,142.705,142.712
1748009468586.0,142.705,142.712
1748009468856.0,142.707,142.714
1748009468856.0,142.707,142.714
1748009469136.0,142.713,142.72
1748009469136.0,142.713,142.72
1748009469274.0,142.712,142.719
1748009469274.0,142.712,142.719
1748009469562.0,142.713,142.72
1748009469562.0,142.713,142.72
1748009469841.0,142.711,142.718
1748009469841.0,142.711,142.718
1748009470940.0,142.708,142.715
1748009470940.0,142.708,142.715
1748009471209.0,142.706,142.713
1748009471209.0,142.706,142.713
1748009471770.0,142.705,142.712
1748009471770.0,142.705,142.712
1748009472612.0,142.709,142.716
1748009472612.0,142.709,142.716
1748009473033.0,142.71,142.717
1748009473033.0,142.71,142.717
1748009474219.0,142.709,142.716
1748009474219.0,142.709,142.716
1748009474359.0,142.707,142.714
1748009474359.0,142.707,142.714
1748009475045.0,142.71,142.717
1748009475045.0,142.71,142.717
1748009475806.0,142.708,142.715
1748009475806.0,142.708,142.715
1748009475945.0,142.709,142.716
1748009475945.0,142.709,142.716
1748009479751.0,142.708,142.715
1748009479751.0,142.708,142.715
1748009479892.0,142.709,142.716
1748009479892.0,142.709,142.716
1748009480789.0,142.706,142.713
1748009480789.0,142.706,142.713
1748009480933.0,142.705,142.712
1748009480933.0,142.705,142.712
1748009481367.0,142.698,142.705
1748009481367.0,142.698,142.705
1748009481908.0,142.7,142.707
1748009481908.0,142.7,142.707
1748009482189.0,142.702,142.709
1748009482189.0,142.702,142.709
1748009483967.0,142.711,142.718
1748009483967.0,142.711,142.718
1748009484242.0,142.711,142.718
1748009484242.0,142.711,142.718
1748009484381.0,142.71,142.717
1748009484381.0,142.71,142.717
1748009485918.0,142.712,142.719
1748009485918.0,142.712,142.719
1748009486644.0,142.711,142.718
1748009486644.0,142.711,142.718
1748009487060.0,142.71,142.717
1748009487060.0,142.71,142.717
1748009487341.0,142.708,142.715
1748009487341.0,142.708,142.715
1748009487760.0,142.709,142.716
1748009487760.0,142.709,142.716
1748009487900.0,142.708,142.715
1748009487900.0,142.708,142.715
1748009488188.0,142.71,142.717
1748009488188.0,142.71,142.717
1748009488609.0,142.711,142.718
1748009488609.0,142.711,142.718
1748009489492.0,142.71,142.717
1748009489492.0,142.71,142.717
1748009490357.0,142.721,142.728
1748009490357.0,142.721,142.728
1748009491400.0,142.722,142.729
1748009491400.0,142.722,142.729
1748009491539.0,142.723,142.73
1748009491539.0,142.723,142.73
1748009492125.0,142.724,142.731
1748009492125.0,142.724,142.731
1748009493578.0,142.722,142.729
1748009493578.0,142.722,142.729
1748009493856.0,142.723,142.73
1748009493856.0,142.723,142.73
1748009494417.0,142.716,142.723
1748009494417.0,142.716,142.723
1748009495877.0,142.717,142.724
1748009495877.0,142.717,142.724
1748009496661.0,142.719,142.726
1748009496661.0,142.719,142.726
1748009496805.0,142.717,142.724
1748009496805.0,142.717,142.724
1748009497222.0,142.719,142.726
1748009497222.0,142.719,142.726
1748009497501.0,142.72,142.727
1748009497501.0,142.72,142.727
1748009498981.0,142.716,142.723
1748009498981.0,142.716,142.723
1748009501796.0,142.72,142.727
1748009501796.0,142.72,142.727
1748009502064.0,142.717,142.724
1748009502064.0,142.717,142.724
1748009502344.0,142.717,142.724
1748009502344.0,142.717,142.724
1748009502492.0,142.72,142.727
1748009502492.0,142.72,142.727
1748009503663.0,142.721,142.728
1748009503663.0,142.721,142.728
1748009504672.0,142.713,142.72
1748009504672.0,142.713,142.72
1748009505220.0,142.714,142.721
1748009505220.0,142.714,142.721
1748009505506.0,142.711,142.718
1748009505506.0,142.711,142.718
1748009506018.0,142.713,142.72
1748009506018.0,142.713,142.72
1748009506165.0,142.712,142.719
1748009506165.0,142.712,142.719
1748009506439.0,142.711,142.718
1748009506439.0,142.711,142.718
1748009507274.0,142.713,142.72
1748009507274.0,142.713,142.72
1748009508021.0,142.715,142.722
1748009508021.0,142.715,142.722
1748009509278.0,142.704,142.711
1748009509278.0,142.704,142.711
1748009509425.0,142.702,142.709
1748009509425.0,142.702,142.709
1748009510353.0,142.701,142.708
1748009510353.0,142.701,142.708
1748009511492.0,142.7,142.707
1748009511492.0,142.7,142.707
1748009511908.0,142.699,142.706
1748009511908.0,142.699,142.706
1748009512706.0,142.698,142.705
1748009512706.0,142.698,142.705
1748009512845.0,142.697,142.704
1748009512845.0,142.697,142.704
1748009513677.0,142.698,142.705
1748009513677.0,142.698,142.705
1748009514236.0,142.695,142.702
1748009514236.0,142.695,142.702
1748009515441.0,142.699,142.706
1748009515441.0,142.699,142.706
1748009516150.0,142.684,142.691
1748009516150.0,142.684,142.691
1748009516307.0,142.686,142.693
1748009516307.0,142.686,142.693
1748009516427.0,142.679,142.686
1748009516427.0,142.679,142.686
1748009516582.0,142.681,142.688
1748009516582.0,142.681,142.688
1748009516847.0,142.682,142.689
1748009516847.0,142.682,142.689
1748009517129.0,142.683,142.69
1748009517129.0,142.683,142.69
1748009518190.0,142.681,142.688
1748009518190.0,142.681,142.688
1748009518474.0,142.679,142.686
1748009518474.0,142.679,142.686
1748009519030.0,142.68,142.687
1748009519030.0,142.68,142.687
1748009520207.0,142.681,142.688
1748009520207.0,142.681,142.688
1748009521379.0,142.678,142.685
1748009521379.0,142.678,142.685
1748009521524.0,142.673,142.68
1748009521524.0,142.673,142.68
1748009521801.0,142.671,142.678
1748009521801.0,142.671,142.678
1748009522503.0,142.671,142.678
1748009522503.0,142.671,142.678
1748009522924.0,142.677,142.684
1748009522924.0,142.677,142.684
1748009523071.0,142.681,142.688
1748009523071.0,142.681,142.688
1748009523204.0,142.682,142.689
1748009523204.0,142.682,142.689
1748009523486.0,142.678,142.685
1748009523486.0,142.678,142.685
1748009523774.0,142.681,142.688
1748009523774.0,142.681,142.688
1748009524410.0,142.682,142.689
1748009524410.0,142.682,142.689
1748009524828.0,142.679,142.686
1748009524828.0,142.679,142.686
1748009526059.0,142.678,142.685
1748009526059.0,142.678,142.685
1748009526767.0,142.679,142.686
1748009526767.0,142.679,142.686
1748009527146.0,142.678,142.685
1748009527146.0,142.678,142.685
1748009528145.0,142.677,142.684
1748009528145.0,142.677,142.684
1748009528432.0,142.681,142.688
1748009528432.0,142.681,142.688
1748009529047.0,142.68,142.687
1748009529047.0,142.68,142.687
1748009529798.0,142.681,142.688
1748009529798.0,142.681,142.688
1748009530216.0,142.682,142.689
1748009530216.0,142.682,142.689
1748009530357.0,142.68,142.687
1748009530357.0,142.68,142.687
1748009530495.0,142.681,142.688
1748009530495.0,142.681,142.688
1748009531384.0,142.68,142.687
1748009531384.0,142.68,142.687
1748009531667.0,142.671,142.678
1748009531667.0,142.671,142.678
1748009532758.0,142.675,142.682
1748009532758.0,142.675,142.682
1748009533043.0,142.668,142.675
1748009533043.0,142.668,142.675
1748009533878.0,142.67,142.677
1748009533878.0,142.67,142.677
1748009534160.0,142.671,142.678
1748009534160.0,142.671,142.678
1748009534581.0,142.67,142.677
1748009534581.0,142.67,142.677
1748009535470.0,142.674,142.681
1748009535470.0,142.674,142.681
1748009536033.0,142.678,142.685
1748009536033.0,142.678,142.685
1748009537155.0,142.679,142.686
1748009537155.0,142.679,142.686
1748009537996.0,142.681,142.688
1748009537996.0,142.681,142.688
1748009538141.0,142.678,142.685
1748009538141.0,142.678,142.685
1748009539106.0,142.691,142.698
1748009539106.0,142.691,142.698
1748009539384.0,142.69,142.697
1748009539384.0,142.69,142.697
1748009539653.0,142.694,142.701
1748009539653.0,142.694,142.701
1748009539934.0,142.7,142.707
1748009539934.0,142.7,142.707
1748009540214.0,142.706,142.713
1748009540214.0,142.706,142.713
1748009540494.0,142.71,142.717
1748009540494.0,142.71,142.717
1748009540774.0,142.722,142.729
1748009540774.0,142.722,142.729
1748009541060.0,142.712,142.719
1748009541060.0,142.712,142.719
1748009541202.0,142.714,142.721
1748009541202.0,142.714,142.721
1748009541474.0,142.715,142.722
1748009541474.0,142.715,142.722
1748009542035.0,142.716,142.723
1748009542035.0,142.716,142.723
1748009542173.0,142.711,142.718
1748009542173.0,142.711,142.718
1748009542734.0,142.713,142.72
1748009542734.0,142.713,142.72
1748009543154.0,142.709,142.716
1748009543154.0,142.709,142.716
1748009543294.0,142.71,142.717
1748009543294.0,142.71,142.717
1748009543575.0,142.706,142.713
1748009543575.0,142.706,142.713
1748009543857.0,142.705,142.712
1748009543857.0,142.705,142.712
1748009544697.0,142.702,142.709
1748009544697.0,142.702,142.709
1748009545132.0,142.703,142.71
1748009545132.0,142.703,142.71
1748009545418.0,142.706,142.713
1748009545418.0,142.706,142.713
1748009545833.0,142.705,142.712
1748009545833.0,142.705,142.712
1748009547144.0,142.701,142.708
1748009547144.0,142.701,142.708
1748009547284.0,142.702,142.709
1748009547284.0,142.702,142.709
1748009547583.0,142.703,142.71
1748009547583.0,142.703,142.71
1748009548441.0,142.704,142.711
1748009548441.0,142.704,142.711
1748009548578.0,142.711,142.718
1748009548578.0,142.711,142.718
1748009548858.0,142.71,142.717
1748009548858.0,142.71,142.717
1748009549141.0,142.712,142.719
1748009549141.0,142.712,142.719
1748009551352.0,142.709,142.716
1748009551352.0,142.709,142.716
1748009551857.0,142.706,142.713
1748009551857.0,142.706,142.713
1748009552136.0,142.711,142.718
1748009552136.0,142.711,142.718
1748009553116.0,142.712,142.719
1748009553116.0,142.712,142.719
1748009553397.0,142.709,142.716
1748009553397.0,142.709,142.716
1748009553960.0,142.712,142.719
1748009553960.0,142.712,142.719
1748009554097.0,142.713,142.72
1748009554097.0,142.713,142.72
1748009554378.0,142.711,142.718
1748009554378.0,142.711,142.718
1748009554798.0,142.712,142.719
1748009554798.0,142.712,142.719
1748009555077.0,142.71,142.717
1748009555077.0,142.71,142.717
1748009555783.0,142.712,142.719
1748009555783.0,142.712,142.719
1748009555933.0,142.713,142.72
1748009555933.0,142.713,142.72
1748009557811.0,142.71,142.717
1748009557811.0,142.71,142.717
1748009558349.0,142.709,142.716
1748009558349.0,142.709,142.716
1748009558980.0,142.714,142.721
1748009558980.0,142.714,142.721
1748009559121.0,142.713,142.72
1748009559121.0,142.713,142.72
1748009560254.0,142.715,142.722
1748009560254.0,142.715,142.722
1748009560395.0,142.714,142.721
1748009560395.0,142.714,142.721
1748009560683.0,142.713,142.72
1748009560683.0,142.713,142.72
1748009561099.0,142.717,142.724
1748009561099.0,142.717,142.724
1748009561373.0,142.712,142.719
1748009561373.0,142.712,142.719
1748009561653.0,142.71,142.717
1748009561653.0,142.71,142.717
1748009561935.0,142.711,142.718
1748009561935.0,142.711,142.718
1748009562214.0,142.704,142.711
1748009562214.0,142.704,142.711
1748009562357.0,142.703,142.71
1748009562357.0,142.703,142.71
1748009562534.0,142.702,142.709
1748009562534.0,142.702,142.709
1748009563803.0,142.701,142.708
1748009563803.0,142.701,142.708
1748009564267.0,142.703,142.71
1748009564267.0,142.703,142.71
1748009564760.0,142.704,142.711
1748009564760.0,142.704,142.711
1748009565035.0,142.702,142.709
1748009565035.0,142.702,142.709
1748009566365.0,142.701,142.708
1748009566365.0,142.701,142.708
1748009566645.0,142.701,142.708
1748009566645.0,142.701,142.708
1748009566926.0,142.704,142.711
1748009566926.0,142.704,142.711
1748009567066.0,142.703,142.71
1748009567066.0,142.703,142.71
1748009568392.0,142.701,142.708
1748009568392.0,142.701,142.708
1748009570362.0,142.699,142.706
1748009570362.0,142.699,142.706
1748009570479.0,142.702,142.709
1748009570479.0,142.702,142.709
1748009570900.0,142.7,142.707
1748009570900.0,142.7,142.707
1748009571843.0,142.702,142.709
1748009571843.0,142.702,142.709
1748009572121.0,142.703,142.71
1748009572121.0,142.703,142.71
1748009573826.0,142.707,142.714
1748009573826.0,142.707,142.714
1748009574106.0,142.712,142.719
1748009574106.0,142.712,142.719
1748009574237.0,142.714,142.721
1748009574237.0,142.714,142.721
1748009574803.0,142.696,142.703
1748009574803.0,142.696,142.703
1748009575077.0,142.693,142.7
1748009575077.0,142.693,142.7
1748009575360.0,142.697,142.704
1748009575360.0,142.697,142.704
1748009575635.0,142.692,142.699
1748009575635.0,142.692,142.699
1748009575775.0,142.691,142.698
1748009575775.0,142.691,142.698
1748009576196.0,142.695,142.702
1748009576196.0,142.695,142.702
1748009576341.0,142.694,142.701
1748009576341.0,142.694,142.701
1748009576897.0,142.693,142.7
1748009576897.0,142.693,142.7
1748009577177.0,142.69,142.697
1748009577177.0,142.69,142.697
1748009577463.0,142.682,142.689
1748009577463.0,142.682,142.689
1748009577736.0,142.683,142.69
1748009577736.0,142.683,142.69
1748009578161.0,142.684,142.691
1748009578161.0,142.684,142.691
1748009579364.0,142.676,142.683
1748009579364.0,142.676,142.683
1748009579505.0,142.673,142.68
1748009579505.0,142.673,142.68
1748009580069.0,142.67,142.677
1748009580069.0,142.67,142.677
1748009580884.0,142.671,142.678
1748009580884.0,142.671,142.678
1748009582767.0,142.672,142.679
1748009582767.0,142.672,142.679
1748009583621.0,142.671,142.678
1748009583621.0,142.671,142.678
1748009584475.0,142.677,142.684
1748009584475.0,142.677,142.684
1748009584745.0,142.674,142.681
1748009584745.0,142.674,142.681
1748009584887.0,142.675,142.682
1748009584887.0,142.675,142.682
1748009585029.0,142.673,142.68
1748009585029.0,142.673,142.68
1748009585304.0,142.672,142.679
1748009585304.0,142.672,142.679
1748009585585.0,142.673,142.68
1748009585585.0,142.673,142.68
1748009586008.0,142.674,142.681
1748009586008.0,142.674,142.681
1748009586564.0,142.675,142.682
1748009586564.0,142.675,142.682
1748009586707.0,142.669,142.676
1748009586707.0,142.669,142.676
1748009586994.0,142.671,142.678
1748009586994.0,142.671,142.678
1748009587124.0,142.67,142.677
1748009587124.0,142.67,142.677
1748009590226.0,142.672,142.679
1748009590226.0,142.672,142.679
1748009590645.0,142.673,142.68
1748009590645.0,142.673,142.68
1748009591206.0,142.672,142.679
1748009591206.0,142.672,142.679
1748009591345.0,142.673,142.68
1748009591345.0,142.673,142.68
1748009591774.0,142.671,142.678
1748009591774.0,142.671,142.678
1748009592044.0,142.67,142.677
1748009592044.0,142.67,142.677
1748009592185.0,142.671,142.678
1748009592185.0,142.671,142.678
1748009593291.0,142.669,142.676
1748009593291.0,142.669,142.676
1748009593934.0,142.664,142.671
1748009593934.0,142.664,142.671
1748009594072.0,142.662,142.669
1748009594072.0,142.662,142.669
1748009594912.0,142.663,142.67
1748009594912.0,142.663,142.67
1748009595606.0,142.668,142.675
1748009595606.0,142.668,142.675
1748009596026.0,142.667,142.674
1748009596026.0,142.667,142.674
1748009596306.0,142.666,142.673
1748009596306.0,142.666,142.673
1748009598594.0,142.664,142.671
1748009598594.0,142.664,142.671
1748009598874.0,142.663,142.67
1748009598874.0,142.663,142.67
1748009599016.0,142.664,142.671
1748009599016.0,142.664,142.671
1748009601693.0,142.67,142.677
1748009601693.0,142.67,142.677
1748009601835.0,142.672,142.679
1748009601835.0,142.672,142.679
1748009602126.0,142.67,142.677
1748009602126.0,142.67,142.677
1748009604829.0,142.671,142.678
1748009604829.0,142.671,142.678
1748009607231.0,142.665,142.672
1748009607231.0,142.665,142.672
1748009607377.0,142.663,142.67
1748009607377.0,142.663,142.67
1748009607642.0,142.665,142.672
1748009607642.0,142.665,142.672
1748009608468.0,142.661,142.668
1748009608468.0,142.661,142.668
1748009608973.0,142.659,142.666
1748009608973.0,142.659,142.666
1748009609257.0,142.662,142.669
1748009609257.0,142.662,142.669
1748009611599.0,142.661,142.668
1748009611599.0,142.661,142.668
1748009612163.0,142.665,142.672
1748009612163.0,142.665,142.672
1748009612303.0,142.664,142.671
1748009612303.0,142.664,142.671
1748009612584.0,142.662,142.669
1748009612584.0,142.662,142.669
1748009613011.0,142.66,142.667
1748009613011.0,142.66,142.667
1748009613579.0,142.659,142.666
1748009613579.0,142.659,142.666
1748009613861.0,142.66,142.667
1748009613861.0,142.66,142.667
1748009614326.0,142.661,142.668
1748009614326.0,142.661,142.668
1748009615956.0,142.66,142.667
1748009615956.0,142.66,142.667
1748009616106.0,142.661,142.668
1748009616106.0,142.661,142.668
1748009617182.0,142.659,142.666
1748009617182.0,142.659,142.666
1748009617815.0,142.66,142.667
1748009617815.0,142.66,142.667
1748009618314.0,142.661,142.668
1748009618314.0,142.661,142.668
1748009618786.0,142.663,142.67
1748009618786.0,142.663,142.67
1748009619058.0,142.662,142.669
1748009619058.0,142.662,142.669
1748009620186.0,142.66,142.667
1748009620186.0,142.66,142.667
1748009620323.0,142.662,142.669
1748009620323.0,142.662,142.669
1748009621441.0,142.667,142.674
1748009621441.0,142.667,142.674
1748009621735.0,142.671,142.678
1748009621735.0,142.671,142.678
1748009622204.0,142.673,142.68
1748009622204.0,142.673,142.68
1748009622345.0,142.669,142.676
1748009622345.0,142.669,142.676
1748009622486.0,142.671,142.678
1748009622486.0,142.671,142.678
1748009623571.0,142.668,142.675
1748009623571.0,142.668,142.675
1748009623854.0,142.66,142.667
1748009623854.0,142.66,142.667
1748009624915.0,142.662,142.669
1748009624915.0,142.662,142.669
1748009625047.0,142.663,142.67
1748009625047.0,142.663,142.67
1748009625466.0,142.661,142.668
1748009625466.0,142.661,142.668
1748009630409.0,142.658,142.665
1748009630409.0,142.658,142.665
1748009630834.0,142.654,142.661
1748009630834.0,142.654,142.661
