1748008706143.0,0.82313,0.82337
1748008706265.0,0.82315,0.82339
1748008706903.0,0.82314,0.82338
1748008707471.0,0.82313,0.82337
1748008711067.0,0.82314,0.82338
1748008711669.0,0.82315,0.82339
1748008712844.0,0.82314,0.82338
1748008715493.0,0.82313,0.82337
1748008715739.0,0.82314,0.82338
1748008715984.0,0.82315,0.82339
1748008720068.0,0.82316,0.8234
1748008720577.0,0.82317,0.82341
1748008720702.0,0.82316,0.8234
1748008723501.0,0.82315,0.82339
1748008724265.0,0.82314,0.82338
1748008724389.0,0.82312,0.82336
1748008724640.0,0.82313,0.82337
1748008728456.0,0.82312,0.82336
1748008728708.0,0.82313,0.82337
1748008729341.0,0.82312,0.82336
1748008729462.0,0.82313,0.82337
1748008734209.0,0.82319,0.82334
1748008734951.0,0.8232,0.82335
1748008736544.0,0.82321,0.82336
1748008736668.0,0.8232,0.82335
1748008736917.0,0.82319,0.82334
1748008737045.0,0.8232,0.82335
1748008737289.0,0.8232,0.82335
1748008737416.0,0.82319,0.82334
1748008738174.0,0.82318,0.82333
1748008738458.0,0.82319,0.82334
1748008741129.0,0.8232,0.82335
1748008742271.0,,0.82346
1748008742522.0,0.82324,0.82348
1748008742778.0,0.82323,0.82347
1748008743272.0,0.8232,0.82344
1748008744148.0,0.82321,0.82345
1748008745724.0,0.82324,0.82348
1748008745972.0,0.82322,0.82346
1748008746098.0,0.82323,0.82347
1748008746974.0,0.82326,0.8235
1748008748102.0,0.82324,0.82348
1748008748224.0,0.82326,0.8235
1748008748474.0,0.82325,0.82349
1748008749026.0,0.82324,0.82348
1748008750234.0,0.82325,0.82349
1748008751697.0,0.8233,0.82345
1748008752106.0,0.82329,0.82344
1748008752230.0,0.8233,0.82345
1748008752605.0,0.82329,0.82344
1748008752728.0,0.8233,0.82345
1748008753248.0,0.82329,0.82344
1748008753498.0,0.8233,0.82345
1748008754583.0,0.82326,0.8235
1748008755417.0,0.8233,0.82354
1748008756626.0,0.8233,0.82354
1748008757600.0,0.82335,0.8235
1748008759553.0,0.82331,0.82355
1748008759677.0,0.82332,0.82356
1748008761370.0,0.82333,0.82348
1748008761927.0,0.8233,0.82354
1748008765544.0,0.82331,0.82355
1748008766944.0,0.82329,0.82353
1748008767548.0,0.82332,0.82356
1748008767673.0,0.82331,0.82355
1748008769126.0,0.82327,0.82351
1748008769377.0,0.82327,0.82351
1748008769626.0,0.82326,0.8235
1748008769750.0,0.82325,0.82349
1748008770252.0,0.82324,0.82348
1748008770633.0,0.82323,0.82347
1748008770750.0,0.82325,0.82349
1748008771002.0,0.82323,0.82347
1748008771128.0,0.82322,0.82346
1748008771378.0,0.82324,0.82348
1748008771654.0,0.82325,0.82349
1748008771934.0,0.82327,0.82351
1748008773062.0,0.82327,0.82351
1748008773310.0,0.82328,0.82352
1748008773686.0,0.82328,0.82352
1748008774061.0,0.82327,0.82351
1748008774311.0,0.82328,0.82352
1748008775253.0,0.82329,0.82353
1748008775878.0,0.82327,0.82351
1748008776005.0,0.82326,0.8235
1748008776127.0,0.82328,0.82352
1748008776754.0,0.82326,0.8235
1748008777004.0,0.82327,0.82351
1748008777433.0,0.82326,0.8235
1748008777560.0,0.82328,0.82352
1748008778805.0,0.82328,0.82352
1748008778928.0,0.82329,0.82353
1748008779989.0,0.82332,0.82356
1748008780116.0,0.8233,0.82354
1748008780947.0,0.82329,0.82353
1748008781080.0,0.82328,0.82352
1748008781570.0,0.82329,0.82353
1748008782065.0,0.82328,0.82352
1748008782193.0,0.82329,0.82353
1748008782772.0,0.82328,0.82352
1748008783051.0,0.82329,0.82353
1748008783176.0,0.82328,0.82352
1748008785471.0,0.82329,0.82353
1748008785719.0,0.82323,0.82347
1748008785844.0,0.82326,0.8235
1748008786095.0,0.82324,0.82348
1748008786225.0,0.82326,0.8235
1748008786594.0,0.82325,0.82349
1748008786845.0,0.82323,0.82347
1748008787095.0,0.82325,0.82349
1748008787599.0,0.82326,0.8235
1748008787850.0,0.8233,0.82354
1748008788101.0,0.82329,0.82353
1748008788474.0,0.82329,0.82353
1748008788985.0,0.8233,0.82354
1748008789543.0,0.82334,0.82358
1748008789793.0,0.82337,0.82361
1748008790043.0,0.82338,
1748008790169.0,0.82339,
1748008791371.0,0.8234,0.82364
1748008791620.0,0.8234,0.82364
1748008791992.0,0.82341,0.82365
1748008792122.0,0.8234,0.82364
1748008792620.0,0.82341,0.82365
1748008792920.0,0.8234,0.82364
1748008793045.0,0.82341,0.82365
1748008794035.0,0.8234,0.82364
1748008794159.0,0.82342,0.82366
1748008795066.0,0.82343,0.82367
1748008795326.0,0.82342,0.82366
1748008795901.0,0.82341,0.82365
1748008796152.0,0.8234,0.82364
1748008796684.0,0.82341,0.82365
1748008796934.0,0.8234,0.82364
1748008798072.0,0.82339,0.82363
1748008798193.0,0.8234,0.82364
1748008798692.0,0.82343,0.82367
1748008799069.0,0.82344,0.82368
1748008799691.0,0.82341,0.82367
1748008799826.0,0.82345,0.82372
1748008799941.0,0.82348,0.82375
1748008800193.0,0.82348,0.82375
1748008800319.0,0.82349,0.82376
1748008800851.0,0.8235,0.82378
1748008800972.0,0.82352,0.82381
1748008801100.0,0.82351,
1748008801222.0,,0.82379
1748008801503.0,0.82353,0.82377
1748008801878.0,0.82351,0.8238
1748008802126.0,0.82353,0.82377
1748008802627.0,0.82349,0.82375
1748008802877.0,0.82352,0.82376
1748008803129.0,0.82353,0.82377
1748008803253.0,0.8235,0.82374
1748008803503.0,0.82351,0.82375
1748008804007.0,0.82349,0.82373
1748008804128.0,0.8235,0.82374
1748008804378.0,0.82351,0.82375
1748008805032.0,0.82351,
1748008805157.0,0.8235,0.82374
1748008806652.0,0.82351,0.82375
1748008807455.0,0.82349,0.82373
1748008808268.0,0.82348,
1748008808763.0,0.82347,
1748008809141.0,0.8235,0.82374
1748008809514.0,0.82351,0.82375
1748008810123.0,0.82356,0.8238
1748008810730.0,0.82358,0.82382
1748008811101.0,0.82359,0.82383
1748008811354.0,0.82357,0.82381
1748008811618.0,0.82355,0.82379
1748008811876.0,0.82356,0.8238
1748008812250.0,0.82362,0.82386
1748008812502.0,0.82361,0.82385
1748008814007.0,0.82362,0.82386
1748008815105.0,0.82363,0.82387
1748008815230.0,0.82361,0.82385
1748008815605.0,0.8236,0.82384
1748008816106.0,0.82359,0.82383
1748008817092.0,0.82358,0.82382
1748008817211.0,0.8236,0.82384
1748008818090.0,0.82361,0.82385
1748008818214.0,0.82367,0.82391
1748008818814.0,0.82363,0.82387
1748008818940.0,0.82365,0.82389
1748008819441.0,0.82369,0.82393
1748008820251.0,0.82368,0.82392
1748008820376.0,0.82369,0.82393
1748008821206.0,0.82367,0.82391
1748008821330.0,0.8236,0.82384
1748008821706.0,0.82361,0.82385
1748008822081.0,0.82363,0.82387
1748008822330.0,0.82363,0.82387
1748008822580.0,0.82365,0.82389
1748008822834.0,0.82365,0.82389
1748008823205.0,0.82366,0.8239
1748008823455.0,0.82364,0.82388
1748008823831.0,0.82365,0.82389
1748008824461.0,0.82366,0.8239
1748008824753.0,0.82364,0.82388
1748008825004.0,0.82362,0.82386
1748008825254.0,0.82365,0.82389
1748008825501.0,0.82368,0.82392
1748008825629.0,0.82367,0.82391
1748008826010.0,0.82369,0.82393
1748008826228.0,0.8237,0.82394
1748008826844.0,0.82368,0.82392
1748008826968.0,0.82369,0.82393
1748008827571.0,0.8237,0.82394
1748008828142.0,0.82368,0.82392
1748008828265.0,0.82367,0.82391
1748008828534.0,0.82368,0.82392
1748008830047.0,0.82366,0.8239
1748008830296.0,0.82366,0.8239
1748008830672.0,0.82367,0.82391
1748008831642.0,0.82364,0.82388
1748008831888.0,0.82364,0.82388
1748008832138.0,0.82363,0.82387
1748008832640.0,0.82362,0.82386
1748008832889.0,0.82359,0.82383
1748008833141.0,0.8236,0.82384
1748008833886.0,0.82359,0.82383
1748008835020.0,0.82361,0.82385
1748008835627.0,0.82358,0.82382
1748008836128.0,0.82354,0.82378
1748008836520.0,0.82355,0.82379
1748008836779.0,0.82353,0.82377
1748008837153.0,0.82352,0.82376
1748008837279.0,0.82356,0.8238
1748008838046.0,0.82353,0.82377
1748008838169.0,0.82355,0.82379
1748008839046.0,0.82356,0.8238
1748008841809.0,0.82355,0.82379
1748008842061.0,0.82352,0.82376
1748008842188.0,0.82354,0.82378
1748008845113.0,0.82358,0.82382
1748008846420.0,0.82359,0.82383
1748008846807.0,0.82358,0.82382
1748008847170.0,0.82357,0.82381
1748008847916.0,0.82355,0.82379
1748008848307.0,0.82353,0.82377
1748008848679.0,0.82352,0.82376
1748008848821.0,0.82353,0.82377
1748008849181.0,0.82355,0.8237
1748008849308.0,0.82356,0.82371
1748008850428.0,0.82355,0.8237
1748008850680.0,0.82354,0.82369
1748008851058.0,0.82347,0.82371
1748008851428.0,0.82344,0.82368
1748008852074.0,0.82341,0.82365
1748008852448.0,0.82343,0.82367
1748008852575.0,0.82347,0.82362
1748008852948.0,0.82344,0.82359
1748008853075.0,0.82346,0.82361
1748008853891.0,0.82345,0.8236
1748008854828.0,0.82346,0.82361
1748008854953.0,0.82342,0.82366
1748008855329.0,0.8234,0.82364
1748008855452.0,0.82341,0.82365
1748008856141.0,0.82341,0.82365
1748008856640.0,0.82338,0.82362
1748008857516.0,0.82337,0.82361
1748008857766.0,0.82333,0.82357
1748008858016.0,0.82332,0.82356
1748008858142.0,0.82328,0.82352
1748008858390.0,0.82329,0.82353
1748008858891.0,0.82331,0.82355
1748008859259.0,0.82332,0.82356
1748008860179.0,0.82333,0.82357
1748008860677.0,0.82334,0.82358
1748008861060.0,0.82333,0.82357
1748008861443.0,0.82332,0.82356
1748008862394.0,0.82337,0.82352
1748008863067.0,0.82338,0.82353
1748008863404.0,0.82337,0.82352
1748008863645.0,0.82333,0.82357
1748008867904.0,0.82339,0.82354
1748008868295.0,0.8234,0.82355
1748008868667.0,0.82339,0.82354
1748008869001.0,0.8234,0.82355
1748008871531.0,0.82338,0.82353
1748008872174.0,0.82339,0.82354
1748008872424.0,0.82349,0.82364
1748008872674.0,0.82349,0.82364
1748008872924.0,0.82348,0.82363
1748008873048.0,0.82349,0.82364
1748008873637.0,0.82345,0.82369
1748008874014.0,0.82347,0.82371
1748008874264.0,0.82348,0.82372
1748008874821.0,0.82349,0.82373
1748008875069.0,0.8235,0.82374
1748008875302.0,0.82351,0.82375
1748008875551.0,0.82354,0.82378
1748008876082.0,0.82361,0.82385
1748008876458.0,0.82364,0.82388
1748008876582.0,0.82369,0.82384
1748008877093.0,0.82368,0.82383
1748008877464.0,0.82369,0.82384
1748008877985.0,0.8237,0.82385
1748008878235.0,0.82369,0.82384
1748008878486.0,0.82368,0.82383
1748008879226.0,0.82367,0.82382
1748008879599.0,0.82357,0.82372
1748008879725.0,0.82354,0.82369
1748008880315.0,0.82355,0.8237
1748008880883.0,0.82356,0.82371
1748008881006.0,0.82358,0.82373
1748008881941.0,0.82359,0.82374
1748008882203.0,0.82358,0.82373
1748008882457.0,0.82359,0.82374
1748008882576.0,0.82355,0.82379
1748008883286.0,0.82356,0.8238
1748008883941.0,0.82361,0.82385
1748008884315.0,0.82361,0.82385
1748008885101.0,0.82362,0.82386
1748008885228.0,0.82363,0.82387
1748008885478.0,0.82364,0.82388
1748008886376.0,0.82368,0.82383
1748008887329.0,0.82362,0.82386
1748008888270.0,0.82364,0.82388
1748008890686.0,0.82359,0.82383
1748008890813.0,0.82358,0.82382
1748008891068.0,0.82364,0.82379
1748008891311.0,0.82365,0.8238
1748008891595.0,0.82366,0.82381
1748008892055.0,0.82368,0.82383
1748008892795.0,0.82369,0.82384
1748008893480.0,0.82368,0.82383
1748008893730.0,0.82369,0.82384
1748008894981.0,0.82368,0.82383
1748008895106.0,0.82369,0.82384
1748008895356.0,0.82367,0.82382
1748008896033.0,0.82363,0.82387
1748008898033.0,0.82364,0.82388
1748008898616.0,0.82369,0.82384
1748008899513.0,0.82368,0.82383
1748008901281.0,0.82371,0.82386
1748008902183.0,0.82372,0.82387
1748008904091.0,0.82373,0.82388
1748008904342.0,0.82371,0.82386
1748008904842.0,0.82365,0.82389
1748008904967.0,0.82366,0.8239
1748008905218.0,0.82363,0.82387
1748008905544.0,0.82364,0.82388
1748008905797.0,0.82363,0.82387
1748008906170.0,0.82359,0.82383
1748008906419.0,0.82363,0.82378
1748008908717.0,0.82364,0.82379
1748008908840.0,0.82361,0.82376
1748008908971.0,0.82358,0.82373
1748008909223.0,0.82359,0.82374
1748008910143.0,0.82353,0.82368
1748008910392.0,0.82347,0.82371
1748008910651.0,0.82348,0.82372
1748008910782.0,0.82347,0.82371
1748008911663.0,0.82348,0.82372
1748008912032.0,0.82347,0.82371
1748008912159.0,0.82348,0.82372
1748008912410.0,0.82348,0.82372
1748008914038.0,0.82349,0.82373
1748008914462.0,0.8235,0.82374
1748008915090.0,0.82349,0.82373
1748008915822.0,0.8235,0.82374
1748008916558.0,0.82351,0.82375
1748008916682.0,0.8235,0.82374
1748008916932.0,0.82349,0.82373
1748008917558.0,0.8235,0.82374
1748008917683.0,0.82351,0.82375
1748008919895.0,0.82349,0.82373
1748008920145.0,0.8235,0.82374
1748008920394.0,0.82344,0.82368
1748008920649.0,0.82343,0.82367
1748008920893.0,0.82344,0.82368
1748008921271.0,0.82343,0.82367
1748008921519.0,0.8235,0.82374
1748008921646.0,0.82352,0.82376
1748008922046.0,0.82351,0.82375
1748008922163.0,0.8235,0.82374
1748008922664.0,0.82355,0.82379
1748008922913.0,0.82356,0.8238
1748008924114.0,0.82357,0.82381
1748008924496.0,0.82358,0.82382
1748008924743.0,0.82357,0.82381
1748008924863.0,0.82358,0.82382
1748008925494.0,0.82363,0.82378
1748008925742.0,0.82362,0.82377
1748008925863.0,0.82363,0.82378
1748008926115.0,0.82356,0.8238
1748008926630.0,0.82355,0.82379
1748008927132.0,0.82356,0.8238
1748008929211.0,0.82354,0.82378
1748008930262.0,0.82351,0.82375
1748008931165.0,0.82352,0.82376
1748008931284.0,0.82353,0.82377
1748008932084.0,0.82351,0.82375
1748008932993.0,0.8235,0.82374
1748008934411.0,0.82351,0.82375
1748008934656.0,0.8235,0.82374
1748008936108.0,0.82351,0.82375
1748008936370.0,0.82351,0.82375
1748008936483.0,0.82352,0.82376
1748008936659.0,0.82351,0.82375
1748008937216.0,0.82349,0.82373
1748008937343.0,0.82348,0.82372
1748008937929.0,0.82351,0.82375
1748008939430.0,0.82355,0.8237
1748008939827.0,0.82353,0.82368
1748008940591.0,0.82354,0.82369
1748008941465.0,0.82351,0.82366
1748008941969.0,0.82353,0.82368
1748008942777.0,0.82354,0.82369
1748008943030.0,0.82356,0.82371
1748008943280.0,0.82353,0.82368
1748008943399.0,0.82354,0.82369
1748008943661.0,0.82355,0.8237
1748008944879.0,0.82354,0.82369
1748008945128.0,0.82357,0.82372
1748008945252.0,0.82356,0.82371
1748008945507.0,0.82355,0.8237
1748008946003.0,0.8235,0.82374
1748008946253.0,0.82348,0.82372
1748008947341.0,0.82353,0.82377
1748008947589.0,0.82352,0.82376
1748008947840.0,0.82353,0.82377
1748008948090.0,0.82353,0.82377
1748008949306.0,0.8235,0.82374
1748008949557.0,0.82352,0.82376
1748008949807.0,0.82351,0.82375
1748008950057.0,0.82348,0.82372
1748008950432.0,0.82349,0.82373
1748008951053.0,0.82346,0.8237
1748008951304.0,0.82341,0.82365
1748008952285.0,0.8234,0.82364
1748008952546.0,0.82342,0.82366
1748008952672.0,0.8234,0.82364
1748008953325.0,0.82341,0.82365
1748008954849.0,0.8234,0.82364
1748008955258.0,0.82339,0.82363
1748008955511.0,0.82341,0.82365
1748008956065.0,0.82342,0.82366
1748008956191.0,0.82346,0.8237
1748008958102.0,0.82347,0.82371
1748008960267.0,0.82344,0.82368
1748008960518.0,0.82343,0.82367
1748008961477.0,0.82344,0.82368
1748008961851.0,0.82343,0.82367
1748008962361.0,0.82345,0.82369
1748008963929.0,0.82347,0.82371
1748008964304.0,0.82348,0.82372
1748008964429.0,0.82344,0.82368
1748008964804.0,0.82342,0.82366
1748008965054.0,0.82342,0.82366
1748008965993.0,0.82341,0.82365
1748008966242.0,0.82342,0.82366
1748008968046.0,0.82345,0.82369
1748008970274.0,0.82344,0.82368
1748008970682.0,0.82345,0.82369
1748008971058.0,0.82344,0.82368
1748008971434.0,0.82343,0.82367
1748008973153.0,0.82344,0.82368
1748008976381.0,0.82345,0.82369
1748008976631.0,0.82344,0.82368
1748008979122.0,0.82342,0.82366
1748008980571.0,0.82343,0.82367
1748008980695.0,0.82344,0.82368
1748008981148.0,0.82343,0.82367
1748008981522.0,0.82344,0.82368
1748008982327.0,0.82343,0.82367
1748008982444.0,0.8234,0.82364
1748008983014.0,0.82341,0.82365
1748008984197.0,0.82343,0.82367
1748008984321.0,0.82344,0.82368
1748008984571.0,0.82346,0.8237
1748008985826.0,0.82344,0.82368
1748008986076.0,0.82342,0.82366
1748008986867.0,0.82343,0.82367
1748008987172.0,0.82344,0.82368
1748008987293.0,0.82345,0.82369
1748008990348.0,0.82344,0.82368
1748008990811.0,0.82345,0.82369
1748008991979.0,0.82343,0.82367
1748008992479.0,0.82343,0.82367
1748008993902.0,0.82345,0.82369
1748008994403.0,0.82344,0.82368
1748008996206.0,0.82345,0.82369
1748008997218.0,0.82344,0.82368
1748008998183.0,0.82345,0.82369
1748008998932.0,0.82347,0.82371
1748009001073.0,0.82341,0.82365
1748009002142.0,0.82342,0.82366
1748009003545.0,0.82339,0.82363
1748009004594.0,0.8234,0.82364
1748009005441.0,0.82343,0.82367
1748009005568.0,0.82347,0.82371
1748009005937.0,0.82346,0.8237
1748009006263.0,0.82347,0.82371
1748009006388.0,0.82346,0.8237
1748009006969.0,0.82345,0.82369
1748009008473.0,0.82344,0.82368
1748009008874.0,0.82343,0.82367
1748009009122.0,0.82344,0.82368
1748009010322.0,0.82343,0.82367
1748009010571.0,0.82344,0.82368
1748009010822.0,0.82345,0.82369
1748009011973.0,0.82341,0.82365
1748009013181.0,0.82328,0.82352
1748009013308.0,0.8233,0.82354
1748009013943.0,0.82333,0.82357
1748009014070.0,0.82335,0.82359
1748009014443.0,0.82334,0.82358
1748009016912.0,0.82333,0.82357
1748009017159.0,0.82332,0.82356
1748009018434.0,0.82332,0.82356
1748009018932.0,0.8233,0.82354
1748009019303.0,0.82325,0.8234
1748009019555.0,0.82326,0.82341
1748009019956.0,0.82325,0.8234
1748009020304.0,0.82324,0.82339
1748009020427.0,0.82319,0.82343
1748009020678.0,0.82317,0.82341
1748009021198.0,0.82312,0.82336
1748009021316.0,0.82311,0.82335
1748009021444.0,0.8231,0.82334
1748009021566.0,0.82307,0.82331
1748009021815.0,0.82308,0.82332
1748009022057.0,0.82307,0.82331
1748009022432.0,0.82307,0.82331
1748009024357.0,0.82307,0.82331
1748009024817.0,0.82308,0.82332
1748009024942.0,0.8231,0.82334
1748009026348.0,0.82311,0.82335
1748009026596.0,0.8231,0.82334
1748009029616.0,0.82308,0.82332
1748009030310.0,0.82307,0.82331
1748009031225.0,0.82304,0.82328
1748009031477.0,0.82308,0.82332
1748009032774.0,0.82308,0.82332
1748009033025.0,0.82304,0.82328
1748009033691.0,0.82305,0.82329
1748009034064.0,0.82304,0.82328
1748009038144.0,0.82308,0.82332
1748009039051.0,0.82312,0.82327
1748009039425.0,0.82311,0.82326
1748009039556.0,0.8231,0.82325
1748009040628.0,0.82308,0.82323
1748009041001.0,0.82309,0.82324
1748009041250.0,0.8231,0.82325
1748009041501.0,0.82309,0.82324
1748009041750.0,0.82311,0.82326
1748009042883.0,0.82314,0.82329
1748009043134.0,0.82316,0.82331
1748009043384.0,0.82317,0.82332
1748009043635.0,0.82325,0.8234
1748009043760.0,0.82326,0.82341
1748009043885.0,0.82325,0.8234
1748009044385.0,0.82326,0.82341
1748009044815.0,0.82327,0.82342
1748009044943.0,0.82332,0.82347
1748009045183.0,0.82331,0.82346
1748009046737.0,0.82332,0.82347
1748009047113.0,0.82337,0.82352
1748009047241.0,0.82338,0.82353
1748009047490.0,0.82337,0.82352
1748009047966.0,0.82334,0.82349
1748009048090.0,0.82332,0.82347
1748009048757.0,0.82333,0.82348
1748009049258.0,0.82329,0.82344
1748009050182.0,0.8233,0.82345
1748009050431.0,0.82329,0.82344
1748009051409.0,0.82327,0.82342
1748009051657.0,0.82328,0.82343
1748009053254.0,0.82331,0.82346
1748009053379.0,0.82332,0.82347
1748009053798.0,0.8233,0.82345
1748009054048.0,0.82329,0.82344
1748009054779.0,0.8233,0.82345
1748009055390.0,0.82329,0.82344
1748009055642.0,0.82327,0.82342
1748009057276.0,0.82328,0.82343
1748009057385.0,0.82327,0.82342
1748009058526.0,0.82325,0.8234
1748009059814.0,0.82326,0.82341
1748009060060.0,0.82325,0.8234
1748009060626.0,0.82324,0.82339
1748009060877.0,0.82325,0.8234
1748009061248.0,0.82324,0.82339
1748009061674.0,0.82323,0.82338
1748009061963.0,0.82322,0.82337
1748009064080.0,0.82323,0.82338
1748009064332.0,0.82324,0.82339
1748009064709.0,0.82328,0.82343
1748009065509.0,0.82326,0.82341
1748009065632.0,0.82328,0.82343
1748009066404.0,0.82331,0.82346
1748009068621.0,0.82332,0.82347
1748009069373.0,0.82333,0.82348
1748009070158.0,0.82336,0.82351
1748009072150.0,0.82333,0.82357
1748009074457.0,0.82338,0.82362
1748009076262.0,0.82337,0.82361
1748009079961.0,0.82334,0.82358
1748009081172.0,0.82335,0.82359
1748009081297.0,0.82336,0.8236
1748009081797.0,0.82341,0.82365
1748009082812.0,0.82343,0.82367
1748009083310.0,0.82344,0.82368
1748009083560.0,0.8234,0.82364
1748009083686.0,0.82341,0.82365
1748009084641.0,0.8234,0.82364
1748009087011.0,0.82338,0.82362
1748009087255.0,0.82337,0.82361
1748009087505.0,0.82343,0.82367
1748009087630.0,0.82344,0.82368
1748009087886.0,0.82343,0.82367
1748009088425.0,0.82342,0.82366
1748009089016.0,0.82343,0.82367
1748009089720.0,0.82344,0.82368
1748009089844.0,0.82349,0.82373
1748009090093.0,0.82348,0.82372
1748009090469.0,0.82349,0.82373
1748009091095.0,0.8235,0.82374
1748009091521.0,0.82349,0.82373
1748009096748.0,0.82348,0.82372
1748009097642.0,0.82346,0.8237
1748009098056.0,0.82347,0.82371
1748009099150.0,0.82341,0.82365
1748009100127.0,0.82338,0.82362
1748009100252.0,0.82337,0.82361
1748009100375.0,0.82338,0.82362
1748009101270.0,0.82342,0.82366
1748009101687.0,0.82349,0.82373
1748009102181.0,0.82347,0.82371
1748009102385.0,0.82348,0.82372
1748009102507.0,0.82349,0.82373
1748009103143.0,0.82347,0.82371
1748009104392.0,0.82344,0.82368
1748009104517.0,0.82338,0.82362
1748009104767.0,0.82337,0.82361
1748009106749.0,0.82338,0.82362
1748009106873.0,0.82339,0.82363
1748009108051.0,0.8234,0.82364
1748009111029.0,0.82339,0.82363
1748009111148.0,0.8234,0.82364
1748009112229.0,0.82339,0.82363
1748009112930.0,0.82343,0.82367
1748009114090.0,0.82339,0.82363
1748009114341.0,0.8234,0.82364
1748009115124.0,0.82339,0.82363
1748009115512.0,0.82338,0.82362
1748009115763.0,0.82332,0.82356
1748009117067.0,0.8233,0.82354
1748009117623.0,0.82331,0.82355
1748009117872.0,0.82332,0.82356
1748009118155.0,0.82333,0.82357
1748009118283.0,0.82334,0.82358
1748009120071.0,0.82333,0.82357
1748009120198.0,0.82334,0.82358
1748009123461.0,0.82332,0.82356
1748009124714.0,0.82331,0.82355
1748009126729.0,0.8233,0.82354
1748009126854.0,0.82331,0.82355
1748009127230.0,0.82331,0.82355
1748009127481.0,0.82332,0.82356
1748009128399.0,0.8233,0.82354
1748009129271.0,0.82332,0.82356
1748009129897.0,0.82331,0.82355
1748009130424.0,0.82332,0.82356
1748009131048.0,0.82331,0.82355
1748009131675.0,0.8233,0.82345
1748009132051.0,0.82321,0.82336
1748009132425.0,0.82325,0.8234
1748009132675.0,0.82324,0.82339
1748009133470.0,0.82319,0.82343
1748009133844.0,0.82309,0.82333
1748009134094.0,0.82312,0.82336
1748009134621.0,0.82316,0.8234
1748009134741.0,0.82317,0.82341
1748009136210.0,0.82316,0.8234
1748009136588.0,0.82315,0.82339
1748009136709.0,0.82314,0.82338
1748009137636.0,0.82314,0.82338
1748009137888.0,0.82317,0.82341
1748009142274.0,0.82315,0.82339
1748009142940.0,0.82311,0.82335
1748009143050.0,0.82313,0.82337
1748009146145.0,0.82311,0.82335
1748009149797.0,0.82312,0.82336
1748009150544.0,0.82313,0.82337
1748009150925.0,0.82313,0.82337
1748009156406.0,0.82318,0.82333
1748009157896.0,0.82333,0.82357
1748009158145.0,0.82321,0.82345
1748009158531.0,0.82325,0.82349
1748009159674.0,0.82329,0.82353
1748009160557.0,0.82326,0.8235
1748009160677.0,0.82327,0.82351
1748009161058.0,0.82328,0.82352
1748009161309.0,0.82327,0.82351
1748009161568.0,0.8233,0.82354
1748009162726.0,0.82328,0.82352
1748009162853.0,0.82326,0.8235
1748009163755.0,0.82328,0.82352
1748009163996.0,0.82327,0.82351
1748009168669.0,0.8233,0.82354
1748009168917.0,0.82328,0.82352
1748009169627.0,0.82332,0.82356
1748009171194.0,0.82343,0.82367
1748009171946.0,0.82344,0.82368
1748009172328.0,0.82345,0.82369
1748009172449.0,0.82346,0.8237
1748009173622.0,0.82352,0.82376
1748009173872.0,0.82353,0.82377
1748009174732.0,0.82354,0.82378
1748009175246.0,0.82352,0.82376
1748009175365.0,0.82353,0.82377
1748009176493.0,0.82352,0.82376
1748009176742.0,0.82355,0.82379
1748009176868.0,0.82354,0.82378
1748009177311.0,0.82353,0.82377
1748009179235.0,0.82354,0.82378
1748009179365.0,0.82359,0.82383
1748009180290.0,0.82358,0.82382
1748009181512.0,0.82352,0.82376
1748009183474.0,0.82354,0.82378
1748009183861.0,0.82353,0.82377
1748009185417.0,0.82352,0.82376
1748009185792.0,0.82351,0.82375
1748009186292.0,0.82349,0.82373
1748009186416.0,0.82348,0.82372
1748009187716.0,0.82348,0.82372
1748009189244.0,0.82347,0.82371
1748009189492.0,0.82342,0.82366
1748009189612.0,0.82341,0.82365
1748009193549.0,0.82342,0.82366
1748009193796.0,0.82343,0.82367
1748009194048.0,0.82349,0.82373
1748009194172.0,0.82347,0.82371
1748009196055.0,0.82346,0.8237
1748009197075.0,0.82347,0.82371
1748009197325.0,0.82346,0.8237
1748009197450.0,0.82345,0.82369
1748009198644.0,0.82348,0.82363
1748009199029.0,0.82349,0.82364
1748009199922.0,0.82345,0.82369
1748009200047.0,0.82344,0.82368
1748009201393.0,0.82342,0.82366
1748009202285.0,0.82341,0.82365
1748009202530.0,0.82342,0.82366
1748009203330.0,0.82341,0.82365
1748009203456.0,0.82339,0.82354
1748009204145.0,0.82334,0.82358
1748009205569.0,0.82335,0.82359
1748009205820.0,0.82336,0.8236
1748009206895.0,0.8234,0.82364
1748009207748.0,0.82339,0.82363
1748009207873.0,0.8234,0.82364
1748009208132.0,0.82339,0.82363
1748009208871.0,0.82338,0.82362
1748009209435.0,0.82337,0.82361
1748009210313.0,0.82334,0.82358
1748009210440.0,0.82331,0.82355
1748009210934.0,0.82329,0.82353
1748009211641.0,0.82331,0.82355
1748009212259.0,0.82333,0.82357
1748009214640.0,0.82334,0.82358
1748009214765.0,0.82335,0.82359
1748009217013.0,0.82334,0.82358
1748009217913.0,0.82331,0.82355
1748009219979.0,0.82332,0.82356
1748009220102.0,0.82333,0.82357
1748009221764.0,0.8233,0.82354
1748009221890.0,0.82331,0.82355
1748009222145.0,0.82332,0.82356
1748009222633.0,0.8233,0.82354
1748009223641.0,0.82332,0.82356
1748009223888.0,0.82333,0.82357
1748009226383.0,0.82332,0.82356
1748009227840.0,0.82333,0.82357
1748009227970.0,0.82335,0.82359
1748009228341.0,0.82334,0.82358
1748009230208.0,0.82331,0.82355
1748009231108.0,0.82331,0.82355
1748009231358.0,0.82334,0.82349
1748009232741.0,0.82335,0.8235
1748009232865.0,0.82337,0.82352
1748009233559.0,0.82336,0.82351
1748009234264.0,0.82335,0.8235
1748009234390.0,0.82331,0.82346
1748009234640.0,0.82332,0.82347
1748009235407.0,0.8233,0.82345
1748009236216.0,0.82329,0.82344
1748009236341.0,0.82323,0.82347
1748009237685.0,0.82322,0.82346
1748009238194.0,0.82323,0.82347
1748009238574.0,0.82319,0.82343
1748009239226.0,0.82318,0.82342
1748009240593.0,0.82319,0.82343
1748009242263.0,0.82318,0.82342
1748009245370.0,0.82319,0.82343
1748009249709.0,0.8232,0.82344
1748009250495.0,0.82321,0.82345
1748009250745.0,0.8233,0.82354
1748009251121.0,0.82328,0.82352
1748009251932.0,0.82327,0.82351
1748009252651.0,0.82324,0.82348
1748009252778.0,0.82331,0.82346
1748009254691.0,0.82332,0.82347
1748009255621.0,0.82329,0.82353
1748009255868.0,0.82327,0.82351
1748009256348.0,0.82328,0.82352
1748009256604.0,0.82329,0.82353
1748009258013.0,0.82328,0.82352
1748009258556.0,0.82327,0.82351
1748009259862.0,0.82326,0.8235
1748009260112.0,0.8233,0.82345
1748009260236.0,0.82331,0.82346
1748009261200.0,0.8233,0.82345
1748009261446.0,0.82329,0.82344
1748009261573.0,0.82326,0.82341
1748009263076.0,0.82327,0.82342
1748009263549.0,0.82326,0.82341
1748009263800.0,0.82327,0.82342
1748009264662.0,0.82326,0.82341
1748009264774.0,0.82325,0.8234
1748009265479.0,0.82323,0.82338
1748009265859.0,0.82324,0.82339
1748009268103.0,0.82323,0.82338
1748009269112.0,0.82324,0.82339
1748009269241.0,0.82328,0.82352
1748009269488.0,0.82331,0.82355
1748009269740.0,0.8233,0.82354
1748009269865.0,0.82328,0.82352
1748009270079.0,0.82329,0.82353
1748009270771.0,0.8233,0.82354
1748009270896.0,0.82329,0.82353
1748009272045.0,0.82332,0.82356
1748009272294.0,0.82333,0.82357
1748009277341.0,0.82334,0.82358
1748009277758.0,0.82333,0.82357
1748009278261.0,0.82332,0.82356
1748009278762.0,0.82333,0.82357
1748009279012.0,0.82332,0.82356
1748009280443.0,0.82329,0.82353
1748009280906.0,0.8233,0.82354
1748009281841.0,0.82334,0.82349
1748009282487.0,0.82333,0.82348
1748009282987.0,0.82334,0.82349
1748009284115.0,0.82333,0.82348
1748009286607.0,0.82332,0.82347
1748009287547.0,0.82328,0.82343
1748009287796.0,0.82326,0.82341
1748009287906.0,0.82327,0.82342
1748009288156.0,0.82326,0.82341
1748009288406.0,0.82322,0.82346
1748009289014.0,0.82321,0.82345
1748009289264.0,0.8232,0.82344
1748009290816.0,0.82316,0.8234
1748009292274.0,0.82317,0.82341
1748009292632.0,0.82319,0.82343
1748009293286.0,0.82317,0.82341
1748009294782.0,0.82316,0.82331
1748009295035.0,0.82317,0.82332
1748009295284.0,0.82316,0.82331
1748009295534.0,0.82317,0.82332
1748009295859.0,0.82313,0.82337
1748009296852.0,0.82312,0.82336
1748009297104.0,0.82312,0.82336
1748009300329.0,0.8231,0.82334
1748009304509.0,0.82301,0.82325
1748009304640.0,0.82306,0.82321
1748009305208.0,0.82301,0.82316
1748009305597.0,0.82301,0.82316
1748009305721.0,0.82302,0.82317
1748009306711.0,0.82301,0.82316
1748009306840.0,0.82302,0.82317
1748009307242.0,0.82299,0.82314
1748009307365.0,0.82297,0.82312
1748009308249.0,0.82296,0.82311
1748009309321.0,0.82297,0.82312
1748009309616.0,0.82303,0.82318
1748009309992.0,0.82302,0.82317
1748009310391.0,0.82303,0.82318
1748009310517.0,0.82304,0.82319
1748009310892.0,0.82301,0.82316
1748009311909.0,0.82302,0.82317
1748009312535.0,0.82301,0.82316
1748009312784.0,0.823,0.82315
1748009313805.0,0.82299,0.82314
1748009313928.0,0.82301,0.82316
1748009314671.0,0.82301,0.82316
1748009314920.0,0.823,0.82315
1748009315290.0,0.82299,0.82314
1748009315675.0,0.82297,0.82312
1748009316041.0,0.82297,0.82312
1748009316541.0,0.82293,0.82317
1748009316791.0,0.82292,0.82316
1748009317044.0,0.82283,0.82307
1748009317543.0,0.82284,0.82308
1748009318923.0,0.82289,0.82313
1748009319046.0,0.82286,0.8231
1748009320481.0,0.82287,0.82311
1748009320729.0,0.82284,0.82308
1748009320860.0,0.82285,0.82309
1748009321797.0,0.82287,0.82311
1748009322173.0,0.82288,0.82312
1748009322421.0,0.82287,0.82311
1748009322923.0,0.82288,0.82312
1748009323174.0,0.82287,0.82311
1748009323798.0,0.82282,0.82306
1748009324048.0,0.8228,0.82304
1748009324171.0,0.82279,0.82303
1748009324548.0,0.8228,0.82304
1748009324672.0,0.82279,0.82303
1748009325021.0,0.8228,0.82304
1748009325645.0,0.8228,0.82304
1748009325981.0,0.82279,0.82303
1748009326230.0,0.8228,0.82304
1748009326657.0,0.82282,0.82306
1748009327754.0,0.8228,0.82304
1748009327879.0,0.82279,0.82303
1748009328326.0,0.8228,0.82304
1748009328451.0,0.82279,0.82303
1748009329361.0,0.82282,0.82306
1748009329611.0,0.82281,0.82305
1748009329863.0,0.82278,0.82302
1748009330119.0,0.82274,0.82298
1748009330371.0,0.82273,0.82297
1748009330864.0,0.82271,0.82295
1748009331233.0,0.82273,0.82297
1748009331719.0,0.82272,0.82296
1748009331968.0,0.8227,0.82294
1748009332218.0,0.82271,0.82295
1748009332611.0,0.8227,0.82294
1748009332862.0,0.82271,0.82295
1748009332986.0,0.82272,0.82296
1748009333241.0,0.82273,0.82297
1748009333486.0,0.82272,0.82296
1748009333929.0,0.82273,0.82297
1748009334057.0,0.82277,0.82301
1748009334178.0,0.82276,0.823
1748009334307.0,0.82277,0.82301
1748009334562.0,0.82276,0.823
1748009335743.0,0.82277,0.82301
1748009335981.0,0.82278,0.82302
1748009336242.0,0.8228,0.82304
1748009336483.0,0.82281,0.82305
1748009337546.0,0.82275,0.82299
1748009337670.0,0.82274,0.82298
1748009338296.0,0.82273,0.82297
1748009339184.0,0.82271,0.82295
1748009339435.0,0.82273,0.82297
1748009339959.0,0.82271,0.82295
1748009340086.0,0.8227,0.82294
1748009340335.0,0.82271,0.82295
1748009340887.0,0.8227,0.82294
1748009341258.0,0.82272,0.82296
1748009341841.0,0.82271,0.82295
1748009342396.0,0.82273,0.82297
1748009342643.0,0.82269,0.82293
1748009343137.0,0.8227,0.82294
1748009343261.0,0.82272,0.82296
1748009344256.0,0.82273,0.82297
1748009344756.0,0.82274,0.82298
1748009345007.0,0.82273,0.82297
1748009347467.0,0.8227,0.82294
1748009348006.0,0.82269,0.82293
1748009349216.0,0.8227,0.82294
1748009350877.0,0.82273,0.82297
1748009351373.0,0.82271,0.82295
1748009351502.0,0.8227,0.82294
1748009351912.0,0.82269,0.82293
1748009352036.0,0.8227,0.82294
1748009352611.0,0.82269,0.82293
1748009353328.0,0.82273,0.82297
1748009353702.0,0.82272,0.82296
1748009354244.0,0.82273,0.82297
1748009358635.0,0.82279,0.82303
1748009359349.0,0.82277,0.82301
1748009360422.0,0.82278,0.82302
1748009360672.0,0.82277,0.82301
1748009361408.0,0.82274,0.82298
1748009363147.0,0.8227,0.82294
1748009364054.0,0.82271,0.82295
1748009364753.0,0.82272,0.82296
1748009364870.0,0.82271,0.82295
1748009365121.0,0.82275,0.82299
1748009366188.0,0.82274,0.82298
1748009366859.0,0.82272,0.82296
1748009368034.0,0.82273,0.82297
1748009370520.0,0.82275,0.82299
1748009370770.0,0.82276,0.823
1748009372191.0,0.82277,0.82301
1748009372633.0,0.82276,0.823
1748009374089.0,0.82277,0.82301
1748009374206.0,0.82276,0.823
1748009378258.0,0.82277,0.82301
1748009378631.0,0.82277,0.82301
1748009378878.0,0.82276,0.823
1748009379412.0,0.82272,0.82296
1748009379670.0,0.82272,0.82296
1748009380430.0,0.82273,0.82297
1748009380991.0,0.82272,0.82296
1748009381242.0,0.82269,0.82293
1748009381835.0,0.82268,0.82292
1748009381955.0,0.82269,0.82293
1748009383471.0,0.82268,0.82292
1748009384125.0,0.82266,0.8229
1748009384653.0,0.82268,0.82292
1748009385029.0,0.82266,0.8229
1748009385154.0,0.82267,0.82291
1748009386482.0,0.82266,0.8229
1748009391205.0,0.82265,0.82289
1748009391703.0,0.82266,0.8229
1748009391954.0,0.8226,0.82284
1748009393260.0,0.82262,0.82286
1748009396136.0,0.82261,0.82285
1748009397133.0,0.82262,0.82286
1748009399145.0,0.8226,0.82284
1748009400191.0,0.82261,0.82285
1748009400443.0,0.82263,0.82287
1748009401107.0,0.82264,0.82288
1748009402016.0,0.82268,0.82292
1748009402442.0,0.82267,0.82291
1748009403411.0,0.82267,0.82291
1748009403533.0,0.82264,0.82288
1748009403949.0,0.82263,0.82287
1748009404323.0,0.82261,0.82285
1748009405426.0,0.8226,0.82284
1748009409158.0,0.82261,0.82285
1748009410384.0,0.82262,0.82286
1748009410757.0,0.82261,0.82285
1748009410883.0,0.82262,0.82286
1748009411272.0,0.82264,0.82288
1748009411400.0,0.8227,0.82294
1748009411929.0,0.82275,0.82299
1748009412050.0,0.82274,0.82298
1748009412301.0,0.82277,0.82301
1748009413387.0,0.82276,0.823
1748009414230.0,0.82271,0.82295
1748009414355.0,0.8227,0.82294
1748009414481.0,0.82269,0.82293
1748009415771.0,0.8227,0.82294
1748009416330.0,0.82268,0.82292
1748009416703.0,0.82267,0.82291
1748009416829.0,0.82269,0.82293
1748009420949.0,0.82272,0.82296
1748009422933.0,0.82273,0.82297
1748009423543.0,0.82271,0.82295
1748009423674.0,0.82272,0.82296
1748009425897.0,0.8228,0.82304
1748009426924.0,0.82281,0.82305
1748009429510.0,0.82287,0.82311
1748009430101.0,0.82286,0.8231
1748009430476.0,0.82284,0.82308
1748009430994.0,0.82283,0.82307
1748009431245.0,0.82284,0.82308
1748009431781.0,0.82282,0.82306
1748009432908.0,0.8228,0.82304
1748009434573.0,0.82279,0.82303
1748009435409.0,0.8228,0.82304
1748009436355.0,0.82283,0.82307
1748009437664.0,0.82283,0.82307
1748009437907.0,0.82289,0.82313
1748009438168.0,0.82288,0.82312
1748009438412.0,0.82287,0.82311
1748009439545.0,0.82283,0.82307
1748009439666.0,0.82287,0.82311
1748009441377.0,0.82283,0.82307
1748009446273.0,0.82282,0.82306
1748009446648.0,0.82283,0.82307
1748009447023.0,0.82282,0.82306
1748009447274.0,0.82278,0.82302
1748009447524.0,0.82285,0.82309
1748009447649.0,0.82284,0.82308
1748009447899.0,0.82282,0.82306
1748009449286.0,0.82281,0.82305
1748009449936.0,0.8228,0.82304
1748009450778.0,0.82281,0.82305
1748009451419.0,0.8228,0.82304
1748009451819.0,0.82279,0.82303
1748009453601.0,0.82276,0.823
1748009453722.0,0.82277,0.82301
1748009455486.0,0.82275,0.82299
1748009455602.0,0.82274,0.82298
1748009456479.0,0.82275,0.82299
1748009457605.0,0.82277,0.82301
1748009457729.0,0.8228,0.82304
1748009458727.0,0.82279,0.82303
1748009458851.0,0.8228,0.82304
1748009459102.0,0.82279,0.82303
1748009459476.0,0.82278,0.82302
1748009459977.0,0.82275,0.82299
1748009460227.0,0.82277,0.82301
1748009461099.0,0.82276,0.823
1748009461602.0,0.82278,0.82302
1748009462203.0,0.82277,0.82301
1748009462330.0,0.82275,0.82299
1748009462717.0,0.82272,0.82296
1748009463376.0,0.82271,0.82295
1748009464819.0,0.82272,0.82296
1748009465066.0,0.82271,0.82295
1748009465485.0,0.82272,0.82296
1748009466856.0,0.82274,0.82298
1748009467232.0,0.82277,0.82301
1748009467358.0,0.82274,0.82298
1748009467609.0,0.82275,0.82299
1748009469170.0,0.82277,0.82301
1748009469550.0,0.82282,0.82306
1748009470721.0,0.82278,0.82302
1748009471797.0,0.82279,0.82303
1748009472819.0,0.8228,0.82304
1748009473693.0,0.82279,0.82303
1748009473943.0,0.8228,0.82304
1748009474192.0,0.82279,0.82303
1748009474890.0,0.82279,0.82303
1748009475141.0,0.8228,0.82304
1748009476481.0,0.82281,0.82305
1748009476605.0,0.82279,0.82303
1748009477307.0,0.8228,0.82304
1748009477551.0,0.82281,0.82305
1748009480710.0,0.82277,0.82301
1748009481334.0,0.82274,0.82298
1748009481599.0,0.82276,0.823
1748009481717.0,0.82275,0.82299
1748009481849.0,0.82276,0.823
1748009482322.0,0.82277,0.82301
1748009482446.0,0.82278,0.82302
1748009483943.0,0.8228,0.82304
1748009484189.0,0.8228,0.82304
1748009485170.0,0.82279,0.82303
1748009485927.0,0.82281,0.82305
1748009487358.0,0.8228,0.82304
1748009488782.0,0.8228,0.82304
1748009490315.0,0.82282,0.82306
1748009491136.0,0.82284,0.82308
1748009491260.0,0.8228,0.82304
1748009491510.0,0.82281,0.82305
1748009493051.0,0.82283,0.82307
1748009493341.0,0.82282,0.82306
1748009494162.0,0.82281,0.82305
1748009494413.0,0.82277,0.82301
1748009496629.0,0.82283,0.82298
1748009496881.0,0.82278,0.82302
1748009497251.0,0.8228,0.82304
1748009497811.0,0.82281,0.82305
1748009498060.0,0.8228,0.82304
1748009498879.0,0.82279,0.82303
1748009499004.0,0.82277,0.82301
1748009499340.0,0.82278,0.82302
1748009501500.0,0.82279,0.82303
1748009501768.0,0.82282,0.82306
1748009501876.0,0.82283,0.82307
1748009502140.0,0.82282,0.82306
1748009502402.0,0.82283,0.82307
1748009502527.0,0.82284,0.82308
1748009502652.0,0.82283,0.82307
1748009502905.0,0.82284,0.82308
1748009504666.0,0.82281,0.82305
1748009505505.0,0.8228,0.82304
1748009508026.0,0.82282,0.82306
1748009509418.0,0.82276,0.823
1748009511398.0,0.82275,0.82299
1748009511521.0,0.82276,0.823
1748009513661.0,0.82276,0.823
1748009516140.0,0.82271,0.82295
1748009516272.0,0.82269,0.82293
1748009516960.0,0.82271,0.82295
1748009517212.0,0.8227,0.82294
1748009518515.0,0.82267,0.82291
1748009521419.0,0.82265,0.82289
1748009521544.0,0.82263,0.82287
1748009521794.0,0.82261,0.82285
1748009522923.0,0.82263,0.82287
1748009523042.0,0.82266,0.8229
1748009523303.0,0.82265,0.82289
1748009523554.0,0.82266,0.8229
1748009524054.0,0.82269,0.82293
1748009524307.0,0.82269,0.82293
1748009528519.0,0.82273,0.82297
1748009528644.0,0.82272,0.82296
1748009529535.0,0.82268,0.82292
1748009530307.0,0.82269,0.82293
1748009531420.0,0.82267,0.82291
1748009532805.0,0.82268,0.82292
1748009533056.0,0.82263,0.82287
1748009533432.0,0.82264,0.82288
1748009533807.0,0.8227,0.82294
1748009534059.0,0.82269,0.82293
1748009534176.0,0.8227,0.82294
1748009535484.0,0.82273,0.82297
1748009535735.0,0.82272,0.82296
1748009536134.0,0.82273,0.82297
1748009537928.0,0.82276,0.823
1748009538379.0,0.82276,0.823
1748009538632.0,0.82279,0.82303
1748009538889.0,0.82281,0.82305
1748009539132.0,0.82287,0.82311
1748009539245.0,0.82288,0.82312
1748009539496.0,0.82287,0.82311
1748009539629.0,0.82289,0.82313
1748009539880.0,0.82291,0.82315
1748009540143.0,0.82294,0.82318
1748009540413.0,0.82296,0.8232
1748009540662.0,0.82302,0.82326
1748009541261.0,0.82302,0.82326
1748009542018.0,0.82303,0.82327
1748009542145.0,0.82297,0.82321
1748009542779.0,0.82296,0.8232
1748009543154.0,0.8229,0.82314
1748009543561.0,0.82287,0.82311
1748009544588.0,0.82284,0.82308
1748009545108.0,0.82286,0.8231
1748009547143.0,0.82284,0.82308
1748009547781.0,0.82286,0.8231
1748009548522.0,0.82291,0.82315
1748009548771.0,0.8229,0.82314
1748009549156.0,0.82292,0.82316
1748009550051.0,0.82293,0.82317
1748009551214.0,0.82292,0.82316
1748009552149.0,0.82296,0.8232
1748009552750.0,0.82298,0.82322
1748009552999.0,0.82299,0.82323
1748009553304.0,0.82298,0.82322
1748009553673.0,0.82299,0.82323
1748009554523.0,0.823,0.82324
1748009554772.0,0.823,0.82324
1748009554902.0,0.82299,0.82323
1748009557394.0,0.823,0.82324
1748009557696.0,0.82298,0.82322
1748009558931.0,0.82299,0.82323
1748009560286.0,0.82301,0.82325
1748009560911.0,0.823,0.82324
1748009561884.0,0.823,0.82324
1748009562132.0,0.82299,0.82323
1748009564276.0,0.82299,0.82323
1748009564873.0,0.823,0.82324
1748009565678.0,0.82298,0.82322
1748009565803.0,0.82299,0.82323
1748009566664.0,0.82298,0.82322
1748009566800.0,0.82299,0.82323
1748009569266.0,0.82298,0.82322
1748009569773.0,0.82299,0.82323
1748009570391.0,0.82298,0.82322
1748009570525.0,0.823,0.82324
1748009571018.0,0.82299,0.82323
1748009572045.0,0.82301,0.82325
1748009572171.0,0.82302,0.82326
1748009573111.0,0.82303,0.82327
1748009573808.0,0.82304,0.82328
1748009574063.0,0.8231,0.82334
1748009574803.0,0.82305,0.82329
1748009575052.0,0.82305,0.82329
1748009575394.0,0.82307,0.82331
1748009575520.0,0.82305,0.82329
1748009576243.0,0.82306,0.8233
1748009576589.0,0.82305,0.82329
1748009577269.0,0.82304,0.82328
1748009577525.0,0.82296,0.8232
1748009577881.0,0.82297,0.82321
1748009579327.0,0.82296,0.8232
1748009579453.0,0.82293,0.82317
1748009580487.0,0.82291,0.82315
1748009580611.0,0.82293,0.82317
1748009581606.0,0.82292,0.82316
1748009586693.0,0.82291,0.82315
1748009587071.0,0.82295,0.82319
1748009587198.0,0.82293,0.82317
1748009590214.0,0.82297,0.82321
1748009590741.0,0.823,0.82324
1748009592088.0,0.82296,0.8232
1748009592340.0,0.82297,0.82321
1748009592587.0,0.82298,0.82322
1748009593270.0,0.82297,0.82321
1748009599188.0,0.82296,0.8232
1748009599313.0,0.82297,0.82321
1748009601716.0,0.823,0.82324
1748009602132.0,0.82302,0.82326
1748009602407.0,0.823,0.82324
1748009602532.0,0.82302,0.82326
1748009607168.0,0.82299,0.82323
1748009609069.0,0.82298,0.82322
1748009609319.0,0.823,0.82324
1748009610335.0,0.82299,0.82323
1748009612510.0,0.82298,0.82322
1748009612635.0,0.82299,0.82323
1748009612885.0,0.82295,0.82319
1748009613384.0,0.82296,0.8232
1748009616129.0,0.82299,0.82323
1748009616724.0,0.823,0.82324
1748009617100.0,0.82299,0.82323
1748009618020.0,0.82298,0.82322
1748009618270.0,0.82299,0.82323
1748009621442.0,0.823,0.82324
1748009621690.0,0.82301,0.82325
1748009621816.0,0.823,0.82324
1748009622545.0,0.82302,0.82326
1748009623290.0,0.82301,0.82325
1748009623664.0,0.82292,0.82316
1748009623795.0,0.82291,0.82315
1748009623927.0,0.8229,0.82314
1748009624921.0,0.82293,0.82317
1748009630458.0,0.8229,0.82314
1748009630933.0,0.82285,0.82309
1748009631557.0,0.82281,0.82305
1748009632032.0,0.82283,0.82307
1748009632408.0,0.82282,0.82306
1748009637692.0,0.82281,0.82305
1748009638143.0,0.82282,0.82306
1748009638441.0,0.82281,0.82305
1748009638692.0,0.82282,0.82306
1748009640549.0,0.82281,0.82305
1748009641047.0,0.8228,0.82304
1748009641173.0,0.82282,0.82306
1748009641848.0,0.82281,0.82305
1748009642448.0,0.82279,0.82303
1748009643331.0,0.82278,0.82302
1748009644646.0,0.82279,0.82303
1748009645449.0,0.82282,0.82306
1748009645828.0,0.82282,0.82306
1748009647417.0,0.82283,0.82307
1748009649487.0,0.82284,0.82308
1748009649896.0,0.82283,0.82307
1748009652210.0,0.82281,0.82305
1748009652336.0,0.82282,0.82306
1748009652708.0,0.82283,0.82307
1748009653566.0,0.82282,0.82306
1748009655311.0,0.82283,0.82307
1748009655555.0,0.82283,0.82307
1748009656699.0,0.82277,0.82301
1748009656950.0,0.82278,0.82302
1748009657680.0,0.82279,0.82303
1748009660681.0,0.82273,0.82297
1748009660931.0,0.82275,0.82299
1748009661058.0,0.82276,0.823
1748009661542.0,0.82275,0.82299
1748009661665.0,0.82276,0.823
1748009661955.0,0.82273,0.82297
1748009662204.0,0.82271,0.82295
1748009662849.0,0.82272,0.82296
1748009663817.0,0.82273,0.82297
1748009663942.0,0.82274,0.82298
1748009665070.0,0.82275,0.82299
1748009665696.0,0.82274,0.82298
1748009667220.0,0.82272,0.82296
1748009668874.0,0.82269,0.82293
1748009669124.0,0.82269,0.82293
1748009669634.0,0.82268,0.82292
1748009670034.0,0.82266,0.8229
1748009670722.0,0.82267,0.82291
1748009670981.0,0.82269,0.82293
1748009672017.0,0.82268,0.82292
1748009672267.0,0.82269,0.82293
1748009674152.0,0.82272,0.82296
1748009674459.0,0.82273,0.82297
1748009674711.0,0.82272,0.82296
1748009675450.0,0.82273,0.82297
1748009675573.0,0.82275,0.82299
1748009676823.0,0.82273,0.82297
1748009677336.0,0.82272,0.82296
1748009677468.0,0.82273,0.82297
1748009678667.0,0.82275,0.82299
1748009678916.0,0.82273,0.82297
1748009679649.0,0.82272,0.82296
1748009681544.0,0.82275,0.82299
1748009682045.0,0.82276,0.823
1748009682294.0,0.82276,0.823
1748009682564.0,0.82275,0.82299
1748009682689.0,0.82278,0.82302
1748009682813.0,0.82279,0.82303
1748009684137.0,0.8228,0.82304
1748009684259.0,0.82279,0.82303
1748009685275.0,0.82277,0.82301
1748009686831.0,0.82274,0.82298
1748009687082.0,0.82277,0.82301
1748009688949.0,0.82274,0.82298
1748009689076.0,0.82276,0.823
1748009690184.0,0.82277,0.82301
1748009691008.0,0.8228,0.82304
1748009693531.0,0.82277,0.82301
1748009694218.0,0.82278,0.82302
1748009694592.0,0.82279,0.82303
1748009696531.0,0.82278,0.82302
1748009696929.0,0.82279,0.82303
1748009697295.0,0.82278,0.82302
1748009698224.0,0.8228,0.82304
1748009698348.0,0.82279,0.82303
1748009699346.0,0.8228,0.82304
1748009699595.0,0.82284,0.82308
1748009699845.0,0.82286,0.8231
1748009700094.0,0.82283,0.82307
1748009700228.0,0.82282,0.82306
1748009701129.0,0.82283,0.82307
1748009701683.0,0.82282,0.82306
1748009705363.0,0.82284,0.82308
1748009705488.0,0.82287,0.82311
1748009705897.0,0.82286,0.8231
1748009706221.0,0.82285,0.82309
1748009706721.0,0.82283,0.82307
1748009707411.0,0.82284,0.82308
1748009708365.0,0.8228,0.82304
1748009708749.0,0.82281,0.82305
1748009709306.0,0.8228,0.82304
1748009710111.0,0.82281,0.82305
1748009710714.0,0.8228,0.82304
1748009710842.0,0.82278,0.82302
1748009711465.0,0.82279,0.82303
1748009712015.0,0.82278,0.82302
1748009717422.0,0.82279,0.82303
1748009718063.0,0.8228,0.82304
1748009718563.0,0.82281,0.82305
1748009718690.0,0.8228,0.82304
1748009720879.0,0.82281,0.82305
1748009721129.0,0.8228,0.82304
1748009721504.0,0.82283,0.82307
1748009724173.0,0.82281,0.82305
1748009725049.0,0.82277,0.82301
1748009725543.0,0.82278,0.82302
1748009729132.0,0.82281,0.82305
1748009732071.0,0.8228,0.82304
1748009732948.0,0.82282,0.82306
1748009734211.0,0.8228,0.82304
1748009734460.0,0.82281,0.82305
1748009735076.0,0.8228,0.82304
1748009735798.0,0.82281,0.82305
1748009736298.0,0.8228,0.82304
1748009736551.0,0.82281,0.82305
1748009737796.0,0.82282,0.82306
1748009739769.0,0.82282,0.82306
1748009741140.0,0.82278,0.82302
1748009741508.0,0.82277,0.82301
1748009742576.0,0.82279,0.82303
1748009743257.0,0.82276,0.823
1748009743381.0,0.82275,0.82299
1748009744304.0,0.82274,0.82298
1748009744586.0,0.82273,0.82297
1748009744705.0,0.82272,0.82296
1748009745428.0,0.82274,0.82298
1748009745554.0,0.82273,0.82297
1748009746452.0,0.82274,0.82298
1748009754903.0,0.82277,0.82301
1748009755032.0,0.82276,0.823
1748009755665.0,0.82277,0.82301
1748009757775.0,0.82276,0.823
1748009758448.0,0.82273,0.82297
1748009759940.0,0.82272,0.82296
1748009762092.0,0.82271,0.82295
1748009762204.0,0.82265,0.82289
1748009762859.0,0.82267,0.82291
1748009762982.0,0.82269,0.82293
1748009763371.0,0.8227,0.82294
1748009763876.0,0.82269,0.82293
1748009764742.0,0.82268,0.82292
1748009765819.0,0.82267,0.82291
1748009766307.0,0.82265,0.82289
1748009766435.0,0.82266,0.8229
1748009767628.0,0.82264,0.82288
1748009768443.0,0.82263,0.82287
1748009770188.0,0.82261,0.82285
1748009770834.0,0.82259,0.82283
1748009772126.0,0.82258,0.82282
1748009773664.0,0.82259,0.82283
1748009778027.0,0.82243,0.82267
1748009780040.0,0.82242,0.82266
1748009780982.0,0.8224,0.82264
1748009781356.0,0.82241,0.82265
1748009781480.0,0.8224,0.82264
1748009781740.0,0.82231,0.82255
1748009782231.0,0.82236,0.8226
1748009782805.0,0.82243,0.82267
1748009782935.0,0.82244,0.82268
1748009783059.0,0.82243,0.82267
1748009785227.0,0.82238,0.82262
1748009785476.0,0.82237,0.82261
1748009786446.0,0.82238,0.82262
1748009786572.0,0.82239,0.82263
1748009787986.0,0.82229,0.82253
1748009788228.0,0.82236,0.8226
1748009788348.0,0.82235,0.82259
1748009788596.0,0.82234,0.82258
1748009788948.0,0.82235,0.82259
1748009791049.0,0.82236,0.8226
1748009793250.0,0.82238,0.82262
1748009793536.0,0.82239,0.82263
1748009793659.0,0.82238,0.82262
1748009794411.0,0.8224,0.82264
1748009795947.0,0.82237,0.82261
1748009796822.0,0.8224,0.82264
1748009796947.0,0.82242,0.82266
1748009797714.0,0.82243,0.82267
1748009798341.0,0.82245,0.82269
1748009798874.0,0.82242,0.82266
1748009799245.0,0.82243,0.82267
1748009799495.0,0.82242,0.82266
1748009801453.0,0.82243,0.82267
1748009802278.0,0.82238,0.82262
1748009802403.0,0.82239,0.82263
1748009803514.0,0.82236,0.8226
1748009804271.0,0.82235,0.82259
1748009805310.0,0.82236,0.8226
1748009805560.0,0.82236,0.8226
1748009805818.0,0.82235,0.82259
1748009806452.0,0.82236,0.8226
1748009808073.0,0.82235,0.82259
1748009810267.0,0.82236,0.8226
1748009810512.0,0.82241,0.82265
1748009810884.0,0.8224,0.82264
1748009811643.0,0.82243,0.82267
1748009811771.0,0.82242,0.82266
1748009812811.0,0.82245,0.82269
1748009813061.0,0.82244,0.82268
1748009813436.0,0.82243,0.82267
1748009813687.0,0.82244,0.82268
1748009814188.0,0.82245,0.82269
1748009814719.0,0.82244,0.82268
1748009816086.0,0.82243,0.82267
1748009816701.0,0.82244,0.82268
1748009817545.0,0.82243,0.82267
1748009817792.0,0.82243,0.82267
1748009818062.0,0.82245,0.82269
1748009818671.0,0.82244,0.82268
1748009818793.0,0.82241,0.82265
1748009819169.0,0.82239,0.82263
1748009819417.0,0.82233,0.82257
1748009819667.0,0.82234,0.82258
1748009820190.0,0.82235,0.82259
1748009820692.0,0.82236,0.8226
1748009821310.0,0.82242,0.82266
1748009821561.0,0.82244,0.82268
1748009822655.0,0.82245,0.82269
1748009822783.0,0.82244,0.82268
1748009823026.0,0.82243,0.82267
1748009823277.0,0.82242,0.82266
1748009823678.0,0.82244,0.82268
1748009825857.0,0.82241,0.82265
1748009826607.0,0.82242,0.82266
1748009827347.0,0.82243,0.82267
1748009834120.0,0.82242,0.82266
1748009834972.0,0.82239,0.82263
1748009836462.0,0.82238,0.82262
1748009836985.0,0.82242,0.82266
1748009838268.0,0.82241,0.82265
1748009839669.0,0.82242,0.82266
1748009839788.0,0.82241,0.82265
1748009841792.0,0.82242,0.82266
1748009841914.0,0.82243,0.82267
1748009842165.0,0.82247,0.82271
1748009842539.0,0.82248,0.82272
1748009845304.0,0.82247,0.82271
1748009845425.0,0.82246,0.8227
1748009846329.0,0.82243,0.82267
1748009846705.0,0.82244,0.82268
1748009847652.0,0.82245,0.82269
1748009853258.0,0.82242,0.82266
1748009853935.0,0.82243,0.82267
1748009855440.0,0.82245,0.82269
1748009856455.0,0.82246,0.8227
1748009856582.0,0.82244,0.82268
1748009857733.0,0.82246,0.8227
1748009858182.0,0.82245,0.82269
1748009864240.0,0.82246,0.8227
1748009866050.0,0.82245,0.82269
1748009866179.0,0.82234,0.82258
1748009866300.0,0.82233,0.82257
1748009866679.0,0.82232,0.82256
1748009867417.0,0.82229,0.82253
1748009867826.0,0.8223,0.82254
1748009868148.0,0.82229,0.82253
1748009868826.0,0.82228,0.82252
1748009868951.0,0.82229,0.82253
1748009871960.0,0.82235,0.82259
1748009872078.0,0.82236,0.8226
1748009872498.0,0.82237,0.82261
1748009872622.0,0.82236,0.8226
1748009873312.0,0.82233,0.82257
1748009874999.0,0.82234,0.82258
1748009876892.0,0.82235,0.82259
1748009877288.0,0.82236,0.8226
1748009877720.0,0.82237,0.82261
1748009878085.0,0.82236,0.8226
1748009878445.0,0.82235,0.82259
1748009879123.0,0.82236,0.8226
1748009884740.0,0.82237,0.82261
1748009885302.0,0.82245,0.8226
1748009886022.0,0.82246,0.82261
1748009886271.0,0.82248,0.82263
1748009886647.0,0.82248,0.82263
1748009886772.0,0.82247,0.82262
1748009887433.0,0.82254,0.82269
1748009888475.0,0.82255,0.8227
1748009889808.0,0.82259,0.82274
1748009891748.0,0.82258,0.82273
1748009891874.0,0.82255,0.8227
1748009892124.0,0.8225,0.82274
1748009892376.0,0.82247,0.82271
1748009892688.0,0.82248,0.82272
1748009892985.0,0.82248,0.82272
1748009894617.0,0.82246,0.8227
1748009895562.0,0.82247,0.82271
1748009897767.0,0.82253,0.82268
1748009898016.0,0.8225,0.82265
1748009898773.0,0.82251,0.82266
1748009899400.0,0.82249,0.82264
1748009900590.0,0.82248,0.82263
1748009902885.0,0.82249,0.82264
1748009903135.0,0.8225,0.82265
1748009904458.0,0.82248,0.82263
1748009904712.0,0.82247,0.82262
1748009907427.0,0.82248,0.82263
1748009907862.0,0.82243,0.82267
1748009910654.0,0.82247,0.82271
1748009912667.0,0.82244,0.82268
1748009915695.0,0.82245,0.82269
1748009915933.0,0.82249,0.82264
1748009916609.0,0.82256,0.82271
1748009917748.0,0.82254,0.82269
1748009922024.0,0.82252,0.82267
1748009922273.0,0.82249,0.82264
1748009922400.0,0.82247,0.82262
1748009922651.0,0.82248,0.82263
1748009923314.0,0.82247,0.82262
1748009923909.0,0.82239,0.82263
1748009924158.0,0.8224,0.82264
1748009924728.0,0.82239,0.82263
1748009927132.0,0.82239,0.82263
1748009928959.0,0.82241,0.82265
1748009929209.0,0.82242,0.82266
1748009931118.0,0.82239,0.82263
1748009932852.0,0.82242,0.82266
1748009936971.0,0.82243,0.82258
1748009937210.0,0.82239,0.82263
1748009937752.0,0.82237,0.82261
1748009937862.0,0.82239,0.82263
1748009938982.0,0.8224,0.82264
1748009939357.0,0.82238,0.82262
1748009939610.0,0.82234,0.82258
1748009939859.0,0.82236,0.8226
1748009940863.0,0.82237,0.82261
1748009944846.0,0.82236,0.8226
1748009946621.0,0.82231,0.82255
1748009946870.0,0.82233,0.82257
1748009947160.0,0.82234,0.82258
1748009950193.0,0.82235,0.82259
1748009951656.0,0.82233,0.82257
1748009951906.0,0.82234,0.82258
1748009954221.0,0.82233,0.82257
1748009954697.0,0.82232,0.82256
1748009960265.0,0.82233,0.82257
1748009963234.0,0.82232,0.82256
1748009963347.0,0.82233,0.82257
1748009968957.0,0.82236,0.8226
1748009970828.0,0.82235,0.82259
1748009976515.0,0.82236,0.8226
1748009977741.0,0.82235,0.82259
1748009982185.0,0.82226,0.8225
1748009983266.0,0.82229,0.82253
1748009983749.0,0.82221,0.82245
1748009984125.0,0.82223,0.82247
1748009984500.0,0.82224,0.82248
1748009987672.0,0.82223,0.82247
1748009987917.0,0.82226,0.8225
1748009988360.0,0.82227,0.82251
1748009991241.0,0.82225,0.82249
1748009992130.0,0.82223,0.82247
1748009992257.0,0.82224,0.82248
1748009993991.0,0.82221,0.82245
1748009994241.0,0.82218,0.82242
1748009994491.0,0.82219,0.82243
1748009994984.0,0.8222,0.82244
1748009995233.0,0.82223,0.82247
1748009995759.0,0.82222,0.82246
1748009995881.0,0.82221,0.82245
1748009996380.0,0.82222,0.82246
1748009997596.0,0.82223,0.82247
1748009997720.0,0.82222,0.82246
1748009999248.0,0.82221,0.82245
1748009999498.0,0.82217,0.82241
1748010003443.0,0.82218,0.82242
1748010004028.0,0.82217,0.82241
1748010004151.0,0.82225,0.8224
1748010004982.0,0.82226,0.82241
1748010005358.0,0.8223,0.82245
1748010005607.0,0.82229,0.82244
1748010006410.0,0.82228,0.82243
1748010008060.0,0.82229,0.82244
1748010009309.0,0.8223,0.82245
1748010009429.0,0.82233,0.82248
1748010009963.0,0.82232,0.82247
1748010010220.0,0.82231,0.82246
1748010010344.0,0.82232,0.82247
1748010010721.0,0.82232,0.82247
1748010010970.0,0.82233,0.82248
1748010011595.0,0.82232,0.82247
1748010012110.0,0.82233,0.82248
1748010014473.0,0.82234,0.82249
1748010014720.0,0.82233,0.82248
1748010014846.0,0.82232,0.82247
1748010015306.0,0.82228,0.82252
1748010016810.0,0.82229,0.82253
1748010023271.0,0.82228,0.82252
1748010025543.0,0.82224,0.82248
1748010025662.0,0.82226,0.8225
1748010026232.0,0.82232,0.82256
1748010027957.0,0.82236,0.8226
1748010028309.0,0.82235,0.82259
1748010028554.0,0.82233,0.82257
1748010029449.0,0.82237,0.82261
1748010034859.0,0.82238,0.82262
1748010036002.0,0.82237,0.82261
1748010037156.0,0.82238,0.82262
1748010038554.0,0.82237,0.82261
1748010038936.0,0.82237,0.82261
1748010042060.0,0.82238,0.82262
1748010042310.0,0.82236,0.8226
1748010044726.0,0.82237,0.82261
1748010044846.0,0.82238,0.82262
1748010045223.0,0.82236,0.8226
1748010045347.0,0.82235,0.82259
1748010046074.0,0.82232,0.82256
1748010046194.0,0.82233,0.82257
1748010046679.0,0.82234,0.82258
1748010048191.0,0.82236,0.8226
1748010048314.0,0.82233,0.82257
1748010048440.0,0.82234,0.82258
1748010049508.0,0.82233,0.82257
1748010049624.0,0.82232,0.82256
1748010050932.0,0.8223,0.82254
1748010051183.0,0.82231,0.82255
1748010052036.0,0.8223,0.82254
1748010057205.0,0.82229,0.82253
1748010057332.0,0.82231,0.82255
1748010058047.0,0.82233,0.82257
1748010058171.0,0.82234,0.82258
1748010059350.0,0.82235,0.82259
1748010064176.0,0.82233,0.82257
1748010065472.0,0.82234,0.82258
1748010068197.0,0.82233,0.82257
1748010068442.0,0.8222,0.82244
1748010068561.0,0.82221,0.82245
1748010068933.0,0.82222,0.82246
1748010071381.0,0.82217,0.82241
1748010071630.0,0.82221,0.82245
1748010071762.0,0.82222,0.82246
1748010072166.0,0.82221,0.82245
1748010072416.0,0.82222,0.82246
1748010074813.0,0.8222,0.82244
1748010075065.0,0.82217,0.82241
1748010075181.0,0.82216,0.8224
1748010075310.0,0.82217,0.82241
1748010075430.0,0.82215,0.82239
1748010076441.0,0.82217,0.82241
1748010076974.0,0.82216,0.8224
1748010078233.0,0.82217,0.82241
1748010078616.0,0.82221,0.82245
1748010078989.0,0.82219,0.82243
1748010084013.0,0.82218,0.82242
1748010084550.0,0.82217,0.82241
1748010087516.0,0.82216,0.8224
1748010090283.0,0.82218,0.82242
1748010092647.0,0.82224,0.82239
1748010094013.0,0.82227,0.82242
1748010095120.0,0.82228,0.82243
1748010096135.0,0.82227,0.82242
1748010097132.0,0.82228,0.82243
1748010097255.0,0.82227,0.82242
1748010098156.0,0.82228,0.82243
1748010099096.0,0.8223,0.82245
1748010099510.0,0.82231,0.82246
1748010101219.0,0.82232,0.82247
1748010101470.0,0.82231,0.82246
1748010105135.0,0.8223,0.82245
1748010105257.0,0.82231,0.82246
1748010106116.0,0.8223,0.82245
1748010106491.0,0.8222,0.82235
1748010106741.0,0.82222,0.82237
1748010107565.0,0.82224,0.82239
1748010108887.0,0.82223,0.82238
1748010108999.0,0.82224,0.82239
1748010110023.0,0.82223,0.82238
1748010110272.0,0.82223,0.82238
1748010111305.0,0.82222,0.82237
1748010115618.0,0.82221,0.82236
1748010118334.0,0.82222,0.82237
1748010122156.0,0.82225,0.8224
1748010122302.0,0.82224,0.82239
1748010122674.0,0.82225,0.8224
1748010123512.0,0.82224,0.82239
1748010123764.0,0.82225,0.8224
1748010124900.0,0.82227,0.82242
1748010125031.0,0.82228,0.82243
1748010125693.0,0.82227,0.82242
1748010127106.0,0.82226,0.82241
1748010127481.0,0.82224,0.82239
1748010127607.0,0.82222,0.82237
1748010127857.0,0.82221,0.82236
1748010127981.0,0.82222,0.82237
1748010129700.0,0.82223,0.82238
1748010131255.0,0.82224,0.82239
1748010132261.0,0.82225,0.8224
1748010132511.0,0.82224,0.82239
1748010137520.0,0.82226,0.82241
1748010140212.0,0.82221,0.82236
1748010141730.0,0.8221,0.82225
1748010142177.0,0.82211,0.82226
1748010142743.0,0.8221,0.82225
1748010142991.0,0.8221,0.82225
1748010143403.0,0.82209,0.82224
1748010144924.0,0.8221,0.82225
1748010146172.0,0.82209,0.82224
1748010146309.0,0.82207,0.82222
1748010148250.0,0.82213,0.82228
1748010150173.0,0.82216,0.82231
1748010152346.0,0.82214,0.82229
1748010154400.0,0.82207,0.82222
1748010154642.0,0.82207,0.82222
1748010154789.0,0.82206,0.82221
1748010155143.0,0.82207,0.82222
1748010155392.0,0.82208,0.82223
1748010155670.0,0.82207,0.82222
1748010156094.0,0.82208,0.82223
1748010156344.0,0.82207,0.82222
1748010157485.0,0.82204,0.82219
1748010158048.0,0.82199,0.82223
1748010159410.0,0.822,0.82224
1748010159668.0,0.82199,0.82223
1748010164719.0,0.82192,0.82216
1748010165094.0,0.82189,0.82213
1748010167241.0,0.82188,0.82212
1748010167489.0,0.82182,0.82206
1748010167614.0,0.82174,0.82198
1748010167989.0,0.82173,0.82197
1748010168456.0,0.82172,0.82196
1748010168580.0,0.82171,0.82195
1748010169134.0,0.82172,0.82196
1748010169258.0,0.82176,0.822
1748010169509.0,0.82175,0.82199
1748010169965.0,0.82174,0.82198
1748010170215.0,0.82179,0.82203
1748010170592.0,0.82174,0.82189
1748010170716.0,0.82175,0.8219
1748010171674.0,0.82182,0.82197
1748010171922.0,0.8218,0.82195
1748010172175.0,0.8218,0.82195
1748010173431.0,0.82181,0.82196
1748010174312.0,0.82183,0.82198
1748010174454.0,0.82184,0.82199
1748010175694.0,0.82184,0.82199
1748010177875.0,0.82186,0.82201
1748010178359.0,0.82185,0.822
1748010179288.0,0.82184,0.82199
1748010180191.0,0.82185,0.822
1748010180314.0,0.82184,0.82199
1748010180440.0,0.82183,0.82198
1748010181252.0,0.82184,0.82199
1748010182103.0,0.82184,0.82199
1748010182232.0,0.82185,0.822
1748010182643.0,0.82183,0.82198
1748010183697.0,0.82186,0.82201
1748010183947.0,0.82186,0.82201
1748010184984.0,0.82187,0.82202
1748010187611.0,0.82194,0.82209
1748010187735.0,0.822,0.82215
1748010188426.0,0.82201,0.82216
1748010188802.0,0.82202,0.82217
1748010188927.0,0.82203,0.82218
1748010189141.0,0.82202,0.82217
1748010189481.0,0.82203,0.82218
1748010189946.0,0.82202,0.82217
1748010192058.0,0.82203,0.82218
1748010193335.0,0.82202,0.82217
1748010193452.0,0.82197,0.82212
1748010193868.0,0.82198,0.82213
1748010194119.0,0.82185,0.822
1748010194242.0,0.82186,0.82201
1748010195390.0,0.82185,0.822
1748010196233.0,0.82184,0.82199
1748010196348.0,0.82182,0.82197
1748010198623.0,0.8218,0.82195
1748010198749.0,0.82179,0.82194
1748010199155.0,0.8218,0.82195
1748010199626.0,0.82179,0.82194
1748010200252.0,0.82175,0.82199
1748010200376.0,0.82174,0.82198
1748010201543.0,0.82175,0.82199
1748010202534.0,0.82174,0.82198
1748010202796.0,0.82179,0.82203
1748010203547.0,0.8218,0.82204
1748010204341.0,0.82181,0.82205
1748010205751.0,0.82183,0.82207
1748010206036.0,0.82184,0.82208
1748010206452.0,0.8219,0.82205
1748010207329.0,0.82191,0.82206
1748010207576.0,0.82193,0.82208
1748010207976.0,0.82192,0.82207
1748010208225.0,0.8219,0.82205
1748010208352.0,0.82188,0.82203
1748010208767.0,0.82186,0.82201
1748010209016.0,0.82186,0.82201
1748010209765.0,0.82186,0.82201
1748010210026.0,0.82189,0.82204
1748010211697.0,0.82188,0.82203
1748010212147.0,0.8219,0.82205
1748010212632.0,0.82188,0.82203
1748010212883.0,0.82184,0.82208
1748010213130.0,0.82183,0.82207
1748010216551.0,0.82184,0.82208
1748010218116.0,0.82183,0.82207
1748010218231.0,0.82179,0.82203
1748010218480.0,0.82177,0.82201
1748010218635.0,0.82176,0.822
1748010218732.0,0.82184,0.82199
1748010219200.0,0.82185,0.822
1748010219327.0,0.82186,0.82201
1748010219450.0,0.82185,0.822
1748010220296.0,0.82184,0.82199
1748010221708.0,0.82185,0.822
1748010222502.0,0.8218,0.82204
1748010222622.0,0.82181,0.82205
1748010223687.0,0.82179,0.82203
1748010225770.0,0.82176,0.822
1748010225903.0,0.8218,0.82204
1748010226146.0,0.82182,0.82206
1748010226395.0,0.82179,0.82203
1748010228463.0,0.82181,0.82205
1748010228714.0,0.82182,0.82206
1748010229058.0,0.82181,0.82205
1748010230513.0,0.82187,0.82211
1748010231038.0,0.82186,0.8221
1748010231540.0,0.82185,0.82209
1748010231664.0,0.82184,0.82208
1748010232172.0,0.82183,0.82207
1748010232298.0,0.82186,0.8221
1748010232647.0,0.82188,0.82212
1748010233299.0,0.82189,0.82213
1748010233766.0,0.82195,0.8221
1748010234021.0,0.82193,0.82208
1748010234140.0,0.82194,0.82209
1748010235510.0,0.82195,0.8221
1748010235817.0,0.82194,0.82209
1748010237463.0,0.82195,0.8221
1748010237920.0,0.82196,0.82211
1748010240249.0,0.8219,0.82205
1748010241333.0,0.82189,0.82204
1748010242571.0,0.8219,0.82205
1748010243041.0,0.82194,0.82209
1748010243163.0,0.82195,0.8221
1748010243412.0,0.82193,0.82208
1748010245052.0,0.82194,0.82209
1748010245673.0,0.82192,0.82216
1748010247059.0,0.82196,0.8222
1748010247184.0,0.82197,0.82221
1748010247792.0,0.82196,0.8222
1748010248081.0,0.82197,0.82221
1748010248208.0,0.82198,0.82222
1748010251767.0,0.82197,0.82221
1748010255967.0,0.82198,0.82222
1748010257909.0,0.82199,0.82223
1748010258278.0,0.82203,0.82227
1748010258529.0,0.82198,0.82222
1748010258653.0,0.82199,0.82223
1748010259343.0,0.82202,0.82226
1748010259580.0,0.82203,0.82227
1748010260665.0,0.82201,0.82225
1748010260781.0,0.82202,0.82226
1748010261726.0,0.822,0.82224
1748010261851.0,0.82199,0.82223
1748010262478.0,0.82202,0.82226
1748010262772.0,0.82201,0.82225
1748010266482.0,0.822,0.82224
1748010266599.0,0.82199,0.82223
1748010267719.0,0.82201,0.82225
1748010269365.0,0.82199,0.82223
1748010270040.0,0.822,0.82224
1748010270782.0,0.82198,0.82222
1748010270904.0,0.82199,0.82223
1748010271154.0,0.822,0.82224
1748010274916.0,0.82203,0.82227
1748010275164.0,0.82204,0.82228
1748010276700.0,0.82202,0.82226
1748010276949.0,0.82203,0.82227
1748010277202.0,0.82202,0.82226
1748010277965.0,0.822,0.82224
1748010278089.0,0.82201,0.82225
1748010278758.0,0.82199,0.82223
1748010281806.0,0.82202,0.82226
1748010285859.0,0.82201,0.82225
1748010287383.0,0.822,0.82224
1748010287627.0,0.82201,0.82225
1748010288507.0,0.82206,0.82221
1748010290601.0,0.82205,0.8222
1748010297535.0,0.82206,0.82221
1748010297784.0,0.82208,0.82223
1748010299156.0,0.82204,0.82219
1748010300234.0,0.82207,0.82222
1748010303050.0,0.82208,0.82223
1748010303369.0,0.82209,0.82224
1748010303606.0,0.82208,0.82223
1748010305858.0,0.8221,0.82234
1748010306150.0,0.82211,0.82235
1748010306525.0,0.82213,0.82237
1748010309491.0,0.82212,0.82236
1748010312509.0,0.82213,0.82237
1748010314421.0,0.82212,0.82236
1748010314545.0,0.82213,0.82237
1748010314935.0,0.82217,0.82241
1748010317067.0,0.82217,0.82241
1748010319660.0,0.82218,0.82242
1748010319920.0,0.82216,0.8224
1748010320740.0,0.82218,0.82242
1748010321497.0,0.82219,0.82243
1748010322355.0,0.82223,0.82247
1748010322606.0,0.82222,0.82246
1748010322729.0,0.82221,0.82245
1748010322856.0,0.82222,0.82246
1748010323257.0,0.82223,0.82247
1748010323882.0,0.82224,0.82248
1748010324255.0,0.8223,0.82254
1748010324506.0,0.82232,0.82256
1748010324758.0,0.82233,0.82257
1748010325509.0,0.82234,0.82258
1748010325775.0,0.82234,0.82258
1748010325911.0,0.82231,0.82255
1748010326523.0,0.8223,0.82254
1748010326773.0,0.82231,0.82255
1748010327893.0,0.8223,0.82254
1748010328262.0,0.82227,0.82251
1748010329013.0,0.82228,0.82252
1748010329262.0,0.82229,0.82253
1748010331024.0,0.8223,0.82254
1748010332019.0,0.82229,0.82253
1748010332546.0,0.8223,0.82254
1748010332942.0,0.82229,0.82253
1748010333066.0,0.8223,0.82254
1748010333316.0,0.82231,0.82255
1748010333567.0,0.8223,0.82254
1748010334728.0,0.82231,0.82255
1748010337290.0,0.82227,0.82251
1748010337540.0,0.82228,0.82252
1748010338627.0,0.82226,0.8225
1748010339126.0,0.82228,0.82252
1748010339251.0,0.8223,0.82254
1748010339910.0,0.82229,0.82253
1748010340534.0,0.8223,0.82254
1748010341723.0,0.82232,0.82256
1748010342355.0,0.82237,0.82261
1748010343401.0,0.82236,0.8226
1748010343647.0,0.82242,0.82266
1748010344007.0,0.82241,0.82265
1748010344258.0,0.82242,0.82266
1748010345175.0,0.82239,0.82263
1748010345521.0,0.8224,0.82264
1748010345648.0,0.82239,0.82263
1748010345897.0,0.8224,0.82264
1748010346124.0,0.82239,0.82263
1748010348629.0,0.8224,0.82264
1748010348877.0,0.82242,0.82266
1748010349703.0,0.82241,0.82265
1748010349827.0,0.8224,0.82264
1748010350080.0,0.82239,0.82263
1748010352933.0,0.8224,0.82264
1748010353042.0,0.82241,0.82265
1748010353354.0,0.8224,0.82264
1748010353990.0,0.82236,0.8226
1748010354356.0,0.82237,0.82261
1748010354608.0,0.82241,0.82265
1748010354982.0,0.82239,0.82263
1748010355596.0,0.82237,0.82261
1748010355720.0,0.82238,0.82262
1748010358896.0,0.82241,0.82265
1748010359272.0,0.82238,0.82262
1748010359986.0,0.82239,0.82263
1748010360873.0,0.8224,0.82264
1748010363377.0,0.82241,0.82265
1748010364564.0,0.82242,0.82266
1748010364689.0,0.82246,0.8227
1748010365184.0,0.82245,0.82269
1748010368024.0,0.82242,0.82266
1748010369056.0,0.82243,0.82267
1748010369681.0,0.82245,0.82269
1748010373013.0,0.82243,0.82267
1748010377016.0,0.82241,0.82265
1748010377313.0,0.82242,0.82266
1748010377444.0,0.82243,0.82267
1748010379878.0,0.82242,0.82266
1748010380127.0,0.82243,0.82267
1748010380378.0,0.82242,0.82266
1748010381452.0,0.82243,0.82267
1748010382308.0,0.82242,0.82266
1748010382434.0,0.82241,0.82265
1748010382557.0,0.82242,0.82266
1748010382933.0,0.82245,0.82269
1748010383183.0,0.82243,0.82267
1748010383713.0,0.82242,0.82266
1748010384169.0,0.82241,0.82265
1748010384295.0,0.82239,0.82263
1748010385233.0,0.82236,0.8226
1748010385477.0,0.82236,0.8226
1748010386369.0,0.8224,0.82264
1748010386871.0,0.82254,0.82269
1748010387128.0,0.82258,0.82273
1748010387371.0,0.8227,0.82294
1748010387504.0,0.82265,0.82289
1748010387621.0,0.82263,0.82287
1748010387754.0,0.82268,0.82292
1748010387870.0,0.82272,0.82296
1748010388012.0,0.82273,0.82297
1748010388121.0,0.82271,0.82295
1748010388371.0,0.82268,0.82292
1748010388620.0,0.82269,0.82293
1748010389030.0,0.82269,0.82293
1748010390007.0,0.82268,0.82292
1748010390143.0,0.82263,0.82287
1748010390507.0,0.82265,0.82289
1748010391114.0,0.82261,0.82285
1748010391363.0,0.8226,0.82284
1748010391490.0,0.82261,0.82285
1748010392351.0,0.82257,0.82281
1748010393041.0,0.82255,0.82279
1748010393289.0,0.82256,0.8228
1748010393541.0,0.82256,0.8228
1748010393788.0,0.82257,0.82281
1748010393914.0,0.82256,0.8228
1748010394287.0,0.82262,0.82286
1748010394662.0,0.82259,0.82283
1748010394790.0,0.8226,0.82284
1748010395429.0,0.82256,0.8228
1748010395676.0,0.82257,0.82281
1748010397613.0,0.82246,0.8227
1748010397865.0,0.82247,0.82271
1748010397987.0,0.82248,0.82272
1748010398363.0,0.82246,0.8227
1748010398616.0,0.82247,0.82271
1748010398741.0,0.82248,0.82272
1748010399141.0,0.82247,0.82271
1748010399785.0,0.82244,0.82268
1748010400278.0,0.82244,0.82268
1748010400820.0,0.82242,0.82266
1748010401072.0,0.82241,0.82265
1748010402111.0,0.8224,0.82264
1748010402360.0,0.82238,0.82262
1748010402493.0,0.82241,0.82265
1748010403928.0,0.82242,0.82266
1748010404526.0,0.82241,0.82265
1748010404652.0,0.82242,0.82266
1748010406049.0,0.82245,0.82269
1748010406572.0,0.82244,0.82268
1748010407502.0,0.82242,0.82266
1748010407630.0,0.82244,0.82268
1748010409591.0,0.82239,0.82263
1748010409839.0,0.82242,0.82266
1748010410092.0,0.82245,0.82269
1748010411396.0,0.82243,0.82267
1748010411645.0,0.82241,0.82265
1748010413297.0,0.82238,0.82262
1748010413420.0,0.82239,0.82263
1748010415206.0,0.82238,0.82262
1748010416675.0,0.82237,0.82261
1748010417044.0,0.82233,0.82257
1748010417992.0,0.8223,0.82254
1748010418241.0,0.82231,0.82255
1748010420439.0,0.82228,0.82252
1748010421039.0,0.82229,0.82253
1748010421162.0,0.8223,0.82254
1748010421540.0,0.82228,0.82252
1748010421662.0,0.82229,0.82253
1748010425385.0,0.82227,0.82251
1748010425757.0,0.82226,0.8225
1748010426007.0,0.82225,0.82249
1748010426132.0,0.82226,0.8225
1748010426256.0,0.82225,0.82249
1748010426381.0,0.82226,0.8225
1748010427522.0,0.82225,0.82249
1748010427925.0,0.82224,0.82248
1748010428176.0,0.82226,0.8225
1748010428547.0,0.82224,0.82248
1748010428672.0,0.82225,0.82249
1748010431601.0,0.82226,0.8225
1748010431710.0,0.82227,0.82251
1748010432211.0,0.82225,0.82249
1748010432340.0,0.82226,0.8225
1748010432984.0,0.82225,0.82249
1748010433234.0,0.82223,0.82247
1748010433359.0,0.82221,0.82245
1748010433735.0,0.82225,0.82249
1748010433985.0,0.82224,0.82248
1748010436216.0,0.82228,0.82252
1748010436471.0,0.82228,0.82252
1748010436724.0,0.82225,0.82249
1748010437216.0,0.82222,0.82246
1748010438247.0,0.82221,0.82245
1748010438375.0,0.82222,0.82246
1748010438895.0,0.82218,0.82242
1748010440769.0,0.8222,0.82244
1748010440899.0,0.82215,0.82239
1748010441823.0,0.82214,0.82238
1748010442073.0,0.82218,0.82242
1748010442561.0,0.82214,0.82238
1748010442815.0,0.82214,0.82238
1748010443061.0,0.82212,0.82236
1748010443311.0,0.82212,0.82236
1748010443443.0,0.82213,0.82237
1748010443913.0,0.82214,0.82238
1748010444163.0,0.82213,0.82237
1748010444413.0,0.82211,0.82235
1748010444542.0,0.82212,0.82236
1748010445809.0,0.82212,0.82236
1748010446744.0,0.82208,0.82232
1748010446988.0,0.8221,0.82234
1748010447842.0,0.82211,0.82235
1748010448461.0,0.82212,0.82236
1748010448710.0,0.82213,0.82237
1748010449681.0,0.82212,0.82236
1748010450370.0,0.8221,0.82234
1748010450621.0,0.82206,0.8223
1748010451247.0,0.82208,0.82232
1748010452212.0,0.82213,0.82237
1748010454484.0,0.82216,0.8224
1748010455627.0,0.82219,0.82243
1748010456142.0,0.82216,0.8224
1748010456267.0,0.82217,0.82241
1748010458576.0,0.82216,0.8224
1748010459835.0,0.82217,0.82241
1748010464958.0,0.82215,0.82239
1748010465083.0,0.82216,0.8224
1748010465457.0,0.82216,0.8224
1748010466307.0,0.82218,0.82242
1748010466432.0,0.82219,0.82243
1748010467627.0,0.82218,0.82242
1748010469272.0,0.82217,0.82241
1748010469366.0,0.82214,0.82238
1748010469762.0,0.82214,0.82238
1748010470223.0,0.82216,0.8224
1748010470805.0,0.82216,0.8224
1748010472106.0,0.82215,0.82239
1748010472231.0,0.82216,0.8224
1748010474117.0,0.82215,0.82239
1748010474549.0,0.82215,0.82239
1748010475021.0,0.82216,0.8224
1748010475140.0,0.82218,0.82242
1748010475640.0,0.82224,0.82248
1748010475768.0,0.82229,0.82253
1748010476874.0,0.8223,0.82254
1748010479398.0,0.82229,0.82253
1748010479888.0,0.82226,0.8225
1748010480149.0,0.82228,0.82252
1748010480274.0,0.82227,0.82251
1748010480520.0,0.82225,0.82249
1748010480821.0,0.82226,0.8225
1748010484078.0,0.82221,0.82245
1748010484325.0,0.82219,0.82243
1748010484574.0,0.8222,0.82244
1748010487758.0,0.82217,0.82241
1748010490786.0,0.82217,0.82241
1748010490912.0,0.82216,0.8224
1748010491161.0,0.82217,0.82241
1748010492332.0,0.82218,0.82242
1748010493471.0,0.82222,0.82246
1748010493727.0,0.82221,0.82245
1748010493852.0,0.82222,0.82246
1748010494271.0,0.82223,0.82247
1748010494710.0,0.82224,0.82248
1748010495521.0,0.82221,0.82245
1748010495777.0,0.8222,0.82244
1748010496023.0,0.82218,0.82242
1748010496593.0,0.82219,0.82243
1748010498810.0,0.82218,0.82242
1748010499501.0,0.82217,0.82241
1748010500463.0,0.82218,0.82242
1748010501086.0,0.82221,0.82245
1748010502199.0,0.8222,0.82244
1748010502322.0,0.82218,0.82242
1748010503899.0,0.82217,0.82241
1748010504022.0,0.82216,0.8224
1748010504795.0,0.82217,0.82241
1748010506018.0,0.82216,0.8224
1748010506267.0,0.82217,0.82241
1748010506791.0,0.82216,0.8224
1748010507041.0,0.82215,0.82239
1748010508021.0,0.82219,0.82243
1748010508149.0,0.82218,0.82242
1748010508902.0,0.82217,0.82241
1748010509026.0,0.82213,0.82237
1748010509400.0,0.82213,0.82237
1748010509525.0,0.82215,0.82239
1748010510007.0,0.82214,0.82238
1748010511003.0,0.82215,0.82239
1748010511558.0,0.82213,0.82237
1748010511684.0,0.82215,0.82239
1748010513167.0,0.82216,0.8224
1748010514176.0,0.82214,0.82238
1748010515757.0,0.82216,0.8224
1748010516410.0,0.82217,0.82241
1748010516658.0,0.82218,0.82242
1748010518151.0,0.8222,0.82244
1748010518399.0,0.82215,0.82239
1748010521128.0,0.82214,0.82238
1748010521382.0,0.82213,0.82237
1748010521636.0,0.82213,0.82237
1748010522640.0,0.82211,0.82235
1748010523579.0,0.82212,0.82236
1748010524078.0,0.82213,0.82237
1748010526120.0,0.82212,0.82236
1748010527865.0,0.82211,0.82235
1748010528114.0,0.82212,0.82236
1748010530002.0,0.82211,0.82235
1748010530129.0,0.82209,0.82233
1748010530377.0,0.8221,0.82234
1748010531419.0,0.82211,0.82235
1748010533310.0,0.82209,0.82233
1748010536615.0,0.82208,0.82232
1748010537710.0,0.82207,0.82231
1748010537838.0,0.82204,0.82228
1748010538085.0,0.82205,0.82229
1748010538462.0,0.82201,0.82225
1748010538585.0,0.82199,0.82223
1748010540371.0,0.82195,0.82219
1748010541084.0,0.82195,0.82219
1748010541878.0,0.82196,0.8222
1748010542940.0,0.82195,0.82219
1748010543315.0,0.82194,0.82218
1748010543573.0,0.82195,0.82219
1748010543697.0,0.82197,0.82221
1748010544317.0,0.82198,0.82222
1748010544442.0,0.82199,0.82223
1748010545429.0,0.82198,0.82222
1748010545552.0,0.82199,0.82223
1748010547782.0,0.82195,0.82219
1748010547907.0,0.82199,0.82223
1748010550146.0,0.82202,0.82226
1748010550265.0,0.82203,0.82227
1748010550748.0,0.82202,0.82226
1748010551433.0,0.82203,0.82227
1748010551729.0,0.82201,0.82225
1748010551854.0,0.82202,0.82226
1748010554242.0,0.82203,0.82227
1748010555741.0,0.82205,0.82229
1748010556140.0,0.82202,0.82226
1748010556391.0,0.82203,0.82227
1748010556914.0,0.822,0.82224
1748010557028.0,0.82198,0.82222
1748010557192.0,0.82199,0.82223
1748010557443.0,0.822,0.82224
1748010558465.0,0.82203,0.82227
1748010558599.0,0.82205,0.82229
1748010559810.0,0.82203,0.82227
1748010560064.0,0.82204,0.82228
1748010560309.0,0.82205,0.82229
1748010560642.0,0.82206,0.8223
1748010561677.0,0.82205,0.82229
1748010563095.0,0.82204,0.82228
1748010563340.0,0.82205,0.82229
1748010566591.0,0.82206,0.8223
1748010566959.0,0.82207,0.82231
1748010567335.0,0.82209,0.82233
1748010567711.0,0.82206,0.8223
1748010567960.0,0.82207,0.82231
1748010568491.0,0.82208,0.82232
1748010575080.0,0.82207,0.82231
1748010576812.0,0.82206,0.8223
1748010576940.0,0.82205,0.82229
1748010578056.0,0.82204,0.82228
1748010578181.0,0.822,0.82224
1748010578429.0,0.82201,0.82225
1748010578553.0,0.82203,0.82227
1748010578805.0,0.82205,0.82229
1748010581991.0,0.82206,0.8223
1748010582361.0,0.82205,0.82229
1748010583044.0,0.82206,0.8223
1748010583669.0,0.82205,0.82229
1748010585087.0,0.82207,0.82231
1748010585540.0,0.82208,0.82232
1748010585795.0,0.82207,0.82231
1748010585916.0,0.82208,0.82232
1748010586167.0,0.82202,0.82226
1748010586296.0,0.82203,0.82227
1748010586791.0,0.82204,0.82228
1748010588292.0,0.82203,0.82227
1748010588545.0,0.82199,0.82223
1748010588667.0,0.822,0.82224
1748010589083.0,0.82198,0.82222
1748010589205.0,0.82199,0.82223
1748010591411.0,0.82196,0.8222
1748010591660.0,0.82197,0.82221
1748010592285.0,0.82196,0.8222
1748010593268.0,0.82197,0.82221
1748010593393.0,0.82199,0.82223
1748010597734.0,0.822,0.82224
1748010598856.0,0.822,0.82224
1748010599431.0,0.82205,0.82229
1748010599989.0,0.82208,0.82232
1748010600115.0,0.82209,0.82233
1748010600490.0,0.8221,0.82234
1748010600615.0,0.82209,0.82233
1748010601297.0,0.82207,0.82231
1748010602890.0,0.82211,0.82235
1748010603487.0,0.82212,0.82236
1748010603864.0,0.82213,0.82237
1748010605504.0,0.8221,0.82234
1748010605878.0,0.82208,0.82232
1748010606005.0,0.82209,0.82233
1748010606129.0,0.82208,0.82232
1748010609586.0,0.82227,0.82251
1748010609835.0,0.82225,0.82249
1748010611229.0,0.82226,0.8225
1748010611733.0,0.82227,0.82251
1748010611859.0,0.82228,0.82252
1748010612109.0,0.82233,0.82257
1748010614020.0,0.82237,0.82261
1748010614153.0,0.82239,0.82263
1748010615200.0,0.82238,0.82262
1748010615595.0,0.82243,0.82267
1748010617512.0,0.82244,0.82268
1748010618020.0,0.82243,0.82267
1748010618523.0,0.82245,0.82269
1748010619031.0,0.82244,0.82268
1748010619406.0,0.82247,0.82271
1748010620446.0,0.82246,0.8227
1748010620696.0,0.82246,0.8227
1748010620821.0,0.82238,0.82262
1748010621196.0,0.82239,0.82263
1748010622011.0,0.82233,0.82257
1748010625017.0,0.82234,0.82258
1748010628448.0,0.82235,0.82259
1748010628558.0,0.82238,0.82262
1748010630221.0,0.82237,0.82261
1748010630363.0,0.82233,0.82257
1748010630983.0,0.82234,0.82258
1748010632635.0,0.82232,0.82256
1748010632889.0,0.82234,0.82258
1748010633010.0,0.82235,0.82259
1748010633501.0,0.82236,0.8226
1748010633951.0,0.82235,0.82259
1748010634064.0,0.82236,0.8226
1748010634757.0,0.82239,0.82263
1748010635005.0,0.82233,0.82257
1748010635137.0,0.82232,0.82256
1748010635256.0,0.82234,0.82258
1748010635505.0,0.82237,0.82261
1748010636006.0,0.8223,0.82254
1748010636385.0,0.82233,0.82257
1748010636641.0,0.82234,0.82258
1748010636887.0,0.82236,0.8226
1748010638004.0,0.82234,0.82258
1748010638296.0,0.82235,0.82259
1748010638669.0,0.82234,0.82258
1748010638927.0,0.82235,0.82259
1748010639876.0,0.82236,0.8226
1748010640127.0,0.82238,0.82262
1748010640378.0,0.82239,0.82263
1748010643941.0,0.82238,0.82262
1748010644191.0,0.82237,0.82261
1748010644313.0,0.82238,0.82262
1748010644689.0,0.82239,0.82263
1748010644813.0,0.82238,0.82262
1748010646112.0,0.8224,0.82264
1748010648314.0,0.8224,0.82264
1748010648565.0,0.82239,0.82263
1748010648944.0,0.8224,0.82264
1748010649447.0,0.82238,0.82262
1748010649693.0,0.82235,0.82259
1748010656534.0,0.82239,0.82263
1748010661064.0,0.82238,0.82262
1748010661749.0,0.82239,0.82263
1748010661874.0,0.82238,0.82262
1748010662376.0,0.82237,0.82261
1748010662721.0,0.82238,0.82262
1748010663113.0,0.82239,0.82263
1748010664680.0,0.82238,0.82262
1748010667222.0,0.82237,0.82261
1748010667349.0,0.82238,0.82262
1748010668405.0,0.82237,0.82261
1748010669571.0,0.82238,0.82262
1748010670202.0,0.82234,0.82258
1748010670331.0,0.82236,0.8226
1748010671206.0,0.82237,0.82261
1748010672296.0,0.82239,0.82263
1748010672891.0,0.82238,0.82262
1748010673006.0,0.82239,0.82263
1748010674152.0,0.82238,0.82262
1748010674401.0,0.82238,0.82262
1748010674525.0,0.82236,0.8226
1748010674900.0,0.82237,0.82261
1748010675606.0,0.82236,0.8226
1748010678158.0,0.82239,0.82263
1748010678408.0,0.8224,0.82264
1748010678534.0,0.82237,0.82261
1748010679033.0,0.82238,0.82262
1748010679283.0,0.82238,0.82262
1748010680989.0,0.82239,0.82263
1748010689846.0,0.82237,0.82261
1748010690095.0,0.82241,0.82265
1748010692536.0,0.82239,0.82263
1748010692654.0,0.8224,0.82264
1748010693641.0,0.82241,0.82265
1748010695976.0,0.8224,0.82264
1748010697492.0,0.82241,0.82265
1748010698390.0,0.82243,0.82267
1748010698510.0,0.82249,0.82264
1748010698882.0,0.82245,0.82269
1748010699009.0,0.82244,0.82268
1748010699510.0,0.82256,0.82271
1748010699882.0,0.82251,0.82275
1748010700134.0,0.82249,0.82273
1748010700383.0,0.8225,0.82274
1748010701418.0,0.82245,0.82269
1748010701668.0,0.82246,0.8227
1748010702346.0,0.82245,0.82269
1748010702471.0,0.82246,0.8227
1748010703134.0,0.82244,0.82268
1748010703469.0,0.82246,0.8227
1748010703717.0,0.82247,0.82271
1748010704478.0,0.8225,0.82274
1748010704899.0,0.82251,0.82275
1748010705387.0,0.8225,0.82274
1748010705512.0,0.82249,0.82273
1748010706011.0,0.8225,0.82274
1748010706640.0,0.8225,0.82274
1748010707186.0,0.82249,0.82273
1748010707561.0,0.8225,0.82274
1748010709043.0,0.82259,0.82283
1748010709182.0,0.82258,0.82282
1748010709857.0,0.82256,0.8228
1748010710107.0,0.82257,0.82281
1748010710863.0,0.82255,0.82279
1748010710988.0,0.82257,0.82281
1748010711419.0,0.82256,0.8228
1748010711670.0,0.82257,0.82281
1748010713217.0,0.82252,0.82276
1748010713465.0,0.82254,0.82278
1748010713714.0,0.82256,0.8228
1748010714322.0,0.82252,0.82276
1748010714598.0,0.82253,0.82277
1748010715654.0,0.82254,0.82278
1748010715899.0,0.82254,0.82278
1748010717113.0,0.82255,0.82279
1748010717486.0,0.82253,0.82277
1748010717611.0,0.82254,0.82278
1748010721325.0,0.82248,0.82272
1748010721433.0,0.82253,0.82268
1748010721680.0,0.82254,0.82269
1748010722565.0,0.82255,0.8227
1748010722688.0,0.82253,0.82268
1748010724444.0,0.82251,0.82266
1748010726977.0,0.82252,0.82267
1748010728201.0,0.82252,0.82267
1748010728450.0,0.82251,0.82266
1748010728577.0,0.82252,0.82267
1748010729852.0,0.82246,0.8227
1748010729976.0,0.82248,0.82272
1748010732161.0,0.8225,0.82274
1748010733548.0,0.82255,0.8227
1748010736744.0,0.82252,0.82267
1748010736993.0,0.82253,0.82268
1748010737824.0,0.82253,0.82268
1748010737950.0,0.82252,0.82267
1748010740765.0,0.82251,0.82266
1748010741545.0,0.82252,0.82267
1748010744449.0,0.82251,0.82266
1748010744700.0,0.82252,0.82267
1748010744967.0,0.82253,0.82268
1748010745722.0,,0.82277
1748010746093.0,0.82248,0.82272
1748010746342.0,0.82251,0.82275
1748010746977.0,0.8225,0.82274
1748010750619.0,0.82254,0.82278
1748010751669.0,0.82252,0.82276
1748010751919.0,0.82252,0.82276
1748010752999.0,0.8225,0.82274
1748010754826.0,0.82251,0.82275
1748010756417.0,0.82249,0.82273
1748010758086.0,0.8225,0.82274
1748010758210.0,0.82251,0.82275
1748010758458.0,0.8225,0.82274
1748010759726.0,0.82251,0.82275
1748010761087.0,0.82249,0.82273
1748010764483.0,0.82248,0.82272
1748010764607.0,0.82246,0.8227
1748010764856.0,0.82247,0.82271
1748010765214.0,0.82246,0.8227
1748010768426.0,0.8225,0.82274
1748010768552.0,0.82251,0.82275
1748010771831.0,0.82247,0.82271
1748010771962.0,0.82249,0.82273
1748010772408.0,0.82248,0.82272
1748010772664.0,0.82251,0.82275
1748010775750.0,0.82252,0.82276
1748010776871.0,0.82251,0.82275
1748010777122.0,0.82252,0.82276
1748010777371.0,0.82251,0.82275
1748010779022.0,0.82253,0.82277
1748010779651.0,0.82252,0.82276
1748010780812.0,0.82251,0.82275
1748010781683.0,0.82246,0.8227
1748010782051.0,0.82247,0.82271
1748010782686.0,0.82253,0.82277
1748010783846.0,0.82256,0.8228
1748010784970.0,0.82251,0.82275
1748010785460.0,0.8225,0.82274
1748010785585.0,0.82249,0.82273
1748010785835.0,0.82245,0.82269
1748010786375.0,0.82246,0.8227
1748010786885.0,0.82243,0.82267
1748010788141.0,0.82241,0.82265
1748010788633.0,0.8224,0.82264
1748010788740.0,0.82238,0.82262
1748010789172.0,0.82236,0.8226
1748010789547.0,0.82238,0.82262
1748010790206.0,0.82238,0.82262
1748010791509.0,0.82237,0.82261
1748010791626.0,0.82239,0.82263
1748010792485.0,0.82238,0.82262
1748010794213.0,0.82235,0.82259
1748010794341.0,0.82237,0.82261
1748010794634.0,0.82236,0.8226
1748010794887.0,0.82237,0.82261
1748010795447.0,0.82236,0.8226
1748010797363.0,0.82237,0.82261
1748010798745.0,0.82239,0.82263
1748010798997.0,0.82239,0.82263
1748010799486.0,0.8224,0.82264
1748010800581.0,0.82239,0.82263
1748010801420.0,0.8224,0.82264
1748010804367.0,0.82241,0.82265
1748010804618.0,0.82242,0.82266
1748010805003.0,0.82241,0.82265
1748010805980.0,0.82239,0.82263
1748010806226.0,0.8224,0.82264
1748010810971.0,0.82241,0.82265
1748010811072.0,0.82244,0.82268
1748010811485.0,0.82243,0.82267
1748010812278.0,0.82246,0.8227
1748010812388.0,0.82245,0.82269
1748010812880.0,0.82243,0.82267
1748010813007.0,0.82245,0.82269
1748010813383.0,0.82246,0.8227
1748010814217.0,0.82245,0.82269
1748010815797.0,0.82244,0.82268
1748010815904.0,0.82245,0.82269
1748010816598.0,0.82246,0.8227
1748010817930.0,0.82245,0.82269
1748010818179.0,0.82246,0.8227
1748010818723.0,0.82246,0.8227
1748010819651.0,0.82247,0.82271
1748010819896.0,0.82246,0.8227
1748010820652.0,0.82247,0.82271
1748010820775.0,0.82249,0.82273
1748010823226.0,0.82248,0.82272
1748010823851.0,0.82247,0.82271
1748010823973.0,0.82246,0.8227
1748010827563.0,0.82247,0.82271
1748010828449.0,0.82248,0.82272
1748010834146.0,0.82252,0.82276
1748010834274.0,0.82251,0.82275
1748010835118.0,0.82252,0.82276
1748010835808.0,0.82251,0.82275
1748010836959.0,0.82252,0.82276
1748010837909.0,0.82253,0.82277
1748010838920.0,0.82248,0.82272
1748010839042.0,0.82249,0.82273
1748010840456.0,0.8225,0.82274
1748010841300.0,0.8225,0.82274
1748010841551.0,0.82249,0.82273
1748010842051.0,0.8225,0.82274
1748010842488.0,0.82254,0.82278
1748010842985.0,0.82254,0.82278
1748010843485.0,0.82254,0.82278
1748010843611.0,0.82255,0.82279
1748010845020.0,0.82253,0.82277
1748010845146.0,0.82249,0.82273
1748010845395.0,0.82251,0.82275
1748010845645.0,0.82254,0.82278
1748010848022.0,0.82253,0.82277
1748010848584.0,0.82252,0.82276
1748010848709.0,0.82253,0.82277
1748010849121.0,0.82251,0.82275
1748010849241.0,0.82252,0.82276
1748010850760.0,0.82253,0.82277
1748010851523.0,0.82252,0.82276
1748010851649.0,0.82253,0.82277
1748010853040.0,0.82254,0.82278
1748010854793.0,0.82256,0.8228
1748010855711.0,0.82254,0.82278
1748010857118.0,0.82255,0.82279
1748010857497.0,0.82257,0.82281
1748010857742.0,0.82258,0.82282
1748010858521.0,0.82257,0.82281
1748010860028.0,0.82255,0.82279
1748010860278.0,0.82258,0.82282
1748010860529.0,0.82258,0.82282
1748010861920.0,0.82259,0.82283
1748010862789.0,0.82258,0.82282
1748010863040.0,0.82256,0.8228
1748010863293.0,0.82257,0.82281
1748010864501.0,0.82256,0.8228
1748010865377.0,0.82257,0.82281
1748010866992.0,0.82257,0.82281
1748010867704.0,0.82255,0.82279
1748010867829.0,0.82256,0.8228
1748010868842.0,0.82265,0.82289
1748010868962.0,0.82264,0.82288
1748010871220.0,0.82263,0.82287
1748010871471.0,0.82264,0.82288
1748010872536.0,0.82263,0.82287
1748010872661.0,0.8226,0.82284
1748010875143.0,0.82257,0.82281
1748010875271.0,0.82258,0.82282
1748010876623.0,0.82257,0.82281
1748010876751.0,0.82252,0.82276
1748010877127.0,0.82253,0.82277
1748010877251.0,0.8225,0.82274
1748010881385.0,0.82253,0.82277
1748010883417.0,0.82254,0.82278
1748010884442.0,0.82256,0.8228
1748010884941.0,0.82257,0.82281
1748010885316.0,0.82259,0.82283
1748010886179.0,0.8226,0.82284
1748010887166.0,0.82259,0.82283
1748010887291.0,0.8226,0.82284
1748010888269.0,0.82258,0.82282
1748010889856.0,0.82259,0.82283
1748010891348.0,0.82258,0.82282
1748010894871.0,0.82253,0.82277
1748010896217.0,0.82254,0.82278
1748010897856.0,0.82252,0.82276
1748010898106.0,0.82252,0.82276
1748010898355.0,0.82252,0.82276
1748010899753.0,0.8225,0.82274
1748010899878.0,0.82251,0.82275
1748010900269.0,0.82252,0.82276
1748010900394.0,0.82253,0.82277
1748010903463.0,0.82254,0.82278
1748010904452.0,0.82256,0.8228
1748010904702.0,0.82258,0.82282
1748010909209.0,0.82254,0.82278
1748010915199.0,0.82252,0.82276
1748010915315.0,0.82247,0.82271
1748010915446.0,0.8225,0.82274
1748010916990.0,0.82249,0.82273
1748010917804.0,0.82244,0.82268
1748010918209.0,0.82246,0.8227
1748010920489.0,0.82241,0.82265
1748010921545.0,0.82243,0.82267
1748010922913.0,0.82241,0.82265
1748010923041.0,0.82242,0.82266
1748010924350.0,0.82241,0.82265
1748010925953.0,0.8224,0.82264
1748010936994.0,0.82241,0.82265
1748010941095.0,0.8224,0.82264
1748010942493.0,0.8224,0.82264
1748010943384.0,0.82239,0.82263
1748010943501.0,0.8224,0.82264
1748010945288.0,0.82241,0.82265
1748010945401.0,0.82243,0.82267
1748010945528.0,0.82244,0.82268
1748010945825.0,0.82243,0.82267
1748010947267.0,0.82244,0.82268
1748010947401.0,0.82243,0.82267
1748010948140.0,0.82244,0.82268
1748010948381.0,0.82246,0.8227
1748010950046.0,0.82247,0.82271
1748010951551.0,0.82246,0.8227
1748010955224.0,0.82248,0.82272
1748010955600.0,0.82247,0.82271
1748010956240.0,0.82248,0.82272
1748010960145.0,0.8225,0.82274
1748010960773.0,0.82251,0.82275
1748010963608.0,0.82251,0.82275
1748010964632.0,0.8225,0.82274
1748010965153.0,0.82249,0.82273
1748010965278.0,0.82248,0.82272
1748010967766.0,0.82247,0.82271
1748010969178.0,0.82237,0.82261
1748010969311.0,0.82241,0.82265
1748010969809.0,0.82242,0.82266
1748010971054.0,0.82243,0.82267
1748010977828.0,0.82244,0.82268
1748010978080.0,0.82243,0.82267
1748010978762.0,0.82238,0.82262
1748010979011.0,0.82242,0.82257
1748010979127.0,0.82243,0.82258
1748010979429.0,0.82244,0.82259
1748010980110.0,0.82243,0.82258
1748010980225.0,0.82238,0.82253
1748010980474.0,0.82239,0.82254
1748010981091.0,0.82249,0.82264
1748010981343.0,0.82248,0.82263
1748010981466.0,0.82249,0.82264
1748010981591.0,0.82246,0.82261
1748010981725.0,0.82245,0.8226
1748010981966.0,0.82246,0.82261
1748010982216.0,0.82246,0.82261
1748010982342.0,0.82247,0.82262
1748010982717.0,0.82251,0.82266
1748010983412.0,0.82257,0.82272
1748010986890.0,0.82258,0.82273
1748010987269.0,0.8225,0.82274
1748010987520.0,0.82247,0.82271
1748010988019.0,0.82248,0.82272
1748010989488.0,0.82243,0.82267
1748010989740.0,0.82245,0.82269
1748010991210.0,0.82242,0.82266
1748010991460.0,0.82243,0.82267
1748010991585.0,0.82244,0.82268
1748010992598.0,0.82243,0.82267
1748010992723.0,0.82244,0.82268
1748010993104.0,0.82243,0.82267
1748010993224.0,0.82245,0.82269
1748010993987.0,0.82246,0.8227
1748010996655.0,0.82244,0.82268
1748010998998.0,0.82243,0.82267
1748010999248.0,0.82248,0.82263
1748010999365.0,0.82253,0.82268
1748010999951.0,0.82252,0.82267
1748011000492.0,0.82247,0.82271
1748011000827.0,0.82246,0.8227
1748011000951.0,0.82248,0.82272
1748011001702.0,0.82246,0.8227
1748011001829.0,0.82247,0.82271
1748011002780.0,0.82249,0.82273
1748011003252.0,0.82247,0.82271
1748011003502.0,0.82248,0.82272
1748011005880.0,0.82254,0.82269
1748011007029.0,0.82253,0.82268
1748011007152.0,0.82249,0.82264
1748011007401.0,0.8225,0.82265
1748011008188.0,0.82246,0.8227
1748011009312.0,0.82248,0.82272
1748011010109.0,0.82247,0.82271
1748011010233.0,0.82248,0.82272
1748011010660.0,0.8225,0.82274
1748011010787.0,0.82252,0.82276
1748011011655.0,0.82249,0.82273
1748011011779.0,0.82251,0.82275
1748011015100.0,0.82257,0.82272
1748011015480.0,0.82256,0.82271
1748011015600.0,0.82249,0.82273
1748011016455.0,0.82243,0.82267
1748011016585.0,0.82245,0.82269
1748011017573.0,0.82244,0.82268
1748011018572.0,0.82245,0.82269
1748011018858.0,0.82244,0.82268
1748011025792.0,0.82243,0.82267
1748011026048.0,0.82244,0.82268
1748011027649.0,0.82245,0.82269
1748011027900.0,0.82246,0.8227
1748011028033.0,0.82247,0.82271
1748011030128.0,0.82246,0.8227
1748011034133.0,0.82247,0.82271
1748011034386.0,0.82246,0.8227
1748011034629.0,0.82246,0.8227
1748011035419.0,0.82243,0.82267
1748011035669.0,0.82245,0.82269
1748011035917.0,0.82241,0.82265
1748011036422.0,0.82244,0.82268
1748011037640.0,0.82241,0.82265
1748011042332.0,0.82242,0.82266
1748011043834.0,0.82243,0.82267
1748011043955.0,0.82246,0.8227
1748011044832.0,0.82244,0.82268
1748011045083.0,0.82245,0.82269
1748011045708.0,0.82245,0.82269
1748011046927.0,0.82246,0.8227
1748011048365.0,0.82245,0.82269
1748011049490.0,0.82243,0.82267
1748011049740.0,0.82249,0.82264
1748011050215.0,0.82248,0.82263
1748011050343.0,0.82249,0.82264
1748011051026.0,0.82246,0.8227
1748011052415.0,0.82247,0.82271
1748011057042.0,0.82246,0.8227
1748011057293.0,0.82247,0.82271
1748011058218.0,0.82243,0.82267
1748011058349.0,0.82249,0.82264
1748011060065.0,0.82249,0.82264
1748011060930.0,0.82248,0.82263
1748011061049.0,0.82249,0.82264
1748011061655.0,0.82249,0.82264
1748011062036.0,0.8225,0.82265
1748011062874.0,0.82248,0.82263
1748011063126.0,0.82249,0.82264
1748011064144.0,0.82247,0.82262
1748011064251.0,0.82248,0.82263
1748011064386.0,0.82243,0.82267
1748011064500.0,0.82244,0.82268
1748011064934.0,0.82245,0.82269
1748011065922.0,0.82244,0.82268
1748011066243.0,0.82243,0.82267
1748011066370.0,0.82244,0.82268
1748011066699.0,0.82245,0.82269
1748011068230.0,0.82249,0.82273
1748011071620.0,0.82248,0.82272
1748011072725.0,0.82249,0.82273
1748011073668.0,0.8225,0.82274
1748011075195.0,0.82252,0.82276
1748011076551.0,0.82249,0.82273
1748011076802.0,0.82246,0.8227
1748011077051.0,0.82247,0.82271
1748011078156.0,0.82246,0.8227
1748011078279.0,0.82247,0.82271
1748011078976.0,0.82248,0.82272
1748011079810.0,0.82249,0.82273
1748011080777.0,0.8225,0.82274
1748011081419.0,0.82249,0.82273
1748011082542.0,0.82248,0.82272
1748011082792.0,0.82249,0.82273
1748011084291.0,0.82246,0.8227
1748011085481.0,0.82247,0.82271
1748011086617.0,0.82244,0.82268
1748011086741.0,0.82245,0.82269
1748011088300.0,0.82243,0.82267
1748011088551.0,0.82244,0.82268
1748011090647.0,0.82245,0.82269
1748011093269.0,0.82244,0.82268
1748011094520.0,0.82245,0.82269
1748011096720.0,0.82242,0.82266
1748011096844.0,0.82241,0.82265
1748011098061.0,0.82242,0.82266
1748011098629.0,0.82245,0.82269
1748011099039.0,0.82244,0.82268
1748011099774.0,0.82245,0.82269
1748011100150.0,0.82244,0.82268
1748011100675.0,0.82243,0.82267
1748011101089.0,0.82244,0.82268
1748011102800.0,0.82243,0.82267
1748011103736.0,0.82244,0.82268
1748011104678.0,0.82248,0.82272
1748011105216.0,0.82247,0.82271
1748011105468.0,0.82246,0.8227
1748011105717.0,0.82247,0.82271
1748011107365.0,0.82246,0.8227
1748011107859.0,0.82243,0.82267
1748011107984.0,0.82244,0.82268
1748011113075.0,0.82242,0.82266
1748011113324.0,0.82244,0.82268
1748011114041.0,0.82242,0.82266
1748011115386.0,0.8224,0.82264
1748011115507.0,0.82239,0.82263
1748011115633.0,0.82237,0.82261
1748011115882.0,0.8224,0.82264
1748011116006.0,0.82241,0.82265
1748011117193.0,0.8224,0.82264
1748011117314.0,0.82241,0.82265
1748011120134.0,0.82243,0.82267
1748011120693.0,0.8224,0.82264
1748011120942.0,0.82241,0.82265
1748011121196.0,0.82239,0.82263
1748011121992.0,0.82244,0.82259
1748011122545.0,0.82243,0.82258
1748011124126.0,0.82244,0.82259
1748011124234.0,0.82245,0.8226
1748011125237.0,0.82244,0.82259
1748011125361.0,0.82245,0.8226
1748011127560.0,0.82244,0.82259
1748011127843.0,0.82243,0.82258
1748011127971.0,0.82244,0.82259
1748011128219.0,0.82243,0.82258
1748011128572.0,0.82242,0.82257
1748011128823.0,0.82243,0.82258
1748011129385.0,0.82231,0.82255
1748011129633.0,0.82224,0.82248
1748011130009.0,0.82226,0.8225
1748011130510.0,0.82227,0.82251
1748011131009.0,0.82229,0.82253
1748011131259.0,0.8223,0.82254
1748011132542.0,0.82224,0.82248
1748011132856.0,0.82225,0.82249
1748011133801.0,0.82224,0.82248
1748011134047.0,0.82226,0.8225
1748011134315.0,0.82239,0.82254
1748011134568.0,0.82234,0.82258
1748011135394.0,0.8224,0.82264
1748011135644.0,0.82239,0.82263
1748011135956.0,0.8224,0.82264
1748011136465.0,0.82239,0.82263
1748011137646.0,0.8224,0.82264
1748011137895.0,0.8224,0.82264
1748011140054.0,0.82239,0.82263
1748011140302.0,0.82237,0.82261
1748011140509.0,0.82236,0.8226
1748011141819.0,0.82234,0.82258
1748011142814.0,0.82235,0.82259
1748011143840.0,0.82234,0.82258
1748011144085.0,0.82235,0.82259
1748011144335.0,0.82238,0.82262
1748011144462.0,0.82235,0.82259
1748011144710.0,0.82236,0.8226
1748011145443.0,0.82238,0.82262
1748011145557.0,0.82241,0.82265
1748011146647.0,0.82239,0.82263
1748011146772.0,0.8224,0.82264
1748011147658.0,0.82241,0.82265
1748011149445.0,0.82242,0.82266
1748011151154.0,0.82244,0.82268
1748011152604.0,0.82243,0.82267
1748011153507.0,0.82244,0.82268
1748011154434.0,0.82253,0.82277
1748011154683.0,0.82252,0.82276
1748011155432.0,0.82246,0.8227
1748011155682.0,0.82245,0.82269
1748011155808.0,0.82247,0.82271
1748011156060.0,0.82248,0.82272
1748011156185.0,0.82249,0.82273
1748011156434.0,0.8225,0.82274
1748011156965.0,0.82252,0.82276
1748011159998.0,0.82245,0.82269
1748011160607.0,0.82246,0.8227
1748011160732.0,0.82247,0.82271
1748011165178.0,0.82244,0.82268
1748011166541.0,0.82243,0.82267
1748011170708.0,0.82242,0.82266
1748011170833.0,0.82246,0.82261
1748011171317.0,0.82244,0.82259
1748011171740.0,0.82245,0.8226
1748011174658.0,0.82244,0.82259
1748011174779.0,0.82243,0.82258
1748011175527.0,0.82244,0.82259
1748011176009.0,0.82245,0.8226
1748011176258.0,0.82247,0.82262
1748011176508.0,0.82249,0.82264
1748011176632.0,0.8225,0.82265
1748011179063.0,0.82251,0.82266
1748011179580.0,0.82249,0.82273
1748011181218.0,0.82248,0.82272
1748011182024.0,0.8225,0.82274
1748011182540.0,0.82252,0.82276
1748011182687.0,0.82251,0.82275
1748011182930.0,0.8225,0.82274
1748011184436.0,0.82255,0.82279
1748011184565.0,0.82254,0.82278
1748011184811.0,0.82255,0.82279
1748011186301.0,0.82258,0.82282
1748011188446.0,0.82257,0.82281
1748011188560.0,0.82254,0.82278
1748011190754.0,0.82253,0.82277
1748011191284.0,0.82252,0.82276
1748011194019.0,0.82247,0.82271
1748011194143.0,0.8225,0.82274
1748011194275.0,0.82251,0.82275
1748011198236.0,0.82248,0.82272
1748011198488.0,0.82249,0.82273
1748011198736.0,0.8225,0.82274
1748011200466.0,0.82252,0.82276
1748011202324.0,0.82255,0.82279
1748011202573.0,0.82257,0.82281
1748011202694.0,0.82256,0.8228
1748011203587.0,0.82255,0.82279
1748011203840.0,0.82253,0.82277
1748011204088.0,0.82254,0.82278
1748011204660.0,0.82253,0.82277
1748011204845.0,0.82254,0.82278
1748011206024.0,0.82252,0.82276
1748011206274.0,0.82249,0.82273
1748011206526.0,0.82249,0.82273
1748011206772.0,0.8225,0.82274
1748011207367.0,0.82248,0.82272
1748011207611.0,0.82249,0.82273
1748011207856.0,0.8225,0.82274
1748011208246.0,0.82249,0.82273
1748011208489.0,0.8225,0.82274
1748011211364.0,0.8225,0.82274
1748011212062.0,0.82249,0.82273
1748011212183.0,0.82247,0.82271
1748011212566.0,0.82248,0.82272
1748011213006.0,0.82245,0.82269
1748011213390.0,0.82246,0.8227
1748011214294.0,0.8225,0.82274
1748011214836.0,0.82248,0.82272
1748011215274.0,0.82246,0.8227
1748011216729.0,0.82245,0.82269
1748011217126.0,0.82239,0.82263
1748011217725.0,0.8224,0.82264
1748011220470.0,0.82241,0.82265
1748011221204.0,0.82243,0.82267
1748011221704.0,0.82244,0.82268
1748011221955.0,0.82242,0.82266
1748011223134.0,0.82243,0.82267
1748011224641.0,0.82244,0.82268
1748011225141.0,0.82244,0.82268
1748011225507.0,0.82243,0.82267
1748011229633.0,0.82251,0.82266
1748011230247.0,0.82253,0.82268
1748011233149.0,0.82255,0.8227
1748011234061.0,0.82254,0.82269
1748011234311.0,0.82249,0.82264
1748011234562.0,0.82248,0.82263
1748011235481.0,0.82249,0.82264
1748011237372.0,0.82246,0.8227
1748011238977.0,0.82247,0.82271
1748011239602.0,0.82251,0.82275
1748011240532.0,0.82255,0.82279
1748011240783.0,0.82253,0.82277
1748011241599.0,0.82254,0.82278
1748011242503.0,0.82257,0.82281
1748011242626.0,0.82258,0.82282
1748011243203.0,0.82257,0.82281
1748011246196.0,0.82256,0.8228
1748011248718.0,0.82252,0.82276
1748011249094.0,0.82253,0.82277
1748011249748.0,0.82254,0.82278
1748011249994.0,0.82251,0.82275
1748011250246.0,0.82249,0.82273
1748011250869.0,0.82251,0.82275
1748011252742.0,0.82251,0.82275
1748011253550.0,0.82249,0.82273
1748011254334.0,0.8225,0.82274
1748011254631.0,0.82249,0.82273
1748011254756.0,0.82246,0.8227
1748011255130.0,0.82248,0.82272
1748011255932.0,0.82249,0.82273
1748011256585.0,0.8225,0.82274
1748011256831.0,0.82254,0.82278
1748011256956.0,0.82253,0.82277
1748011258071.0,0.82252,0.82276
1748011258669.0,0.82251,0.82275
1748011258789.0,0.82248,0.82272
1748011259342.0,0.82249,0.82273
1748011261728.0,0.82246,0.8227
1748011264219.0,0.82247,0.82271
1748011265544.0,0.82247,0.82271
1748011266152.0,0.82246,0.8227
1748011266652.0,0.82246,0.8227
1748011267162.0,0.82245,0.82269
1748011267412.0,0.82246,0.8227
1748011270204.0,0.82247,0.82271
1748011270452.0,0.82246,0.8227
1748011270953.0,0.82247,0.82271
1748011271203.0,0.82246,0.8227
1748011271452.0,0.82247,0.82271
1748011272489.0,0.82246,0.8227
1748011272740.0,0.82247,0.82271
1748011272866.0,0.82246,0.8227
1748011273116.0,0.82247,0.82271
1748011274101.0,0.82248,0.82272
1748011274905.0,0.82247,0.82271
1748011275026.0,0.8225,0.82274
1748011276073.0,0.82249,0.82273
1748011276976.0,0.82249,0.82273
1748011277226.0,0.82245,0.82269
1748011277476.0,0.82243,0.82267
1748011278524.0,0.82242,0.82266
1748011278823.0,0.8224,0.82264
1748011278947.0,0.82241,0.82265
1748011281181.0,0.8224,0.82264
1748011281563.0,0.82239,0.82263
1748011282056.0,0.82239,0.82263
1748011282704.0,0.8224,0.82264
1748011284222.0,0.82241,0.82265
1748011284350.0,0.82242,0.82266
1748011286428.0,0.82246,0.8227
1748011287561.0,0.82247,0.82271
