1748008706060.0,1.19119,1.19139
1748008706310.0,1.19118,1.19138
1748008707344.0,1.19117,1.19137
1748008707594.0,1.19115,1.19135
1748008707845.0,1.19116,1.19136
1748008708094.0,1.19115,1.19135
1748008708595.0,1.19116,1.19136
1748008709327.0,1.19115,1.19135
1748008711080.0,1.19114,1.19134
1748008712785.0,1.19115,1.19135
1748008713810.0,1.19112,1.19132
1748008714310.0,1.19116,1.19136
1748008715707.0,1.19114,1.19134
1748008715959.0,1.19115,1.19135
1748008716210.0,1.19114,1.19134
1748008716708.0,1.19115,1.19135
1748008717609.0,1.19114,1.19134
1748008718109.0,1.19113,1.19133
1748008718796.0,1.19112,1.19132
1748008720028.0,1.19113,1.19133
1748008720283.0,1.19115,1.19135
1748008720530.0,1.19117,1.19137
1748008721409.0,1.19118,1.19138
1748008722159.0,1.19114,1.19134
1748008722660.0,1.19113,1.19133
1748008722910.0,1.19114,1.19134
1748008723161.0,1.19116,1.19136
1748008723899.0,1.19117,1.19137
1748008727360.0,1.19116,1.19136
1748008730561.0,1.19114,1.19134
1748008730811.0,1.19115,1.19135
1748008731770.0,1.19114,1.19134
1748008732270.0,1.19116,1.19136
1748008733019.0,1.19114,1.19134
1748008735066.0,1.19116,1.19136
1748008735315.0,1.19114,1.19134
1748008736294.0,1.19115,1.19135
1748008736544.0,1.19117,1.19137
1748008736795.0,1.19115,1.19135
1748008737048.0,1.19117,1.19137
1748008737302.0,1.19115,1.19135
1748008737545.0,1.19117,1.19137
1748008738045.0,1.19116,1.19136
1748008739357.0,1.19118,1.19138
1748008739607.0,1.19117,1.19137
1748008740355.0,1.19116,1.19136
1748008740859.0,1.19109,1.19129
1748008741108.0,1.19112,1.19132
1748008741361.0,1.19113,1.19133
1748008742308.0,1.19111,1.19131
1748008742558.0,1.19112,1.19132
1748008743058.0,1.1911,1.1913
1748008744309.0,1.19111,1.19131
1748008745529.0,1.19109,1.19129
1748008745779.0,1.19115,1.19135
1748008746031.0,1.19116,1.19136
1748008746979.0,1.19115,1.19135
1748008747230.0,1.19116,1.19136
1748008747479.0,1.19118,1.19138
1748008747732.0,1.19119,1.19139
1748008748488.0,1.19116,1.19136
1748008749376.0,1.19115,1.19135
1748008749625.0,1.19114,1.19134
1748008749877.0,1.19113,1.19133
1748008750522.0,1.19112,1.19132
1748008750771.0,1.19111,1.19131
1748008751944.0,1.19109,1.19129
1748008752444.0,1.1911,1.1913
1748008752694.0,1.19109,1.19129
1748008754208.0,1.19114,1.19134
1748008754458.0,1.19118,1.19138
1748008754709.0,1.19117,1.19137
1748008754959.0,1.19118,1.19138
1748008755461.0,1.19123,1.19143
1748008758009.0,1.19122,1.19142
1748008758778.0,1.19121,1.19141
1748008759609.0,1.19122,1.19142
1748008761073.0,1.19123,1.19143
1748008761323.0,1.19119,1.19139
1748008762079.0,1.1912,1.1914
1748008762329.0,1.19117,1.19137
1748008762869.0,1.19118,1.19138
1748008763619.0,1.19119,1.19139
1748008764618.0,1.1912,1.1914
1748008765796.0,1.19124,1.19144
1748008766295.0,1.19123,1.19143
1748008766544.0,1.19121,1.19141
1748008767400.0,1.19123,1.19143
1748008767652.0,1.19126,1.19146
1748008767899.0,1.19125,1.19145
1748008768145.0,1.19128,1.19148
1748008769147.0,1.19124,1.19144
1748008769398.0,1.19123,1.19143
1748008770159.0,1.19118,1.19148
1748008770906.0,1.19123,1.19153
1748008771157.0,1.19118,1.19148
1748008771904.0,1.19119,1.19149
1748008772154.0,1.19121,1.19151
1748008772404.0,1.19118,1.19148
1748008772654.0,1.19119,1.19149
1748008772905.0,1.19117,1.19147
1748008773155.0,1.19116,1.19146
1748008773405.0,1.19118,1.19148
1748008773655.0,1.19119,1.19149
1748008774822.0,1.19118,1.19148
1748008775074.0,1.1912,1.1915
1748008775322.0,1.19123,1.19153
1748008775574.0,1.19125,1.19155
1748008776078.0,1.19123,1.19153
1748008776323.0,1.19125,1.19155
1748008776573.0,1.19124,1.19154
1748008776823.0,1.19123,1.19153
1748008777071.0,1.19126,1.19156
1748008777319.0,1.19128,1.19158
1748008777569.0,1.19126,1.19156
1748008777819.0,1.19128,1.19158
1748008778112.0,1.19127,1.19157
1748008778362.0,1.19126,1.19156
1748008778611.0,1.19124,1.19154
1748008778862.0,1.19126,1.19156
1748008779858.0,1.19127,1.19157
1748008780107.0,1.19128,1.19158
1748008781115.0,1.19126,1.19156
1748008782952.0,1.19125,1.19155
1748008783201.0,1.19126,1.19156
1748008783450.0,1.19127,1.19157
1748008784349.0,1.19128,1.19158
1748008785093.0,1.19126,1.19156
1748008785690.0,1.19125,1.19155
1748008785940.0,1.19129,1.19159
1748008786190.0,1.1913,1.1916
1748008786442.0,1.19128,1.19158
1748008786940.0,1.19129,1.19159
1748008787190.0,1.1913,1.1916
1748008787440.0,1.19128,1.19158
1748008787696.0,1.19129,1.19159
1748008787945.0,1.19131,1.19161
1748008788197.0,1.19132,1.19162
1748008788443.0,1.19131,1.19161
1748008788940.0,1.19132,1.19162
1748008789441.0,1.19133,1.19163
1748008789690.0,1.19132,1.19162
1748008789941.0,1.19134,1.19164
1748008790443.0,1.19133,
1748008790691.0,,1.19163
1748008791191.0,1.19134,1.19164
1748008791441.0,1.19133,1.19165
1748008791941.0,1.19134,1.19164
1748008792192.0,1.19136,1.19166
1748008792690.0,1.19135,1.19165
1748008792941.0,1.19138,1.19168
1748008793695.0,1.19137,
1748008793945.0,,1.1917
1748008794445.0,1.19138,1.19168
1748008794945.0,1.19137,1.1917
1748008795195.0,,1.19178
1748008795445.0,1.19141,1.19171
1748008795695.0,1.1914,1.1917
1748008795952.0,1.19138,1.19168
1748008796199.0,1.19139,1.19169
1748008796711.0,1.19141,1.19171
1748008796950.0,1.19139,1.19169
1748008797195.0,1.19138,1.19171
1748008797446.0,1.19139,1.19169
1748008797946.0,1.19135,1.19165
1748008798696.0,1.1914,1.1917
1748008799196.0,1.19136,1.19166
1748008799571.0,1.19131,1.19174
1748008799821.0,1.19136,1.1917
1748008800071.0,1.1913,
1748008800571.0,1.19131,1.19174
1748008800825.0,1.19129,1.19173
1748008801320.0,1.19131,
1748008801570.0,1.19136,1.19177
1748008801820.0,1.19138,1.19173
1748008802322.0,1.19131,1.1918
1748008802571.0,1.1914,1.19173
1748008802821.0,1.19138,1.19171
1748008803072.0,1.19141,1.19174
1748008803573.0,1.19138,1.19171
1748008803820.0,1.19137,
1748008804071.0,1.19134,
1748008804320.0,1.1913,1.19178
1748008804572.0,1.19134,1.19168
1748008805320.0,1.19135,1.19165
1748008805571.0,1.19137,1.19167
1748008805820.0,1.19139,1.19169
1748008806070.0,1.19138,1.19168
1748008806320.0,1.19137,
1748008806821.0,1.19139,1.19169
1748008807071.0,1.19138,1.19168
1748008808820.0,1.19136,1.19166
1748008809069.0,1.19137,1.19167
1748008809321.0,1.19139,1.19169
1748008809573.0,1.19137,1.19168
1748008809821.0,1.1914,1.1917
1748008810072.0,1.19143,1.19175
1748008810321.0,1.19144,1.19174
1748008810571.0,1.19149,1.19169
1748008810823.0,1.19153,1.19173
1748008811071.0,1.1915,1.1918
1748008811320.0,1.19144,1.19174
1748008811571.0,1.19136,1.19181
1748008811821.0,1.19143,1.19173
1748008812071.0,1.19146,1.19177
1748008812322.0,1.19155,1.19185
1748008812571.0,1.19157,1.19177
1748008812821.0,1.19154,1.19184
1748008813071.0,1.19155,1.19185
1748008813576.0,1.19154,1.19184
1748008814077.0,1.1916,1.1918
1748008814610.0,1.19157,1.19177
1748008815110.0,1.19154,1.19184
1748008815361.0,1.19157,1.19187
1748008815609.0,1.1916,1.1918
1748008816112.0,1.19156,1.19186
1748008816360.0,1.19157,1.19187
1748008816613.0,1.19161,1.19181
1748008817134.0,1.19162,1.19182
1748008817384.0,1.19164,1.19184
1748008817888.0,1.19165,1.19185
1748008818142.0,1.19166,1.19186
1748008818386.0,1.19164,1.19184
1748008818633.0,1.19165,1.19185
1748008818883.0,1.19166,1.19186
1748008819136.0,1.19165,1.19185
1748008819635.0,1.19167,1.19187
1748008819882.0,1.19165,1.19185
1748008821133.0,1.19162,1.19182
1748008821381.0,1.19157,1.19177
1748008821632.0,1.1916,1.1918
1748008822882.0,1.19163,1.19183
1748008823132.0,1.19165,1.19185
1748008823381.0,1.19166,1.19186
1748008824269.0,1.19167,1.19187
1748008825018.0,1.19165,1.19185
1748008825270.0,1.19169,1.19189
1748008825521.0,1.19167,1.19187
1748008825769.0,1.19169,1.19189
1748008826019.0,1.19167,1.19187
1748008827401.0,1.19168,1.19188
1748008827651.0,1.19167,1.19187
1748008828651.0,1.19168,1.19188
1748008829194.0,1.1917,1.1919
1748008829444.0,1.19168,1.19188
1748008830443.0,1.1917,1.1919
1748008831611.0,1.19169,1.19189
1748008831865.0,1.19172,1.19192
1748008833961.0,1.19173,1.19193
1748008834212.0,1.19174,1.19194
1748008834949.0,1.19173,1.19193
1748008835449.0,1.19174,1.19194
1748008835698.0,1.19173,1.19193
1748008835947.0,1.19172,1.19192
1748008836198.0,1.1917,1.1919
1748008836449.0,1.19169,1.19189
1748008837311.0,1.1917,1.1919
1748008838061.0,1.19168,1.19188
1748008838359.0,1.19169,1.19189
1748008838613.0,1.19168,1.19188
1748008839113.0,1.19166,1.19186
1748008839362.0,1.19168,1.19188
1748008839611.0,1.19167,1.19187
1748008842669.0,1.19168,1.19188
1748008842921.0,1.19167,1.19187
1748008843417.0,1.19165,1.19185
1748008843667.0,1.19166,1.19186
1748008846744.0,1.19165,1.19185
1748008846991.0,1.19161,1.19191
1748008847241.0,1.19166,1.19186
1748008847741.0,1.19161,1.19191
1748008847991.0,1.19162,1.19182
1748008848492.0,1.19165,1.19185
1748008848743.0,1.1916,1.1918
1748008849242.0,1.19162,1.19182
1748008849491.0,1.19159,1.19179
1748008850356.0,1.1916,1.1918
1748008851104.0,1.19153,1.19173
1748008852241.0,1.19154,1.19174
1748008852991.0,1.19155,1.19175
1748008853241.0,1.19156,1.19176
1748008853791.0,1.19155,1.19175
1748008856541.0,1.19154,1.19174
1748008856792.0,1.19145,1.19175
1748008857794.0,1.1915,1.1917
1748008858042.0,1.19147,1.19167
1748008858292.0,1.19145,1.19165
1748008858795.0,1.19147,1.19167
1748008859044.0,1.19145,1.19165
1748008859299.0,1.19143,1.19163
1748008859545.0,1.19142,1.19162
1748008860291.0,1.1914,1.1916
1748008860542.0,1.19143,1.19163
1748008860791.0,1.19145,1.19165
1748008862259.0,1.19144,1.19164
1748008862759.0,1.19143,1.19163
1748008863627.0,1.19138,1.19158
1748008863872.0,1.19135,1.19165
1748008864366.0,1.19143,1.19163
1748008864853.0,1.19137,1.19167
1748008865353.0,1.19136,1.19166
1748008866242.0,1.19135,1.19165
1748008866486.0,1.1914,1.1916
1748008867833.0,1.19133,1.19163
1748008868080.0,1.19134,1.19164
1748008868330.0,1.19135,1.19165
1748008868580.0,1.19133,1.19163
1748008868829.0,1.19132,1.19162
1748008869080.0,1.19139,1.19159
1748008869579.0,1.19138,1.19158
1748008872200.0,1.19133,1.19163
1748008872445.0,1.19141,1.19161
1748008872695.0,1.1914,1.1916
1748008872944.0,1.19134,1.19164
1748008873195.0,1.19132,1.19162
1748008873444.0,1.1914,1.1916
1748008873694.0,1.19138,1.19158
1748008873944.0,1.19131,1.19161
1748008874444.0,1.19129,1.19159
1748008875193.0,1.19135,1.19155
1748008875443.0,1.19136,1.19156
1748008875944.0,1.19132,1.19162
1748008876195.0,1.19143,1.19163
1748008877212.0,1.19145,1.19165
1748008877710.0,1.19138,1.19168
1748008877960.0,1.19142,1.19172
1748008878463.0,1.1914,1.1917
1748008879923.0,1.19144,1.19164
1748008880414.0,1.19143,1.19163
1748008880916.0,1.19139,1.19159
1748008881823.0,1.1914,1.1916
1748008882073.0,1.19138,1.19158
1748008882572.0,1.19133,1.19163
1748008883876.0,1.19139,1.19159
1748008884124.0,1.19143,1.19163
1748008890522.0,1.19142,1.19162
1748008890771.0,1.19139,1.19159
1748008891021.0,1.1914,1.1916
1748008891263.0,1.19141,1.19161
1748008891761.0,1.19143,1.19163
1748008893948.0,1.19144,1.19164
1748008894198.0,1.19145,1.19165
1748008894706.0,1.1914,1.1917
1748008895206.0,1.19139,1.19169
1748008895454.0,1.19149,
1748008897031.0,1.19144,1.19174
1748008898886.0,1.19142,1.19172
1748008899136.0,1.19149,1.19169
1748008900273.0,1.19143,1.19173
1748008900522.0,1.1915,1.1917
1748008901018.0,1.19144,1.19174
1748008901266.0,1.19145,1.19175
1748008901766.0,1.19151,1.19171
1748008903272.0,1.1915,1.1917
1748008904050.0,1.19151,1.19171
1748008904548.0,1.1915,1.1917
1748008905392.0,1.19151,1.19171
1748008905642.0,1.1915,1.1917
1748008905891.0,1.19151,1.19171
1748008906143.0,1.1915,1.1917
1748008908714.0,1.19149,1.19169
1748008908965.0,1.19138,1.19168
1748008909218.0,1.19141,1.19161
1748008909705.0,1.19143,1.19163
1748008910206.0,1.19137,1.19167
1748008910455.0,1.19142,1.19162
1748008911957.0,1.19143,1.19163
1748008918182.0,1.19144,1.19164
1748008918431.0,1.19143,1.19163
1748008920006.0,1.19145,1.19165
1748008920505.0,1.19143,1.19163
1748008921005.0,1.19144,1.19164
1748008921257.0,1.19142,1.19162
1748008921505.0,1.19143,1.19163
1748008922755.0,1.19145,1.19165
1748008923570.0,1.19143,1.19163
1748008926754.0,1.19142,1.19162
1748008927252.0,1.1914,1.1916
1748008927752.0,1.19141,1.19161
1748008928761.0,1.19142,1.19162
1748008929261.0,1.19139,1.19159
1748008930011.0,1.19142,1.19162
1748008931166.0,1.19139,1.19159
1748008931413.0,1.19138,1.19158
1748008931654.0,1.19137,1.19157
1748008932154.0,1.19135,1.19155
1748008932655.0,1.19136,1.19156
1748008932905.0,1.19135,1.19155
1748008934403.0,1.19137,1.19157
1748008934653.0,1.19135,1.19155
1748008936111.0,1.19136,1.19156
1748008936362.0,1.19138,1.19158
1748008937081.0,1.19137,1.19157
1748008937331.0,1.19136,1.19156
1748008938083.0,1.19133,1.19153
1748008938331.0,1.1913,1.1915
1748008938581.0,1.19124,1.19144
1748008939332.0,1.19123,1.19143
1748008941042.0,1.19125,1.19145
1748008941543.0,1.19121,1.19141
1748008942047.0,1.19117,1.19137
1748008942700.0,1.19116,1.19136
1748008942950.0,1.19114,1.19134
1748008943200.0,1.19118,1.19138
1748008943700.0,1.1912,1.1914
1748008943950.0,1.19119,1.19139
1748008944991.0,1.1912,1.1914
1748008945491.0,1.19119,1.19139
1748008945741.0,1.19121,1.19141
1748008947175.0,1.1912,1.1914
1748008947680.0,1.19121,1.19141
1748008947929.0,1.19119,1.19139
1748008948178.0,1.1912,1.1914
1748008948665.0,1.19123,1.19143
1748008948916.0,1.19118,1.19138
1748008949170.0,1.19117,1.19137
1748008949418.0,1.19114,1.19134
1748008950210.0,1.19115,1.19135
1748008950913.0,1.19116,1.19136
1748008951164.0,1.19112,1.19132
1748008951413.0,1.19114,1.19134
1748008952163.0,1.19115,1.19135
1748008952413.0,1.19113,1.19133
1748008953740.0,1.19114,1.19134
1748008954250.0,1.19115,1.19135
1748008955110.0,1.19116,1.19136
1748008955360.0,1.19112,1.19132
1748008955610.0,1.19113,1.19133
1748008956110.0,1.19116,1.19136
1748008957944.0,1.19115,1.19135
1748008958192.0,1.19113,1.19133
1748008958443.0,1.19115,1.19135
1748008959200.0,1.19113,1.19133
1748008961068.0,1.19114,1.19134
1748008961565.0,1.19113,1.19133
1748008962063.0,1.19115,1.19135
1748008963074.0,1.19114,1.19134
1748008963823.0,1.19118,1.19138
1748008964072.0,1.19119,1.19139
1748008964322.0,1.19121,1.19141
1748008964822.0,1.19118,1.19138
1748008966790.0,1.19117,1.19137
1748008967940.0,1.19118,1.19138
1748008968190.0,1.1912,1.1914
1748008968440.0,1.19119,1.19139
1748008968840.0,1.1912,1.1914
1748008969090.0,1.19116,1.19136
1748008969897.0,1.19114,1.19134
1748008970149.0,1.19112,1.19132
1748008971066.0,1.19113,1.19133
1748008971562.0,1.19111,1.19131
1748008972462.0,1.19102,1.19132
1748008972962.0,1.19111,1.19131
1748008973850.0,1.19112,1.19132
1748008974850.0,1.19113,1.19133
1748008979006.0,1.19112,1.19132
1748008979256.0,1.19108,1.19128
1748008980073.0,1.19101,1.19131
1748008980587.0,1.19107,1.19127
1748008980847.0,1.19106,1.19126
1748008981090.0,1.191,1.1913
1748008982044.0,1.19106,1.19126
1748008982294.0,1.19107,1.19127
1748008983061.0,1.19106,1.19126
1748008983807.0,1.191,1.1913
1748008985036.0,1.19101,1.19131
1748008985287.0,1.19107,1.19127
1748008985537.0,1.19108,1.19128
1748008986060.0,1.19106,1.19126
1748008987400.0,1.19105,1.19125
1748008987651.0,1.19106,1.19126
1748008987901.0,1.19104,1.19124
1748008989031.0,1.19106,1.19126
1748008990106.0,1.19105,1.19125
1748008990356.0,1.19106,1.19126
1748008990855.0,1.19108,1.19128
1748008991853.0,1.19106,1.19126
1748008993836.0,1.19107,1.19127
1748008994343.0,1.19106,1.19126
1748008994588.0,1.19104,1.19124
1748008994835.0,1.19106,1.19126
1748008999060.0,1.19105,1.19125
1748008999560.0,1.19106,1.19126
1748009000961.0,1.19104,1.19124
1748009001212.0,1.19102,1.19122
1748009001461.0,1.19104,1.19124
1748009002259.0,1.19105,1.19125
1748009003531.0,1.19104,1.19124
1748009004273.0,1.19106,1.19126
1748009004775.0,1.19104,1.19124
1748009005308.0,1.19101,1.19121
1748009005558.0,1.19103,1.19123
1748009005808.0,1.19104,1.19124
1748009006059.0,1.19101,1.19121
1748009010460.0,1.19102,1.19122
1748009011869.0,1.19101,1.19121
1748009013073.0,1.19102,1.19122
1748009013572.0,1.19101,1.19121
1748009014083.0,1.19102,1.19122
1748009014583.0,1.19101,1.19121
1748009016906.0,1.191,1.1912
1748009017156.0,1.19096,1.19116
1748009017404.0,1.19094,1.19114
1748009018190.0,1.19095,1.19115
1748009018961.0,1.19094,1.19114
1748009019212.0,1.19096,1.19116
1748009019462.0,1.19097,1.19117
1748009019711.0,1.19098,1.19118
1748009020303.0,1.19096,1.19116
1748009020552.0,1.19095,1.19115
1748009021052.0,1.19096,1.19116
1748009021802.0,1.19094,1.19114
1748009024161.0,1.19096,1.19116
1748009024410.0,1.19098,1.19118
1748009025160.0,1.19097,1.19117
1748009025409.0,1.19096,1.19116
1748009026416.0,1.19095,1.19115
1748009027310.0,1.19094,1.19114
1748009027809.0,1.19096,1.19116
1748009028559.0,1.19092,1.19112
1748009030755.0,1.19093,1.19113
1748009031005.0,1.19092,1.19112
1748009031257.0,1.1909,1.1911
1748009031507.0,1.19092,1.19112
1748009031756.0,1.19091,1.19111
1748009032254.0,1.19092,1.19112
1748009033023.0,1.19089,1.19109
1748009033270.0,1.19088,1.19108
1748009033516.0,1.19089,1.19109
1748009034359.0,1.19091,1.19111
1748009035779.0,1.1909,1.1911
1748009037669.0,1.19089,1.19109
1748009037921.0,1.19081,1.19101
1748009038171.0,1.19082,1.19102
1748009038420.0,1.19083,1.19103
1748009038919.0,1.19084,1.19104
1748009039420.0,1.19082,1.19102
1748009040574.0,1.1908,1.191
1748009040824.0,1.19079,1.19099
1748009041819.0,1.1908,1.191
1748009042319.0,1.19079,1.19099
1748009042567.0,1.19078,1.19098
1748009042814.0,1.19079,1.19099
1748009043313.0,1.19078,1.19098
1748009043565.0,1.1908,1.191
1748009043814.0,1.19084,1.19104
1748009044315.0,1.19085,1.19105
1748009044564.0,1.19087,1.19107
1748009045312.0,1.19085,1.19105
1748009045563.0,1.19086,1.19106
1748009046322.0,1.19087,1.19107
1748009046570.0,1.19086,1.19106
1748009047072.0,1.19084,1.19114
1748009047321.0,1.19082,1.19112
1748009047571.0,1.19092,
1748009047820.0,1.19091,1.19111
1748009048071.0,1.19089,1.19109
1748009049231.0,1.19087,1.19107
1748009053145.0,1.19088,1.19108
1748009053882.0,1.19087,1.19107
1748009054789.0,1.19086,1.19106
1748009055415.0,1.19085,1.19105
1748009055660.0,1.19086,1.19106
1748009055910.0,1.19085,1.19105
1748009056278.0,1.19084,1.19104
1748009056776.0,1.19085,1.19105
1748009059043.0,1.19083,1.19103
1748009059294.0,1.19078,1.19098
1748009059794.0,1.19079,1.19099
1748009060291.0,1.1908,1.191
1748009060791.0,1.19079,1.19099
1748009061041.0,1.1908,1.191
1748009061291.0,1.19079,1.19099
1748009061791.0,1.19077,1.19097
1748009062070.0,1.19078,1.19098
1748009062322.0,1.19077,1.19097
1748009064561.0,1.19079,1.19099
1748009064812.0,1.1908,1.191
1748009065062.0,1.19081,1.19101
1748009065311.0,1.19079,1.19099
1748009065562.0,1.19074,1.19094
1748009066061.0,1.19075,1.19095
1748009066561.0,1.19076,1.19096
1748009066813.0,1.19075,1.19095
1748009068544.0,1.19076,1.19096
1748009068794.0,1.19077,1.19097
1748009070572.0,1.19079,1.19099
1748009071071.0,1.19077,1.19097
1748009071926.0,1.19078,1.19098
1748009072176.0,1.19079,1.19099
1748009072676.0,1.19081,1.19101
1748009074373.0,1.19082,1.19102
1748009076757.0,1.19084,1.19104
1748009079871.0,1.19082,1.19102
1748009080127.0,1.1908,1.191
1748009080980.0,1.19081,1.19101
1748009081741.0,1.19083,1.19103
1748009081985.0,1.19082,1.19102
1748009082480.0,1.19081,1.19101
1748009082731.0,1.1908,1.191
1748009082980.0,1.19081,1.19101
1748009083230.0,1.19083,1.19103
1748009083729.0,1.19079,1.19099
1748009085574.0,1.1908,1.191
1748009086866.0,1.19082,1.19102
1748009087116.0,1.19079,1.19099
1748009087617.0,1.19078,1.19098
1748009088114.0,1.19077,1.19097
1748009088955.0,1.19078,1.19098
1748009089206.0,1.19079,1.19099
1748009089514.0,1.1908,1.191
1748009090514.0,1.19079,1.19099
1748009091409.0,1.1908,1.191
1748009091909.0,1.19081,1.19101
1748009093515.0,1.1908,1.191
1748009093765.0,1.19079,1.19099
1748009094583.0,1.19078,1.19098
1748009096580.0,1.19079,1.19099
1748009097788.0,1.19078,1.19098
1748009098035.0,1.19079,1.19099
1748009099226.0,1.19078,1.19098
1748009099475.0,1.19077,1.19097
1748009100348.0,1.19075,1.19095
1748009101343.0,1.19074,1.19104
1748009101588.0,1.19078,1.19098
1748009101841.0,1.19079,1.19099
1748009102840.0,1.1908,1.191
1748009103089.0,1.19081,1.19101
1748009103340.0,1.19077,1.19107
1748009103590.0,1.19081,1.19101
1748009104089.0,1.19077,1.19107
1748009104597.0,1.19073,1.19103
1748009104850.0,1.19077,1.19097
1748009105092.0,1.19079,1.19099
1748009106071.0,1.19078,1.19098
1748009106321.0,1.19079,1.19099
1748009107070.0,1.19084,1.19104
1748009107322.0,1.19085,1.19105
1748009107571.0,1.19084,1.19104
1748009111171.0,1.19087,1.19107
1748009111421.0,1.19084,1.19104
1748009112928.0,1.19085,1.19105
1748009114016.0,1.19083,1.19103
1748009114516.0,1.19087,1.19107
1748009114766.0,1.19086,1.19106
1748009115016.0,1.19084,1.19104
1748009115266.0,1.19085,1.19105
1748009115515.0,1.19084,1.19104
1748009115771.0,1.19079,1.19099
1748009116022.0,1.19082,1.19102
1748009116269.0,1.19083,1.19103
1748009117208.0,1.19081,1.19101
1748009117458.0,1.19082,1.19102
1748009117708.0,1.19084,1.19104
1748009117958.0,1.19085,1.19105
1748009118209.0,1.19086,1.19106
1748009118956.0,1.19085,1.19105
1748009119201.0,1.19084,1.19104
1748009120082.0,1.19087,1.19107
1748009120578.0,1.19085,1.19105
1748009120828.0,1.19084,1.19104
1748009121321.0,1.19083,1.19103
1748009121577.0,1.19082,1.19102
1748009123585.0,1.19081,1.19101
1748009124234.0,1.1908,1.191
1748009124734.0,1.19081,1.19101
1748009125234.0,1.19077,1.19107
1748009128283.0,1.19079,1.19099
1748009128532.0,1.19074,1.19104
1748009129277.0,1.19078,1.19098
1748009130981.0,1.19076,1.19106
1748009131232.0,1.19077,1.19107
1748009131732.0,1.19075,1.19095
1748009132721.0,1.19074,1.19094
1748009133863.0,1.19065,1.19095
1748009134113.0,1.19067,1.19097
1748009134363.0,1.1907,1.1909
1748009134615.0,1.19069,1.19099
1748009135112.0,1.19071,1.19091
1748009135954.0,1.19067,1.19097
1748009136706.0,1.19075,1.19095
1748009136955.0,1.19074,1.19094
1748009137454.0,1.1907,1.191
1748009137706.0,1.19074,1.19094
1748009137956.0,1.19071,1.19101
1748009138206.0,1.19074,1.19094
1748009141728.0,1.19071,1.19101
1748009142235.0,1.19074,1.19094
1748009142478.0,1.19075,1.19095
1748009142977.0,1.1907,1.1909
1748009143229.0,1.19067,1.19097
1748009143727.0,1.19071,1.19091
1748009143979.0,1.1907,1.1909
1748009147304.0,1.19069,1.19089
1748009147805.0,1.19068,1.19088
1748009148056.0,1.19065,1.19095
1748009150207.0,1.19069,1.19089
1748009150782.0,1.19065,1.19095
1748009153942.0,1.19068,1.19088
1748009156497.0,1.1907,1.1909
1748009156747.0,1.19065,1.19095
1748009157760.0,1.19064,1.19094
1748009158019.0,1.1907,1.1909
1748009158271.0,1.19069,1.19089
1748009158767.0,1.19071,1.19091
1748009159014.0,1.19072,1.19092
1748009160476.0,1.19071,1.19091
1748009161301.0,1.1907,1.1909
1748009161549.0,1.19068,1.19088
1748009162303.0,1.19071,1.19091
1748009162802.0,1.19068,1.19088
1748009164276.0,1.19069,1.19089
1748009164775.0,1.1907,1.1909
1748009165276.0,1.19067,1.19087
1748009165525.0,1.19068,1.19088
1748009165776.0,1.19069,1.19089
1748009167819.0,1.19067,1.19087
1748009168073.0,1.1907,1.1909
1748009168574.0,1.19068,1.19088
1748009169814.0,1.19069,1.19089
1748009170761.0,1.1907,1.1909
1748009171261.0,1.19072,1.19092
1748009171825.0,1.19071,1.19091
1748009172074.0,1.19074,1.19094
1748009172575.0,1.1907,1.1909
1748009173508.0,1.19071,1.19091
1748009173758.0,1.19074,1.19094
1748009177092.0,1.19075,1.19095
1748009179101.0,1.19076,1.19096
1748009179351.0,1.19075,1.19095
1748009180391.0,1.19073,1.19093
1748009181179.0,1.19074,1.19094
1748009181429.0,1.1907,1.1909
1748009181680.0,1.19067,1.19087
1748009181931.0,1.1907,1.1909
1748009182180.0,1.19068,1.19088
1748009183032.0,1.1907,1.1909
1748009186545.0,1.19069,1.19089
1748009187032.0,1.19068,1.19088
1748009187834.0,1.19069,1.19089
1748009189088.0,1.1907,1.1909
1748009189343.0,1.19067,1.19087
1748009194072.0,1.19065,1.19085
1748009194320.0,1.19061,1.19081
1748009196184.0,1.19062,1.19082
1748009196434.0,1.19063,1.19083
1748009197189.0,1.19062,1.19082
1748009198534.0,1.1906,1.1908
1748009201283.0,1.19058,1.19078
1748009203271.0,1.19059,1.19079
1748009203522.0,1.19055,1.19085
1748009203769.0,1.19058,1.19078
1748009204023.0,1.19057,1.19077
1748009204770.0,1.19055,1.19085
1748009205019.0,1.1906,1.1908
1748009206140.0,1.19061,1.19081
1748009206391.0,1.19055,1.19085
1748009206639.0,1.19056,1.19086
1748009206887.0,1.19064,1.19084
1748009207389.0,1.19065,1.19085
1748009207889.0,1.19064,1.19084
1748009208141.0,1.19065,1.19085
1748009208887.0,1.1907,1.1909
1748009209141.0,1.19074,1.19094
1748009209390.0,1.19072,1.19092
1748009210389.0,1.1907,1.1909
1748009210890.0,1.19069,1.19089
1748009211141.0,1.19068,1.19088
1748009211641.0,1.19072,1.19092
1748009212388.0,1.1907,1.1909
1748009216569.0,1.19071,1.19091
1748009217484.0,1.1907,1.1909
1748009217985.0,1.19068,1.19088
1748009218790.0,1.19067,1.19087
1748009219896.0,1.19066,1.19086
1748009220152.0,1.19067,1.19087
1748009220397.0,1.19068,1.19088
1748009220650.0,1.19069,1.19089
1748009220900.0,1.19071,1.19091
1748009221150.0,1.19072,1.19092
1748009221910.0,1.19066,1.19086
1748009222153.0,1.19065,1.19085
1748009222897.0,1.19063,1.19083
1748009223147.0,1.19065,1.19085
1748009224751.0,1.19064,1.19084
1748009225253.0,1.19067,1.19087
1748009227973.0,1.19069,1.19089
1748009228912.0,1.19068,1.19088
1748009230260.0,1.19066,1.19086
1748009231015.0,1.19067,1.19087
1748009232131.0,1.19068,1.19088
1748009233706.0,1.19067,1.19087
1748009233957.0,1.19068,1.19088
1748009234455.0,1.1907,1.1909
1748009234955.0,1.19071,1.19091
1748009235452.0,1.19068,1.19088
1748009236294.0,1.19067,1.19087
1748009236731.0,1.19068,1.19088
1748009236982.0,1.19067,1.19087
1748009237480.0,1.19068,1.19088
1748009238241.0,1.19067,1.19087
1748009238494.0,1.19065,1.19085
1748009238990.0,1.19062,1.19092
1748009239241.0,1.19069,1.19089
1748009239742.0,1.19061,1.19091
1748009239990.0,1.1906,1.1909
1748009241992.0,1.19065,1.19085
1748009242743.0,1.19066,1.19086
1748009244311.0,1.19067,1.19087
1748009245333.0,1.19066,1.19086
1748009245583.0,1.19065,1.19085
1748009249531.0,1.19064,1.19084
1748009249779.0,1.19062,1.19082
1748009250387.0,1.1906,1.1908
1748009250640.0,1.19061,1.19081
1748009250888.0,1.1906,1.1908
1748009252631.0,1.19062,1.19082
1748009252882.0,1.19061,1.19081
1748009253952.0,1.1906,1.1908
1748009254203.0,1.19061,1.19081
1748009254948.0,1.1906,1.1908
1748009255449.0,1.19062,1.19082
1748009255700.0,1.19063,1.19083
1748009256471.0,1.19064,1.19084
1748009257472.0,1.19065,1.19085
1748009261214.0,1.19062,1.19082
1748009261462.0,1.19064,1.19084
1748009262504.0,1.19063,1.19083
1748009263336.0,1.19064,1.19084
1748009263587.0,1.19065,1.19085
1748009264312.0,1.19064,1.19084
1748009264811.0,1.19062,1.19082
1748009265207.0,1.19063,1.19083
1748009265457.0,1.19064,1.19084
1748009266207.0,1.19062,1.19082
1748009266706.0,1.1906,1.1908
1748009267918.0,1.19059,1.19079
1748009268168.0,1.19063,1.19083
1748009269169.0,1.19066,1.19086
1748009269422.0,1.1907,1.1909
1748009270420.0,1.19067,1.19087
1748009270668.0,1.19065,1.19085
1748009270918.0,1.19067,1.19087
1748009271921.0,1.19066,1.19086
1748009272171.0,1.1907,1.1909
1748009277583.0,1.19069,1.19089
1748009277828.0,1.1907,1.1909
1748009278083.0,1.19068,1.19088
1748009278580.0,1.19066,1.19086
1748009278828.0,1.19067,1.19087
1748009279078.0,1.19066,1.19086
1748009279327.0,1.19067,1.19087
1748009280333.0,1.1907,1.1909
1748009280578.0,1.19069,1.19089
1748009282375.0,1.19068,1.19088
1748009282621.0,1.1906,1.1909
1748009283111.0,1.19065,1.19085
1748009287273.0,1.19064,1.19084
1748009287526.0,1.19062,1.19082
1748009287777.0,1.1906,1.1908
1748009288025.0,1.19062,1.19082
1748009288264.0,1.19061,1.19081
1748009288912.0,1.1906,1.1908
1748009289161.0,1.19059,1.19079
1748009289662.0,1.1906,1.1908
1748009290163.0,1.19061,1.19081
1748009292720.0,1.1906,1.1908
1748009292971.0,1.19061,1.19081
1748009295134.0,1.1906,1.1908
1748009295384.0,1.19058,1.19078
1748009295633.0,1.19056,1.19076
1748009296385.0,1.19055,1.19075
1748009299100.0,1.19056,1.19076
1748009299349.0,1.19058,1.19078
1748009300276.0,1.19057,1.19077
1748009300527.0,1.19058,1.19078
1748009300775.0,1.19059,1.19079
1748009302291.0,1.1906,1.1908
1748009304407.0,1.19059,1.19079
1748009304654.0,1.19056,1.19076
1748009304892.0,1.19054,1.19074
1748009305656.0,1.19053,1.19073
1748009306415.0,1.19052,1.19072
1748009306665.0,1.19051,1.19071
1748009307216.0,1.1905,1.1907
1748009307466.0,1.19052,1.19072
1748009307717.0,1.19053,1.19073
1748009308630.0,1.19052,1.19072
1748009309542.0,1.19053,1.19073
1748009309787.0,1.1905,1.1907
1748009310042.0,1.19053,1.19073
1748009310286.0,1.19046,1.19076
1748009310541.0,1.19053,1.19073
1748009310792.0,1.1905,1.1907
1748009311041.0,1.19049,1.19069
1748009311851.0,1.1905,1.1907
1748009312699.0,1.19048,1.19068
1748009313828.0,1.19045,1.19065
1748009314331.0,1.19043,1.19063
1748009314570.0,1.19044,1.19064
1748009315066.0,1.19043,1.19063
1748009315319.0,1.19039,1.19059
1748009315568.0,1.19032,1.19062
1748009315817.0,1.19036,1.19056
1748009316818.0,1.19034,1.19054
1748009317068.0,1.19025,1.19055
1748009317317.0,1.19029,1.19049
1748009317568.0,1.19035,1.19055
1748009318567.0,1.19036,1.19056
1748009319068.0,1.19034,1.19054
1748009320340.0,1.19035,1.19055
1748009320589.0,1.19038,1.19058
1748009320840.0,1.19028,
1748009321090.0,1.19029,1.19059
1748009321761.0,1.19036,1.19056
1748009323774.0,1.19037,1.19057
1748009324025.0,1.19039,1.19059
1748009324274.0,1.19038,1.19058
1748009324775.0,1.1904,1.1906
1748009325024.0,1.19041,1.19061
1748009325275.0,1.19036,1.19056
1748009326411.0,1.19038,1.19058
1748009326660.0,1.19036,1.19056
1748009329830.0,1.19034,1.19054
1748009330831.0,1.19026,1.19046
1748009331081.0,1.19021,1.19041
1748009331329.0,1.19022,1.19042
1748009331581.0,1.19024,1.19044
1748009331830.0,1.19025,1.19045
1748009332080.0,1.19023,1.19043
1748009332329.0,1.19022,1.19042
1748009333080.0,1.19023,1.19043
1748009333580.0,1.19022,1.19042
1748009334331.0,1.19023,1.19043
1748009334581.0,1.19024,1.19044
1748009335733.0,1.19023,1.19043
1748009335989.0,1.19024,1.19044
1748009336240.0,1.19018,1.19048
1748009336489.0,1.19023,1.19043
1748009337486.0,1.1902,1.1904
1748009337733.0,1.19018,1.19038
1748009338483.0,1.19017,1.19037
1748009338734.0,1.19018,1.19038
1748009339734.0,1.19017,1.19037
1748009339983.0,1.19015,1.19035
1748009340233.0,1.19016,1.19036
1748009340897.0,1.19015,1.19035
1748009342306.0,1.19017,1.19037
1748009342555.0,1.19016,1.19036
1748009342804.0,1.19017,1.19037
1748009343053.0,1.19015,1.19035
1748009343977.0,1.19016,1.19036
1748009344228.0,1.19015,1.19035
1748009344477.0,1.19018,1.19038
1748009344977.0,1.1902,1.1904
1748009347746.0,1.19019,1.19039
1748009347997.0,1.19018,1.19038
1748009348577.0,1.19021,1.19041
1748009348826.0,1.19019,1.19039
1748009349319.0,1.19021,1.19041
1748009350221.0,1.19023,1.19043
1748009350470.0,1.19022,1.19042
1748009350720.0,1.19023,1.19043
1748009351727.0,1.19024,1.19044
1748009352484.0,1.19026,1.19046
1748009358451.0,1.19027,1.19047
1748009358701.0,1.19031,1.19051
1748009358952.0,1.19033,1.19053
1748009361346.0,1.19032,1.19052
1748009361595.0,1.19033,1.19053
1748009363060.0,1.1903,1.1905
1748009364263.0,1.19031,1.19051
1748009364785.0,1.1903,1.1905
1748009365034.0,1.19028,1.19048
1748009365284.0,1.19029,1.19049
1748009366013.0,1.1903,1.1905
1748009374612.0,1.19029,1.19049
1748009375897.0,1.1903,1.1905
1748009378481.0,1.19031,1.19051
1748009378731.0,1.1903,1.1905
1748009378980.0,1.19031,1.19051
1748009379290.0,1.1903,1.1905
1748009379542.0,1.19028,1.19048
1748009380390.0,1.1903,1.1905
1748009380940.0,1.19028,1.19048
1748009382189.0,1.19027,1.19047
1748009383190.0,1.19028,1.19048
1748009385271.0,1.19026,1.19046
1748009386052.0,1.19027,1.19047
1748009387049.0,1.19028,1.19048
1748009387627.0,1.19026,1.19046
1748009388128.0,1.19025,1.19045
1748009388871.0,1.19026,1.19046
1748009390488.0,1.19027,1.19047
1748009391840.0,1.19026,1.19046
1748009392088.0,1.19023,1.19043
1748009392832.0,1.19021,1.19041
1748009393612.0,1.19022,1.19042
1748009394110.0,1.19021,1.19041
1748009398083.0,1.19019,1.19039
1748009400082.0,1.19018,1.19038
1748009400342.0,1.19022,1.19042
1748009400586.0,1.19023,1.19043
1748009401085.0,1.19022,1.19042
1748009401336.0,1.19023,1.19043
1748009402085.0,1.19025,1.19045
1748009403010.0,1.19026,1.19046
1748009403510.0,1.19028,1.19048
1748009404011.0,1.19027,1.19047
1748009404261.0,1.19026,1.19046
1748009404809.0,1.19025,1.19045
1748009406261.0,1.1902,1.1905
1748009407012.0,1.19025,1.19045
1748009407512.0,1.19024,1.19044
1748009408261.0,1.19025,1.19045
1748009408513.0,1.19024,1.19044
1748009409134.0,1.19026,1.19046
1748009410122.0,1.19024,1.19044
1748009410621.0,1.19026,1.19046
1748009411497.0,1.19036,1.19056
1748009411746.0,1.19037,1.19057
1748009412244.0,1.19036,1.19056
1748009412492.0,1.19041,1.19061
1748009413530.0,1.19042,1.19062
1748009413776.0,1.19041,1.19061
1748009414291.0,1.19035,1.19055
1748009414530.0,1.19037,1.19057
1748009415280.0,1.19038,1.19058
1748009416263.0,1.19037,1.19057
1748009416514.0,1.19034,1.19054
1748009416763.0,1.19033,1.19053
1748009417012.0,1.19034,1.19054
1748009417513.0,1.19035,1.19055
1748009417763.0,1.19036,1.19056
1748009419361.0,1.19037,1.19057
1748009419610.0,1.19036,1.19056
1748009420863.0,1.19039,1.19059
1748009421945.0,1.1904,1.1906
1748009422593.0,1.19039,1.19059
1748009422844.0,1.19038,1.19058
1748009425832.0,1.19039,1.19059
1748009426081.0,1.19038,1.19058
1748009426332.0,1.19039,1.19059
1748009427142.0,1.1904,1.1906
1748009429646.0,1.19041,1.19061
1748009430188.0,1.19042,1.19062
1748009430437.0,1.1904,1.1906
1748009430987.0,1.19039,1.19059
1748009431240.0,1.19038,1.19058
1748009431740.0,1.19039,1.19059
1748009433058.0,1.19037,1.19057
1748009434108.0,1.19038,1.19058
1748009437692.0,1.19037,1.19057
1748009437945.0,1.19038,1.19058
1748009439356.0,1.19039,1.19059
1748009439608.0,1.19042,1.19062
1748009439858.0,1.19044,1.19064
1748009440658.0,1.19045,1.19065
1748009441409.0,1.1904,1.1906
1748009442422.0,1.19039,1.19059
1748009443173.0,1.19038,1.19058
1748009444218.0,1.19039,1.19059
1748009445220.0,1.19038,1.19058
1748009446145.0,1.19039,1.19059
1748009446395.0,1.19041,1.19061
1748009446893.0,1.1904,1.1906
1748009447393.0,1.19038,1.19058
1748009447889.0,1.19039,1.19059
1748009449140.0,1.19038,1.19058
1748009449386.0,1.19039,1.19059
1748009450387.0,1.19038,1.19058
1748009450886.0,1.19039,1.19059
1748009451389.0,1.19038,1.19058
1748009452390.0,1.19039,1.19059
1748009453461.0,1.19038,1.19058
1748009453711.0,1.19037,1.19057
1748009454369.0,1.19036,1.19056
1748009454618.0,1.19037,1.19057
1748009454868.0,1.19036,1.19056
1748009455726.0,1.19035,1.19055
1748009457233.0,1.19033,1.19053
1748009457735.0,1.19034,1.19054
1748009458484.0,1.19032,1.19052
1748009458734.0,1.19033,1.19053
1748009459234.0,1.19034,1.19054
1748009459735.0,1.19033,1.19053
1748009459984.0,1.19036,1.19056
1748009460486.0,1.19037,1.19057
1748009461695.0,1.19036,1.19056
1748009463196.0,1.19037,1.19057
1748009463947.0,1.19036,1.19056
1748009464725.0,1.19037,1.19057
1748009464975.0,1.19038,1.19058
1748009466541.0,1.19037,1.19057
1748009466790.0,1.19036,1.19056
1748009467041.0,1.19038,1.19058
1748009467290.0,1.19037,1.19057
1748009467541.0,1.19035,1.19055
1748009467788.0,1.19037,1.19057
1748009470445.0,1.19038,1.19058
1748009471303.0,1.19037,1.19057
1748009471553.0,1.19036,1.19056
1748009471812.0,1.19037,1.19057
1748009472813.0,1.19036,1.19056
1748009473990.0,1.19035,1.19055
1748009474493.0,1.19034,1.19054
1748009474993.0,1.19035,1.19055
1748009475241.0,1.19034,1.19054
1748009476188.0,1.19036,1.19056
1748009477049.0,1.19035,1.19055
1748009477549.0,1.19036,1.19056
1748009479781.0,1.19037,1.19057
1748009480578.0,1.19036,1.19056
1748009480826.0,1.19035,1.19055
1748009481076.0,1.19033,1.19053
1748009481335.0,1.19034,1.19054
1748009481583.0,1.19033,1.19053
1748009482126.0,1.19035,1.19055
1748009482370.0,1.19036,1.19056
1748009485111.0,1.19033,1.19053
1748009485879.0,1.19034,1.19054
1748009486129.0,1.19038,1.19058
1748009486379.0,1.19037,1.19057
1748009486628.0,1.19038,1.19058
1748009488696.0,1.19037,1.19057
1748009489193.0,1.19036,1.19056
1748009489694.0,1.19037,1.19057
1748009490332.0,1.19038,1.19058
1748009490571.0,1.19037,1.19057
1748009491100.0,1.19038,1.19058
1748009491350.0,1.19036,1.19056
1748009491600.0,1.19038,1.19058
1748009492255.0,1.19036,1.19056
1748009492877.0,1.19038,1.19058
1748009493128.0,1.19037,1.19057
1748009494164.0,1.19039,1.19059
1748009494415.0,1.19038,1.19058
1748009494665.0,1.19037,1.19057
1748009497210.0,1.19039,1.19059
1748009497453.0,1.19037,1.19057
1748009498482.0,1.19039,1.19059
1748009499435.0,1.19037,1.19057
1748009501696.0,1.19038,1.19058
1748009501947.0,1.1904,1.1906
1748009502196.0,1.19041,1.19061
1748009502701.0,1.19039,1.19059
1748009503197.0,1.1904,1.1906
1748009504400.0,1.19039,1.19059
1748009504650.0,1.19043,1.19063
1748009509400.0,1.19039,1.19059
1748009509650.0,1.19038,1.19058
1748009510881.0,1.1904,1.1906
1748009511381.0,1.19037,1.19057
1748009511631.0,1.19038,1.19058
1748009511881.0,1.1904,1.1906
1748009513008.0,1.19039,1.19059
1748009515414.0,1.1904,1.1906
1748009516167.0,1.19035,1.19055
1748009516416.0,1.19033,1.19053
1748009517080.0,1.19034,1.19054
1748009517330.0,1.19033,1.19053
1748009517877.0,1.19035,1.19055
1748009518378.0,1.19034,1.19054
1748009519732.0,1.19036,1.19056
1748009520241.0,1.19034,1.19054
1748009520488.0,1.19033,1.19053
1748009521482.0,1.19028,1.19048
1748009521732.0,1.19024,1.19044
1748009521984.0,1.19027,1.19047
1748009522942.0,1.19026,1.19046
1748009524442.0,1.19023,1.19043
1748009525254.0,1.19022,1.19042
1748009525503.0,1.19021,1.19041
1748009526334.0,1.19022,1.19042
1748009528380.0,1.19023,1.19043
1748009528879.0,1.19024,1.19044
1748009530316.0,1.19025,1.19045
1748009530568.0,1.19024,1.19044
1748009530817.0,1.19026,1.19046
1748009531886.0,1.19025,1.19045
1748009532682.0,1.19026,1.19046
1748009533181.0,1.19027,1.19047
1748009533431.0,1.19026,1.19046
1748009533931.0,1.19027,1.19047
1748009534182.0,1.19028,1.19048
1748009535790.0,1.19033,1.19053
1748009536790.0,1.19034,1.19054
1748009538164.0,1.19035,1.19055
1748009538414.0,1.19034,1.19054
1748009538663.0,1.19036,1.19056
1748009538913.0,1.19041,1.19061
1748009539164.0,1.19042,1.19062
1748009539413.0,1.19043,1.19063
1748009540164.0,1.19048,1.19068
1748009540664.0,1.19051,1.19071
1748009541414.0,1.1905,1.1907
1748009541914.0,1.19051,1.19071
1748009542165.0,1.19053,1.19073
1748009543193.0,1.1905,1.1907
1748009544468.0,1.19051,1.19071
1748009544717.0,1.19046,1.19066
1748009544967.0,1.19047,1.19067
1748009545217.0,1.19044,1.19064
1748009545466.0,1.19045,1.19065
1748009546451.0,1.19047,1.19067
1748009546701.0,1.19049,1.19069
1748009546949.0,1.19048,1.19068
1748009547949.0,1.19047,1.19067
1748009548200.0,1.19048,1.19068
1748009548450.0,1.19049,1.19069
1748009548703.0,1.1905,1.1907
1748009549199.0,1.19054,1.19074
1748009549450.0,1.19055,1.19075
1748009549700.0,1.19054,1.19074
1748009549949.0,1.19055,1.19075
1748009550700.0,1.19056,1.19076
1748009550950.0,1.19055,1.19075
1748009551453.0,1.19054,1.19074
1748009552201.0,1.19055,1.19075
1748009552450.0,1.19057,1.19077
1748009552951.0,1.19058,1.19078
1748009553202.0,1.19059,1.19079
1748009553701.0,1.1906,1.1908
1748009554449.0,1.19059,1.19079
1748009555050.0,1.19057,1.19077
1748009555986.0,1.19059,1.19079
1748009556242.0,1.1906,1.1908
1748009556486.0,1.19059,1.19079
1748009558071.0,1.19058,1.19078
1748009558820.0,1.19059,1.19079
1748009560153.0,1.1906,1.1908
1748009560402.0,1.19062,1.19082
1748009561400.0,1.19063,1.19083
1748009561650.0,1.19064,1.19084
1748009562150.0,1.1906,1.1908
1748009562400.0,1.19062,1.19082
1748009563024.0,1.19061,1.19081
1748009563274.0,1.1906,1.1908
1748009563524.0,1.19059,1.19079
1748009565340.0,1.19057,1.19077
1748009568744.0,1.19059,1.19079
1748009570285.0,1.19057,1.19077
1748009570534.0,1.19062,1.19082
1748009570787.0,1.19063,1.19083
1748009571785.0,1.19066,1.19086
1748009572035.0,1.19067,1.19087
1748009573285.0,1.19065,1.19085
1748009573790.0,1.19067,1.19087
1748009574042.0,1.1907,1.1909
1748009574292.0,1.19069,1.19089
1748009574953.0,1.19067,1.19087
1748009575195.0,1.19068,1.19088
1748009575447.0,1.19066,1.19086
1748009575698.0,1.19067,1.19087
1748009576197.0,1.19068,1.19088
1748009576697.0,1.19069,1.19089
1748009577454.0,1.19063,1.19083
1748009577702.0,1.19064,1.19084
1748009579189.0,1.19063,1.19083
1748009579435.0,1.19062,1.19082
1748009582431.0,1.19063,1.19083
1748009582687.0,1.19061,1.19081
1748009582931.0,1.19059,1.19079
1748009583430.0,1.1906,1.1908
1748009583967.0,1.19062,1.19082
1748009584213.0,1.19059,1.19079
1748009584464.0,1.1906,1.1908
1748009585244.0,1.19059,1.19079
1748009585496.0,1.19057,1.19077
1748009585996.0,1.19059,1.19079
1748009586745.0,1.19057,1.19077
1748009588714.0,1.19056,1.19076
1748009590230.0,1.19064,1.19084
1748009590479.0,1.19065,1.19085
1748009590729.0,1.19066,1.19086
1748009590977.0,1.19069,1.19089
1748009591225.0,1.19067,1.19087
1748009591977.0,1.19066,1.19086
1748009592228.0,1.19068,1.19088
1748009592602.0,1.1907,1.1909
1748009593153.0,1.19069,1.19089
1748009593403.0,1.19065,1.19085
1748009593651.0,1.19062,1.19082
1748009593903.0,1.19064,1.19084
1748009594400.0,1.19063,1.19083
1748009594901.0,1.19064,1.19084
1748009595589.0,1.19062,1.19082
1748009595841.0,1.19063,1.19083
1748009598697.0,1.19064,1.19084
1748009598947.0,1.19063,1.19083
1748009599681.0,1.19065,1.19085
1748009601790.0,1.19067,1.19087
1748009602040.0,1.1907,1.1909
1748009606103.0,1.19071,1.19091
1748009607106.0,1.1907,1.1909
1748009607357.0,1.19072,1.19092
1748009609493.0,1.1907,1.1909
1748009609742.0,1.19072,1.19092
1748009613076.0,1.19069,1.19089
1748009613324.0,1.19071,1.19091
1748009613573.0,1.19069,1.19089
1748009614501.0,1.1907,1.1909
1748009616131.0,1.19072,1.19092
1748009616633.0,1.19073,1.19093
1748009617132.0,1.1907,1.1909
1748009617381.0,1.19072,1.19092
1748009619123.0,1.19073,1.19093
1748009619521.0,1.19072,1.19092
1748009619769.0,1.19074,1.19094
1748009621902.0,1.19075,1.19095
1748009622970.0,1.19074,1.19094
1748009623611.0,1.19073,1.19093
1748009623861.0,1.19068,1.19088
1748009624112.0,1.19067,1.19087
1748009624859.0,1.1907,1.1909
1748009625109.0,1.19072,1.19092
1748009625860.0,1.19071,1.19091
1748009626456.0,1.19072,1.19092
1748009626708.0,1.1907,1.1909
1748009627207.0,1.19072,1.19092
1748009630350.0,1.1907,1.1909
1748009630599.0,1.19072,1.19092
1748009630853.0,1.19071,1.19091
1748009631415.0,1.19069,1.19089
1748009631666.0,1.19067,1.19087
1748009632966.0,1.1906,1.1909
1748009633216.0,1.19062,1.19092
1748009633920.0,1.19067,1.19087
1748009635228.0,1.19062,1.19092
1748009636058.0,1.19065,1.19085
1748009636891.0,1.19061,1.19091
1748009637141.0,1.19062,1.19092
1748009638813.0,1.19057,1.19087
1748009639062.0,1.19062,1.19082
1748009639313.0,1.19055,1.19085
1748009640574.0,1.19059,1.19079
1748009640821.0,1.19058,1.19078
1748009641586.0,1.19059,1.19079
1748009642335.0,1.19058,1.19078
1748009642587.0,1.19057,1.19077
1748009643371.0,1.19055,1.19075
1748009643622.0,1.19056,1.19076
1748009644300.0,1.19057,1.19077
1748009645562.0,1.19056,1.19076
1748009646310.0,1.19057,1.19077
1748009647297.0,1.19058,1.19078
1748009647549.0,1.19055,1.19075
1748009647797.0,1.19057,1.19077
1748009648761.0,1.19056,1.19076
1748009649622.0,1.19057,1.19077
1748009652652.0,1.19059,1.19079
1748009653152.0,1.19057,1.19077
1748009653652.0,1.19056,1.19076
1748009654152.0,1.19057,1.19077
1748009656601.0,1.19055,1.19075
1748009656845.0,1.1905,1.1908
1748009658243.0,1.19057,1.19077
1748009659119.0,1.19056,1.19076
1748009660062.0,1.19053,1.19073
1748009660566.0,1.19049,1.19069
1748009660817.0,1.19046,1.19066
1748009661067.0,1.19045,1.19065
1748009661315.0,1.19048,1.19068
1748009662354.0,1.19047,1.19067
1748009662854.0,1.19048,1.19068
1748009664055.0,1.1905,1.1907
1748009665060.0,1.19052,1.19072
1748009665310.0,1.19051,1.19071
1748009665992.0,1.1905,1.1907
1748009668840.0,1.19045,1.19065
1748009669690.0,1.19044,1.19064
1748009669941.0,1.1904,1.1906
1748009670189.0,1.19043,1.19063
1748009671068.0,1.19045,1.19065
1748009671563.0,1.19047,1.19067
1748009672241.0,1.19046,1.19066
1748009674047.0,1.19047,1.19067
1748009675047.0,1.19045,1.19065
1748009676451.0,1.19047,1.19067
1748009676985.0,1.19046,1.19066
1748009677487.0,1.19045,1.19065
1748009677740.0,1.19043,1.19063
1748009677988.0,1.19045,1.19065
1748009678483.0,1.19044,1.19064
1748009681493.0,1.19043,1.19063
1748009682354.0,1.19044,1.19064
1748009682606.0,1.19043,1.19063
1748009683667.0,1.19044,1.19064
1748009684167.0,1.19045,1.19065
1748009686159.0,1.19046,1.19066
1748009688761.0,1.19047,1.19067
1748009689012.0,1.19045,1.19065
1748009689262.0,1.19048,1.19068
1748009689511.0,1.19047,1.19067
1748009689759.0,1.19048,1.19068
1748009690725.0,1.19047,1.19067
1748009690975.0,1.19048,1.19068
1748009692911.0,1.19049,1.19069
1748009693462.0,1.19048,1.19068
1748009699621.0,1.19051,1.19071
1748009699872.0,1.1905,1.1907
1748009700122.0,1.19048,1.19068
1748009700622.0,1.1905,1.1907
1748009705341.0,1.19048,1.19068
1748009705592.0,1.19051,1.19071
1748009706462.0,1.19052,1.19072
1748009708485.0,1.1905,1.1907
1748009710579.0,1.19049,1.19069
1748009710831.0,1.1905,1.1907
1748009712733.0,1.19049,1.19069
1748009713484.0,1.1905,1.1907
1748009713983.0,1.19051,1.19071
1748009715742.0,1.19052,1.19072
1748009716239.0,1.19051,1.19071
1748009717692.0,1.19052,1.19072
1748009717941.0,1.19053,1.19073
1748009718193.0,1.19051,1.19071
1748009718690.0,1.19052,1.19072
1748009720998.0,1.19053,1.19073
1748009721247.0,1.19051,1.19071
1748009721497.0,1.19055,1.19075
1748009723402.0,1.19053,1.19073
1748009723650.0,1.19055,1.19075
1748009724156.0,1.19054,1.19074
1748009724914.0,1.19053,1.19073
1748009725166.0,1.1905,1.1907
1748009726165.0,1.19051,1.19071
1748009727203.0,1.1905,1.1907
1748009730202.0,1.19052,1.19072
1748009731201.0,1.19051,1.19071
1748009733200.0,1.1905,1.1907
1748009734078.0,1.19052,1.19072
1748009734327.0,1.19045,1.19065
1748009734576.0,1.19043,1.19063
1748009735327.0,1.19041,1.19061
1748009735577.0,1.19044,1.19064
1748009736515.0,1.19043,1.19063
1748009738233.0,1.19042,1.19062
1748009738486.0,1.19043,1.19063
1748009740041.0,1.19044,1.19064
1748009740285.0,1.19043,1.19063
1748009740538.0,1.19044,1.19064
1748009741037.0,1.19045,1.19065
1748009741287.0,1.19043,1.19063
1748009742081.0,1.19044,1.19064
1748009743529.0,1.1904,1.1906
1748009743779.0,1.19042,1.19062
1748009744814.0,1.1904,1.1906
1748009745421.0,1.19039,1.19059
1748009745916.0,1.1904,1.1906
1748009749807.0,1.19039,1.19059
1748009750070.0,1.19038,1.19058
1748009750318.0,1.1904,1.1906
1748009751148.0,1.19041,1.19061
1748009753156.0,1.1904,1.1906
1748009755658.0,1.19041,1.19061
1748009755907.0,1.19043,1.19063
1748009757479.0,1.19042,1.19062
1748009757979.0,1.19043,1.19063
1748009758230.0,1.19042,1.19062
1748009758479.0,1.19041,1.19061
1748009760012.0,1.19035,1.19065
1748009760266.0,1.19036,1.19066
1748009760517.0,1.19038,1.19058
1748009762319.0,1.19036,1.19056
1748009762817.0,1.19031,1.19051
1748009763068.0,1.19033,1.19053
1748009763317.0,1.19034,1.19054
1748009763567.0,1.19036,1.19056
1748009765502.0,1.19033,1.19053
1748009767598.0,1.19031,1.19051
1748009770140.0,1.19029,1.19049
1748009770388.0,1.19026,1.19046
1748009770890.0,1.19027,1.19047
1748009771389.0,1.19028,1.19048
1748009775176.0,1.19026,1.19046
1748009776307.0,1.19027,1.19047
1748009777141.0,1.19024,1.19044
1748009777387.0,1.19025,1.19045
1748009777770.0,1.19026,1.19046
1748009778022.0,1.19023,1.19043
1748009778271.0,1.19021,1.19041
1748009778520.0,1.19023,1.19043
1748009778770.0,1.19022,1.19042
1748009779674.0,1.19023,1.19043
1748009780915.0,1.19021,1.19041
1748009781166.0,1.1902,1.1904
1748009781415.0,1.19017,1.19037
1748009781667.0,1.19016,1.19036
1748009781916.0,1.19014,1.19034
1748009782167.0,1.19018,1.19038
1748009782417.0,1.1902,1.1904
1748009782668.0,1.19021,1.19041
1748009782918.0,1.19023,1.19043
1748009784560.0,1.19022,1.19042
1748009784811.0,1.19021,1.19041
1748009785060.0,1.19022,1.19042
1748009785311.0,1.19018,1.19038
1748009785561.0,1.19017,1.19037
1748009786062.0,1.19015,1.19035
1748009786561.0,1.19014,1.19034
1748009786812.0,1.19015,1.19035
1748009787062.0,1.19014,1.19034
1748009787718.0,1.19013,1.19033
1748009787969.0,1.19008,1.19028
1748009788218.0,1.19011,1.19031
1748009792394.0,1.1901,1.1903
1748009793142.0,1.19009,1.19029
1748009795869.0,1.19006,1.19026
1748009796118.0,1.19007,1.19027
1748009796616.0,1.19003,1.19033
1748009797724.0,1.19009,1.19029
1748009798223.0,1.19006,1.19026
1748009798971.0,1.19004,1.19024
1748009800223.0,1.19003,1.19023
1748009800472.0,1.19004,1.19024
1748009800723.0,1.19003,1.19023
1748009801223.0,1.19002,1.19022
1748009803477.0,1.19001,1.19021
1748009804229.0,1.19002,1.19022
1748009805128.0,1.19001,1.19021
1748009805635.0,1.19002,1.19022
1748009807955.0,1.19003,1.19023
1748009808208.0,1.19002,1.19022
1748009808454.0,1.19001,1.19021
1748009810256.0,1.18999,1.19019
1748009810508.0,1.19009,1.19029
1748009810756.0,1.19008,1.19028
1748009810994.0,1.19009,1.19029
1748009811698.0,1.1901,1.1903
1748009812682.0,1.19009,1.19029
1748009812930.0,1.19011,1.19031
1748009813612.0,1.1901,1.1903
1748009813861.0,1.19009,1.19029
1748009814451.0,1.1901,1.1903
1748009814702.0,1.19009,1.19029
1748009819813.0,1.1901,1.1903
1748009820391.0,1.19009,1.19029
1748009820640.0,1.1901,1.1903
1748009821392.0,1.19016,1.19036
1748009821889.0,1.19018,1.19038
1748009822390.0,1.19017,1.19037
1748009822641.0,1.19018,1.19038
1748009822896.0,1.19022,1.19042
1748009823146.0,1.1902,1.1904
1748009823394.0,1.19022,1.19042
1748009823772.0,1.19021,1.19041
1748009825827.0,1.1902,1.1904
1748009826493.0,1.19021,1.19041
1748009828184.0,1.1902,1.1904
1748009828434.0,1.19019,1.19039
1748009828687.0,1.1902,1.1904
1748009829183.0,1.19021,1.19041
1748009833722.0,1.19022,1.19042
1748009835123.0,1.19021,1.19041
1748009837371.0,1.1902,1.1904
1748009837621.0,1.19023,1.19043
1748009838121.0,1.19022,1.19042
1748009839551.0,1.19023,1.19043
1748009840517.0,1.19022,1.19042
1748009841017.0,1.19023,1.19043
1748009841719.0,1.19024,1.19044
1748009841971.0,1.19028,1.19048
1748009842827.0,1.19029,1.19049
1748009843824.0,1.19028,1.19048
1748009844070.0,1.19029,1.19049
1748009844320.0,1.1903,1.1905
1748009844820.0,1.19031,1.19051
1748009845322.0,1.1903,1.1905
1748009845570.0,1.19029,1.19049
1748009846275.0,1.19028,1.19048
1748009846525.0,1.19027,1.19047
1748009847025.0,1.19026,1.19046
1748009847527.0,1.19028,1.19048
1748009847776.0,1.19031,1.19051
1748009849013.0,1.19032,1.19052
1748009849961.0,1.19031,1.19051
1748009853236.0,1.1903,1.1905
1748009853485.0,1.19026,1.19046
1748009853735.0,1.19027,1.19047
1748009853984.0,1.19028,1.19048
1748009854742.0,1.19029,1.19049
1748009856259.0,1.19028,1.19048
1748009856516.0,1.19027,1.19047
1748009856760.0,1.19028,1.19048
1748009858337.0,1.19029,1.19049
1748009859614.0,1.1903,1.1905
1748009860275.0,1.19031,1.19051
1748009864852.0,1.19035,1.19055
1748009865102.0,1.19034,1.19054
1748009865343.0,1.19035,1.19055
1748009866014.0,1.19033,1.19053
1748009866265.0,1.19023,1.19043
1748009870089.0,1.19021,1.19041
1748009870340.0,1.19023,1.19043
1748009871970.0,1.19024,1.19044
1748009872217.0,1.19023,1.19043
1748009872448.0,1.19024,1.19044
1748009872947.0,1.19022,1.19042
1748009873197.0,1.19023,1.19043
1748009873447.0,1.19024,1.19044
1748009873699.0,1.19025,1.19045
1748009874280.0,1.19024,1.19044
1748009876845.0,1.19027,1.19047
1748009877345.0,1.19028,1.19048
1748009878806.0,1.19029,1.19049
1748009882081.0,1.1903,1.1905
1748009882580.0,1.19029,1.19049
1748009885281.0,1.1903,1.1905
1748009885940.0,1.19028,1.19048
1748009886190.0,1.19029,1.19049
1748009886442.0,1.1903,1.1905
1748009887437.0,1.19036,1.19056
1748009889743.0,1.19037,1.19057
1748009889989.0,1.19041,1.19061
1748009891223.0,1.19043,1.19063
1748009891474.0,1.19042,1.19062
1748009891725.0,1.19038,1.19058
1748009892225.0,1.1904,1.1906
1748009892475.0,1.19041,1.19061
1748009892726.0,1.19042,1.19062
1748009893225.0,1.19041,1.19061
1748009893890.0,1.19043,1.19063
1748009894507.0,1.19042,1.19062
1748009897650.0,1.1904,1.1906
1748009898146.0,1.19039,1.19059
1748009898395.0,1.1904,1.1906
1748009898886.0,1.19042,1.19062
1748009899391.0,1.1904,1.1906
1748009899788.0,1.19041,1.19061
1748009900040.0,1.1904,1.1906
1748009900601.0,1.19042,1.19062
1748009900849.0,1.19041,1.19061
1748009901350.0,1.19042,1.19062
1748009901599.0,1.19041,1.19061
1748009902099.0,1.1904,1.1906
1748009902350.0,1.19041,1.19061
1748009902857.0,1.1904,1.1906
1748009903364.0,1.19043,1.19063
1748009904824.0,1.19042,1.19062
1748009905075.0,1.19043,1.19063
1748009907281.0,1.19042,1.19062
1748009907531.0,1.19043,1.19063
1748009909033.0,1.19044,1.19064
1748009910516.0,1.19043,1.19063
1748009910767.0,1.19048,1.19068
1748009911615.0,1.19049,1.19069
1748009912113.0,1.19048,1.19068
1748009912612.0,1.1905,1.1907
1748009912862.0,1.19051,1.19071
1748009913630.0,1.19053,1.19073
1748009914791.0,1.19052,1.19072
1748009915442.0,1.19051,1.19071
1748009916479.0,1.1905,1.1907
1748009916976.0,1.19052,1.19072
1748009917225.0,1.1905,1.1907
1748009917728.0,1.19052,1.19072
1748009918640.0,1.19053,1.19073
1748009919667.0,1.19052,1.19072
1748009920882.0,1.19053,1.19073
1748009922267.0,1.19051,1.19071
1748009923016.0,1.1905,1.1907
1748009923765.0,1.19047,1.19077
1748009924017.0,1.19056,1.19076
1748009924265.0,1.19055,1.19075
1748009924755.0,1.19048,1.19078
1748009925004.0,1.19055,1.19075
1748009925247.0,1.19049,1.19079
1748009925747.0,1.19055,1.19075
1748009926248.0,1.1905,1.1908
1748009926498.0,1.19056,1.19076
1748009926748.0,1.19048,1.19078
1748009926999.0,1.1905,1.1908
1748009928179.0,1.19051,1.19081
1748009928827.0,1.19056,1.19076
1748009929076.0,1.19057,1.19077
1748009929324.0,1.19052,1.19082
1748009930594.0,1.19059,1.19079
1748009931008.0,1.19051,1.19081
1748009931508.0,1.19057,1.19077
1748009933210.0,1.19056,1.19076
1748009934340.0,1.19057,1.19077
1748009935880.0,1.19058,1.19078
1748009936380.0,1.1906,1.1908
1748009936883.0,1.19057,1.19077
1748009939109.0,1.19051,1.19081
1748009939610.0,1.19057,1.19077
1748009939861.0,1.19059,1.19079
1748009940110.0,1.19058,1.19078
1748009940820.0,1.19059,1.19079
1748009941066.0,1.1906,1.1908
1748009941430.0,1.19059,1.19079
1748009944634.0,1.19053,1.19083
1748009945439.0,1.19052,1.19082
1748009946158.0,1.19053,1.19083
1748009946661.0,1.19059,1.19079
1748009947675.0,1.19053,1.19083
1748009948475.0,1.19058,1.19078
1748009951960.0,1.19057,1.19077
1748009954209.0,1.1906,1.1908
1748009960684.0,1.19061,1.19081
1748009960936.0,1.19063,1.19083
1748009961761.0,1.19062,1.19082
1748009968473.0,1.19061,1.19081
1748009968724.0,1.19058,1.19078
1748009968973.0,1.19059,1.19079
1748009969561.0,1.19058,1.19078
1748009972119.0,1.19057,1.19077
1748009973140.0,1.19055,1.19075
1748009973388.0,1.19053,1.19073
1748009974140.0,1.19055,1.19075
1748009977817.0,1.1906,1.1908
1748009978065.0,1.19061,1.19081
1748009978313.0,1.19062,1.19082
1748009979516.0,1.19058,1.19078
1748009981696.0,1.1906,1.1908
1748009982449.0,1.19061,1.19081
1748009982697.0,1.19059,1.19079
1748009983199.0,1.19055,1.19075
1748009983698.0,1.19051,1.19081
1748009983948.0,1.19057,1.19077
1748009985511.0,1.1905,1.1908
1748009987641.0,1.19057,1.19077
1748009988421.0,1.1905,1.1908
1748009990172.0,1.19058,1.19078
1748009991005.0,1.19057,1.19077
1748009992255.0,1.19055,1.19075
1748009993280.0,1.19047,1.19077
1748009994171.0,1.1904,1.1907
1748009994422.0,1.19044,1.19064
1748009995261.0,1.19046,1.19066
1748009995510.0,1.19045,1.19065
1748009995761.0,1.1904,1.1907
1748009996012.0,1.19045,1.19065
1748009996263.0,1.19039,1.19069
1748009996512.0,1.19041,1.19071
1748009997008.0,1.19047,1.19067
1748009997510.0,1.19048,1.19068
1748009997760.0,1.1904,1.1907
1748009998430.0,1.19041,1.19071
1748009999516.0,1.19044,1.19064
1748009999766.0,1.19045,1.19065
1748010000013.0,1.19044,1.19064
1748010000351.0,1.19043,1.19063
1748010000852.0,1.19038,1.19068
1748010001102.0,1.19037,1.19067
1748010001853.0,1.19044,1.19064
1748010003350.0,1.19045,1.19065
1748010004480.0,1.19043,1.19063
1748010004729.0,1.19044,1.19064
1748010005479.0,1.19043,1.19063
1748010005728.0,1.19044,1.19064
1748010006398.0,1.19045,1.19065
1748010007861.0,1.19044,1.19064
1748010010381.0,1.19045,1.19065
1748010010632.0,1.19044,1.19064
1748010011132.0,1.19043,1.19063
1748010011631.0,1.19044,1.19064
1748010012133.0,1.19042,1.19062
1748010013189.0,1.19036,1.19066
1748010013442.0,1.19038,1.19068
1748010014694.0,1.19044,1.19064
1748010014944.0,1.19045,1.19065
1748010017380.0,1.19044,1.19064
1748010018621.0,1.19038,1.19068
1748010019122.0,1.19043,1.19063
1748010021886.0,1.19042,1.19062
1748010022641.0,1.19037,1.19067
1748010022889.0,1.1905,1.1907
1748010023141.0,1.19043,1.19073
1748010023639.0,1.19049,1.19069
1748010024379.0,1.1905,1.1907
1748010025129.0,1.19043,1.19073
1748010025630.0,1.1905,1.1908
1748010025879.0,1.19056,1.19076
1748010026130.0,1.19055,1.19075
1748010026388.0,1.19057,1.19077
1748010026635.0,1.19051,1.19081
1748010026884.0,1.1905,1.1908
1748010027382.0,1.19052,1.19082
1748010028014.0,1.19057,1.19077
1748010029331.0,1.19053,1.19083
1748010029581.0,1.19059,1.19079
1748010029831.0,1.19058,1.19078
1748010030490.0,1.19059,1.19079
1748010031195.0,1.1906,1.1908
1748010031447.0,1.19055,1.19085
1748010031697.0,1.19053,1.19083
1748010032533.0,1.19057,1.19077
1748010034288.0,1.19056,1.19076
1748010034540.0,1.19057,1.19077
1748010034790.0,1.1905,1.1908
1748010036040.0,1.19057,1.19077
1748010036290.0,1.19059,1.19079
1748010038565.0,1.19058,1.19078
1748010038815.0,1.19052,1.19082
1748010039886.0,1.19056,1.19076
1748010040643.0,1.19049,1.19079
1748010042215.0,1.19054,1.19074
1748010044562.0,1.19055,1.19075
1748010044819.0,1.1906,1.1908
1748010045319.0,1.19058,1.19078
1748010046567.0,1.19059,1.19079
1748010046817.0,1.19061,1.19081
1748010047059.0,1.19055,1.19085
1748010047308.0,1.19056,1.19086
1748010047829.0,1.19061,1.19081
1748010048078.0,1.19062,1.19082
1748010048330.0,1.19061,1.19081
1748010048579.0,1.19062,1.19082
1748010048828.0,1.19056,1.19086
1748010049736.0,1.19062,1.19082
1748010050829.0,1.19055,1.19085
1748010051329.0,1.19062,1.19082
1748010056190.0,1.19061,1.19081
1748010059042.0,1.19056,1.19086
1748010059291.0,1.19057,1.19087
1748010059542.0,1.19062,1.19082
1748010059788.0,1.19063,1.19083
1748010060926.0,1.19064,1.19084
1748010061948.0,1.19059,1.19089
1748010063246.0,1.19064,1.19084
1748010063748.0,1.19055,1.19075
1748010063996.0,1.19054,1.19074
1748010064246.0,1.19047,1.19077
1748010064495.0,1.19054,1.19074
1748010064996.0,1.19055,1.19075
1748010067122.0,1.19054,1.19074
1748010067372.0,1.19053,1.19073
1748010067874.0,1.19045,1.19075
1748010068373.0,1.19044,1.19074
1748010069121.0,1.1905,1.1907
1748010071697.0,1.19045,1.19075
1748010071948.0,1.19041,1.19071
1748010072200.0,1.1904,1.1907
1748010072450.0,1.19041,1.19071
1748010073946.0,1.19048,1.19068
1748010075044.0,1.1904,1.1907
1748010075547.0,1.19045,1.19065
1748010076559.0,1.1904,1.1907
1748010076809.0,1.19046,1.19066
1748010077786.0,1.19042,1.19072
1748010078490.0,1.19048,1.19068
1748010078982.0,1.19043,1.19073
1748010079231.0,1.19049,1.19069
1748010079478.0,1.1904,1.1907
1748010079727.0,1.19037,1.19067
1748010080227.0,1.19038,1.19068
1748010080477.0,1.19043,1.19063
1748010080727.0,1.19044,1.19064
1748010084457.0,1.19037,1.19067
1748010084707.0,1.19044,1.19064
1748010084957.0,1.19038,1.19068
1748010085619.0,1.19044,1.19064
1748010087898.0,1.19045,1.19065
1748010089884.0,1.19038,1.19068
1748010090135.0,,1.19058
1748010090385.0,1.1904,1.1906
1748010093156.0,1.19039,1.19059
1748010094019.0,1.1904,1.1906
1748010094943.0,1.19041,1.19061
1748010097031.0,1.1904,1.1906
1748010098284.0,1.19037,1.19067
1748010098531.0,1.19043,1.19063
1748010099293.0,1.19047,1.19067
1748010099542.0,1.19048,1.19068
1748010101251.0,1.19043,1.19073
1748010101502.0,1.19047,1.19067
1748010102018.0,1.19048,1.19068
1748010106351.0,1.19047,1.19067
1748010106603.0,1.19043,1.19063
1748010108898.0,1.19037,1.19067
1748010109147.0,1.19044,1.19064
1748010110981.0,1.19043,1.19063
1748010111231.0,1.19044,1.19064
1748010111730.0,1.19041,1.19071
1748010111976.0,1.19038,1.19068
1748010112512.0,1.19045,1.19065
1748010114930.0,1.19044,1.19064
1748010115683.0,1.19041,1.19071
1748010116181.0,1.19048,1.19068
1748010116620.0,1.19047,1.19067
1748010117914.0,1.19048,1.19068
1748010121196.0,1.19045,1.19075
1748010121446.0,1.19051,1.19071
1748010121695.0,1.19053,1.19073
1748010122199.0,1.19048,1.19078
1748010122444.0,1.19054,1.19074
1748010123041.0,1.19055,1.19075
1748010123745.0,1.19049,1.19079
1748010124000.0,1.19056,1.19076
1748010124251.0,1.1905,1.1908
1748010125011.0,1.19057,1.19077
1748010125262.0,1.1905,1.1908
1748010125763.0,1.19049,1.19079
1748010126010.0,1.19048,1.19078
1748010127027.0,1.19049,1.19079
1748010127530.0,1.1905,1.1908
1748010128027.0,1.19052,1.19082
1748010128278.0,1.19058,1.19078
1748010129120.0,1.19059,1.19079
1748010129372.0,1.19053,1.19083
1748010129620.0,1.1906,1.1908
1748010130678.0,1.19055,1.19085
1748010131399.0,1.19062,1.19082
1748010133014.0,1.19055,1.19085
1748010137266.0,1.1906,1.1908
1748010137514.0,1.19059,1.19079
1748010137765.0,1.19053,1.19083
1748010138261.0,1.1906,1.1908
1748010140257.0,1.19048,1.19078
1748010140783.0,1.19051,1.19071
1748010141778.0,1.19045,1.19065
1748010142914.0,1.19044,1.19064
1748010143165.0,1.19043,1.19063
1748010143667.0,1.19041,1.19061
1748010144662.0,1.19042,1.19062
1748010144912.0,1.19044,1.19064
1748010145414.0,1.19045,1.19065
1748010146100.0,1.19043,1.19063
1748010146350.0,1.19042,1.19072
1748010146591.0,1.19045,1.19065
1748010147863.0,1.19047,1.19067
1748010148110.0,1.19048,1.19068
1748010148361.0,1.19043,1.19063
1748010149219.0,1.19044,1.19064
1748010149718.0,1.19042,1.19062
1748010151176.0,1.19045,1.19065
1748010152191.0,1.19043,1.19063
1748010152694.0,1.19042,1.19062
1748010152943.0,1.19043,1.19063
1748010154001.0,1.19041,1.19061
1748010154503.0,1.19036,1.19056
1748010154752.0,1.19034,1.19054
1748010157402.0,1.19033,1.19053
1748010157656.0,1.19027,1.19047
1748010158150.0,1.19028,1.19048
1748010164664.0,1.19027,1.19047
1748010165160.0,1.19026,1.19046
1748010166006.0,1.19025,1.19045
1748010166256.0,1.19026,1.19046
1748010167224.0,1.19025,1.19045
1748010167473.0,1.19021,1.19041
1748010167723.0,1.1902,1.1904
1748010169197.0,1.19023,1.19043
1748010169448.0,1.19021,1.19041
1748010169695.0,1.19023,1.19043
1748010169946.0,1.19025,1.19045
1748010170446.0,1.19027,1.19047
1748010171196.0,1.19026,1.19046
1748010171699.0,1.19028,1.19048
1748010172697.0,1.19027,1.19047
1748010173141.0,1.19028,1.19048
1748010174592.0,1.19029,1.19049
1748010174840.0,1.1903,1.1905
1748010177303.0,1.19031,1.19051
1748010177624.0,1.1903,1.1905
1748010177874.0,1.19031,1.19051
1748010178374.0,1.19026,1.19056
1748010179123.0,1.19027,1.19057
1748010179374.0,1.19026,1.19056
1748010179875.0,1.19031,1.19051
1748010180124.0,1.19028,1.19048
1748010180376.0,1.19029,1.19049
1748010181204.0,1.19028,1.19048
1748010182205.0,1.19029,1.19049
1748010182705.0,1.19021,1.19051
1748010182956.0,1.19028,1.19048
1748010183521.0,1.19027,1.19047
1748010183772.0,1.19022,1.19052
1748010184023.0,1.19028,1.19048
1748010184271.0,1.19023,1.19053
1748010186602.0,1.19028,1.19048
1748010187092.0,1.19029,1.19049
1748010187342.0,1.19028,1.19048
1748010187598.0,1.19029,1.19049
1748010188340.0,1.19028,1.19048
1748010188591.0,1.19032,1.19052
1748010188841.0,1.19033,1.19053
1748010189840.0,1.19034,1.19054
1748010190340.0,1.19028,1.19058
1748010191089.0,1.19034,1.19054
1748010192089.0,1.19035,1.19055
1748010192342.0,1.19036,1.19056
1748010193330.0,1.19028,1.19058
1748010193580.0,1.1903,1.1905
1748010193829.0,1.19031,1.19051
1748010194082.0,1.19027,1.19047
1748010194331.0,1.19028,1.19048
1748010194577.0,1.19027,1.19047
1748010194828.0,1.19028,1.19048
1748010195581.0,1.19025,1.19045
1748010196297.0,1.19023,1.19043
1748010197464.0,1.19022,1.19042
1748010198215.0,1.19023,1.19043
1748010198714.0,1.19021,1.19041
1748010199216.0,1.19023,1.19043
1748010201642.0,1.19026,1.19046
1748010201889.0,1.19024,1.19044
1748010202140.0,1.19023,1.19043
1748010202676.0,1.19025,1.19045
1748010202927.0,1.19026,1.19046
1748010203449.0,1.19023,1.19043
1748010204194.0,1.19021,1.19041
1748010205828.0,1.19023,1.19043
1748010207082.0,1.19028,1.19048
1748010207587.0,1.19029,1.19049
1748010207832.0,1.1903,1.1905
1748010208082.0,1.19028,1.19048
1748010208835.0,1.19026,1.19046
1748010209082.0,1.19023,1.19043
1748010209333.0,1.19021,1.19041
1748010209923.0,1.19023,1.19043
1748010210172.0,1.19026,1.19046
1748010212600.0,1.19025,1.19045
1748010212852.0,1.19026,1.19046
1748010214136.0,1.19027,1.19047
1748010215931.0,1.19026,1.19046
1748010217542.0,1.19027,1.19047
1748010218043.0,1.19028,1.19048
1748010218298.0,1.19026,1.19046
1748010218795.0,1.19024,1.19044
1748010219271.0,1.19023,1.19043
1748010219520.0,1.19024,1.19044
1748010220700.0,1.19025,1.19045
1748010222701.0,1.19026,1.19046
1748010225014.0,1.19025,1.19045
1748010225652.0,1.19024,1.19044
1748010225903.0,1.19023,1.19043
1748010226154.0,1.19028,1.19048
1748010226400.0,1.19027,1.19047
1748010228112.0,1.19026,1.19046
1748010228361.0,1.19028,1.19048
1748010228611.0,1.1903,1.1905
1748010228861.0,1.19033,1.19053
1748010230413.0,1.19034,1.19054
1748010230912.0,1.19035,1.19055
1748010231697.0,1.19033,1.19053
1748010232203.0,1.19035,1.19055
1748010232455.0,1.19036,1.19056
1748010232703.0,1.19038,1.19058
1748010232948.0,1.19036,1.19056
1748010233448.0,1.19039,1.19059
1748010234276.0,1.19041,1.19061
1748010234525.0,1.19038,1.19058
1748010235022.0,1.1904,1.1906
1748010236053.0,1.19039,1.19059
1748010236302.0,1.19038,1.19058
1748010236553.0,1.1904,1.1906
1748010239105.0,1.19039,1.19059
1748010240419.0,1.19037,1.19057
1748010240670.0,1.19036,1.19056
1748010241935.0,1.1904,1.1906
1748010242440.0,1.19043,1.19063
1748010242936.0,1.19044,1.19064
1748010243185.0,1.19046,1.19066
1748010243440.0,1.19047,1.19067
1748010244007.0,1.19046,1.19066
1748010247089.0,1.19048,1.19068
1748010248172.0,1.1905,1.1907
1748010250234.0,1.19049,1.19069
1748010250484.0,1.19048,1.19068
1748010251697.0,1.19047,1.19067
1748010255314.0,1.19044,1.19064
1748010256056.0,1.19045,1.19065
1748010256307.0,1.19047,1.19067
1748010256561.0,1.19044,1.19064
1748010256811.0,1.19043,1.19063
1748010258085.0,1.1904,1.1906
1748010258586.0,1.19038,1.19058
1748010258836.0,1.1904,1.1906
1748010259336.0,1.19038,1.19058
1748010259585.0,1.19039,1.19059
1748010260360.0,1.1904,1.1906
1748010261644.0,1.19038,1.19058
1748010262890.0,1.19036,1.19056
1748010266467.0,1.19034,1.19054
1748010266967.0,1.19033,1.19053
1748010267593.0,1.19035,1.19055
1748010267845.0,1.19036,1.19056
1748010269198.0,1.19037,1.19057
1748010269448.0,1.19039,1.19059
1748010269947.0,1.19038,1.19058
1748010270447.0,1.19036,1.19056
1748010270698.0,1.19035,1.19055
1748010270948.0,1.19036,1.19056
1748010271198.0,1.19035,1.19055
1748010271447.0,1.1903,1.1906
1748010274592.0,1.19036,1.19056
1748010274843.0,1.19037,1.19057
1748010275095.0,1.19038,1.19058
1748010275891.0,1.19037,1.19057
1748010277876.0,1.19036,1.19056
1748010278639.0,1.19035,1.19055
1748010278883.0,1.19036,1.19056
1748010280040.0,1.19034,1.19054
1748010281699.0,1.19037,1.19057
1748010282198.0,1.19036,1.19056
1748010282447.0,1.19038,1.19058
1748010282958.0,1.19037,1.19057
1748010283458.0,1.19036,1.19056
1748010284363.0,1.19037,1.19057
1748010285591.0,1.19036,1.19056
1748010286230.0,1.19035,1.19055
1748010287230.0,1.19036,1.19056
1748010291133.0,1.1903,1.1906
1748010297350.0,1.19031,1.19061
1748010297602.0,1.19037,1.19057
1748010297851.0,1.19036,1.19056
1748010299031.0,1.19033,1.19053
1748010299710.0,1.19034,1.19054
1748010300458.0,1.19036,1.19056
1748010303344.0,1.19035,1.19055
1748010303594.0,1.19036,1.19056
1748010305948.0,1.1904,1.1906
1748010306721.0,1.19041,1.19061
1748010307975.0,1.19035,1.19055
1748010308226.0,1.19034,1.19054
1748010309061.0,1.19035,1.19055
1748010310062.0,1.19034,1.19054
1748010314900.0,1.19036,1.19056
1748010315150.0,1.19038,1.19058
1748010316062.0,1.1904,1.1906
1748010316918.0,1.19037,1.19057
1748010317919.0,1.19038,1.19058
1748010319924.0,1.1904,1.1906
1748010320822.0,1.19042,1.19062
1748010321069.0,1.19043,1.19063
1748010321319.0,1.19045,1.19065
1748010322368.0,1.19053,1.19073
1748010322617.0,1.19054,1.19074
1748010322869.0,1.19052,1.19072
1748010323117.0,1.19054,1.19074
1748010323368.0,1.19053,1.19073
1748010324116.0,1.19054,1.19074
1748010324368.0,1.19055,1.19075
1748010324619.0,1.19057,1.19077
1748010324867.0,1.19059,1.19079
1748010325118.0,1.19061,1.19081
1748010325367.0,1.19059,1.19079
1748010325618.0,1.1906,1.1908
1748010326118.0,1.19058,1.19078
1748010326368.0,1.19059,1.19079
1748010326868.0,1.19058,1.19078
1748010327118.0,1.19057,1.19077
1748010328120.0,1.19055,1.19075
1748010330111.0,1.19056,1.19076
1748010330615.0,1.19057,1.19077
1748010334828.0,1.1906,1.1908
1748010336030.0,1.19058,1.19078
1748010336279.0,1.19059,1.19079
1748010336530.0,1.1906,1.1908
1748010337280.0,1.19058,1.19078
1748010337531.0,1.19059,1.19079
1748010338587.0,1.1906,1.1908
1748010339090.0,1.19059,1.19079
1748010339340.0,1.19065,1.19085
1748010340088.0,1.19068,1.19088
1748010340588.0,1.19065,1.19085
1748010341962.0,1.19068,1.19088
1748010342200.0,1.19065,1.19085
1748010342450.0,1.19064,1.19084
1748010343476.0,1.19073,1.19093
1748010343725.0,1.19074,1.19094
1748010344227.0,1.19073,1.19093
1748010344727.0,1.19074,1.19094
1748010346179.0,1.19075,1.19095
1748010347368.0,1.19074,1.19094
1748010347619.0,1.19073,1.19093
1748010348160.0,1.19074,1.19094
1748010348782.0,1.19073,1.19093
1748010349032.0,1.19077,1.19097
1748010349278.0,1.19076,1.19096
1748010350291.0,1.19077,1.19097
1748010352888.0,1.19078,1.19098
1748010353141.0,1.19079,1.19099
1748010353929.0,1.19078,1.19098
1748010354181.0,1.19081,1.19101
1748010354536.0,1.19083,1.19103
1748010354789.0,1.19087,1.19107
1748010355039.0,1.19086,1.19106
1748010355537.0,1.19084,1.19104
1748010355787.0,1.19083,1.19103
1748010357282.0,1.19082,1.19102
1748010357532.0,1.19083,1.19103
1748010358030.0,1.19084,1.19104
1748010359046.0,1.19086,1.19106
1748010359298.0,1.19085,1.19105
1748010359881.0,1.19084,1.19104
1748010360882.0,1.19085,1.19105
1748010361141.0,1.19086,1.19106
1748010363593.0,1.19087,1.19107
1748010364341.0,1.19086,1.19106
1748010364842.0,1.1909,1.1911
1748010366752.0,1.19089,1.19109
1748010368088.0,1.19088,1.19108
1748010369085.0,1.19087,1.19107
1748010372744.0,1.19086,1.19106
1748010372992.0,1.19081,1.19101
1748010373242.0,1.19082,1.19102
1748010373976.0,1.19083,1.19103
1748010374521.0,1.19082,1.19102
1748010376503.0,1.19081,1.19101
1748010377004.0,1.1908,1.191
1748010377949.0,1.19079,1.19099
1748010378743.0,1.19081,1.19101
1748010378995.0,1.19082,1.19102
1748010380582.0,1.19083,1.19103
1748010380834.0,1.19082,1.19102
1748010382483.0,1.19079,1.19099
1748010382736.0,1.19081,1.19101
1748010382988.0,1.19082,1.19102
1748010383486.0,1.19081,1.19101
1748010384126.0,1.1908,1.191
1748010385340.0,1.19079,1.19099
1748010386613.0,1.19084,1.19104
1748010386862.0,1.1909,1.1911
1748010387114.0,1.19092,1.19112
1748010387362.0,1.19085,1.19115
1748010387612.0,1.19082,1.19112
1748010387863.0,1.19092,
1748010388362.0,1.1909,1.1911
1748010388613.0,1.19091,1.19111
1748010388862.0,1.19092,1.19112
1748010389111.0,1.19098,1.19118
1748010389359.0,1.19099,1.19119
1748010390109.0,1.19096,1.19116
1748010390360.0,1.19098,1.19118
1748010391110.0,1.19095,1.19115
1748010391360.0,1.19094,1.19114
1748010391610.0,1.19096,1.19116
1748010391859.0,1.19089,1.19119
1748010392435.0,1.19087,1.19117
1748010392934.0,1.19089,1.19109
1748010393183.0,1.19084,1.19114
1748010393433.0,1.19085,1.19115
1748010393684.0,1.19086,1.19116
1748010393934.0,1.19085,1.19115
1748010394435.0,1.19094,1.19114
1748010394934.0,1.19093,1.19113
1748010395435.0,1.19092,1.19112
1748010395684.0,1.19091,1.19111
1748010395934.0,1.19092,1.19112
1748010396185.0,1.19086,1.19116
1748010396434.0,1.19085,1.19115
1748010396940.0,1.19086,1.19116
1748010397692.0,1.19082,1.19112
1748010397941.0,1.19085,1.19115
1748010398187.0,1.19084,1.19114
1748010398690.0,1.19083,1.19113
1748010399192.0,1.19088,1.19108
1748010399442.0,1.19089,1.19109
1748010399941.0,1.19085,1.19115
1748010400191.0,1.19092,1.19112
1748010400691.0,1.19091,1.19111
1748010400941.0,1.19087,1.19107
1748010401691.0,1.19086,1.19106
1748010402190.0,1.19085,1.19105
1748010402443.0,1.19083,1.19103
1748010402691.0,1.19084,1.19104
1748010406185.0,1.19089,1.19109
1748010406432.0,1.1909,1.1911
1748010407423.0,1.19089,1.19109
1748010407671.0,1.19092,1.19112
1748010407921.0,1.19093,1.19113
1748010408172.0,1.19092,1.19112
1748010410227.0,1.19095,1.19115
1748010410477.0,1.19094,1.19114
1748010411573.0,1.1909,1.1911
1748010411822.0,1.19089,1.19109
1748010412071.0,1.19088,1.19108
1748010413321.0,1.19087,1.19107
1748010414091.0,1.19086,1.19106
1748010416920.0,1.19078,1.19098
1748010417418.0,1.19079,1.19099
1748010420230.0,1.19078,1.19098
1748010420479.0,1.19083,1.19103
1748010421231.0,1.19081,1.19101
1748010422803.0,1.19082,1.19102
1748010423053.0,1.19081,1.19101
1748010423553.0,1.1908,1.191
1748010425226.0,1.19082,1.19102
1748010425476.0,1.19078,1.19098
1748010425727.0,1.19079,1.19099
1748010427484.0,1.19076,1.19096
1748010427983.0,1.19074,1.19094
1748010428232.0,1.19076,1.19096
1748010429077.0,1.19075,1.19095
1748010431702.0,1.19078,1.19098
1748010432461.0,1.19077,1.19097
1748010433243.0,1.1908,1.191
1748010433743.0,1.19084,1.19104
1748010433990.0,1.19083,1.19103
1748010434489.0,1.19082,1.19102
1748010434780.0,1.19081,1.19101
1748010435311.0,1.1908,1.191
1748010436061.0,1.19081,1.19101
1748010436311.0,1.19084,1.19104
1748010436811.0,1.19082,1.19102
1748010437060.0,1.1908,1.191
1748010437312.0,1.19079,1.19099
1748010437810.0,1.19078,1.19098
1748010438061.0,1.19079,1.19099
1748010438312.0,1.19077,1.19097
1748010439217.0,1.19076,1.19096
1748010439716.0,1.19075,1.19095
1748010440840.0,1.19074,1.19094
1748010441087.0,1.1907,1.1909
1748010441581.0,1.19067,1.19087
1748010441972.0,1.19069,1.19089
1748010442475.0,1.19068,1.19088
1748010442726.0,1.19066,1.19086
1748010442978.0,1.19069,1.19089
1748010443224.0,1.1907,1.1909
1748010443474.0,1.19069,1.19089
1748010443726.0,1.1907,1.1909
1748010444131.0,1.19069,1.19089
1748010444382.0,1.19068,1.19088
1748010445131.0,1.19069,1.19089
1748010445383.0,1.19068,1.19088
1748010445880.0,1.19069,1.19089
1748010446459.0,1.19068,1.19088
1748010446980.0,1.19065,1.19085
1748010447230.0,1.19067,1.19087
1748010447609.0,1.19065,1.19085
1748010448609.0,1.19066,1.19086
1748010448856.0,1.19068,1.19088
1748010449870.0,1.19066,1.19086
1748010450118.0,1.19064,1.19084
1748010450389.0,1.19062,1.19082
1748010450640.0,1.19061,1.19081
1748010452098.0,1.19062,1.19082
1748010452349.0,1.19063,1.19083
1748010453129.0,1.19062,1.19082
1748010454620.0,1.19064,1.19084
1748010455740.0,1.19065,1.19085
1748010456237.0,1.19064,1.19084
1748010457403.0,1.19065,1.19085
1748010459740.0,1.19066,1.19086
1748010459989.0,1.19068,1.19088
1748010460761.0,1.19069,1.19089
1748010461760.0,1.1907,1.1909
1748010467094.0,1.19069,1.19089
1748010469547.0,1.19066,1.19086
1748010469796.0,1.19067,1.19087
1748010474561.0,1.19066,1.19086
1748010475062.0,1.19068,1.19088
1748010475814.0,1.19074,1.19094
1748010476719.0,1.19075,1.19095
1748010477651.0,1.19076,1.19096
1748010478140.0,1.19075,1.19095
1748010478729.0,1.19076,1.19096
1748010479398.0,1.19075,1.19095
1748010479655.0,1.19074,1.19094
1748010480149.0,1.19072,1.19092
1748010480647.0,1.19071,1.19091
1748010481698.0,1.1907,1.1909
1748010490924.0,1.19068,1.19088
1748010491174.0,1.19067,1.19087
1748010491674.0,1.19069,1.19089
1748010492175.0,1.19067,1.19087
1748010494516.0,1.19069,1.19089
1748010495345.0,1.1907,1.1909
1748010495844.0,1.19069,1.19089
1748010496094.0,1.19065,1.19085
1748010496594.0,1.19066,1.19086
1748010497094.0,1.19065,1.19085
1748010498268.0,1.19064,1.19084
1748010498806.0,1.19062,1.19082
1748010499056.0,1.19061,1.19081
1748010501029.0,1.19062,1.19082
1748010501280.0,1.19065,1.19085
1748010502227.0,1.19063,1.19083
1748010502476.0,1.19062,1.19082
1748010503181.0,1.19061,1.19081
1748010504753.0,1.19062,1.19082
1748010506661.0,1.1906,1.1908
1748010506909.0,1.19059,1.19079
1748010507844.0,1.1906,1.1908
1748010508093.0,1.19066,1.19086
1748010508342.0,1.19065,1.19085
1748010508842.0,1.19066,1.19086
1748010509092.0,1.19064,1.19084
1748010510092.0,1.19062,1.19082
1748010511280.0,1.1906,1.1908
1748010515611.0,1.19061,1.19081
1748010516793.0,1.19063,1.19083
1748010517043.0,1.1906,1.1908
1748010518079.0,1.19061,1.19081
1748010518581.0,1.19056,1.19076
1748010521244.0,1.19055,1.19075
1748010521493.0,1.19054,1.19074
1748010521745.0,1.19055,1.19075
1748010523525.0,1.19054,1.19074
1748010523774.0,1.19055,1.19075
1748010526135.0,1.19054,1.19074
1748010526383.0,1.19053,1.19073
1748010527264.0,1.19054,1.19074
1748010527763.0,1.19053,1.19073
1748010528262.0,1.1905,1.1907
1748010528513.0,1.19051,1.19071
1748010528764.0,1.1905,1.1907
1748010529014.0,1.19048,1.19068
1748010530090.0,1.1905,1.1907
1748010534104.0,1.19049,1.19069
1748010535101.0,1.1905,1.1907
1748010536118.0,1.19048,1.19068
1748010536368.0,1.19047,1.19067
1748010537062.0,1.19048,1.19068
1748010537810.0,1.19047,1.19067
1748010538561.0,1.1904,1.1906
1748010538810.0,1.19042,1.19062
1748010539561.0,1.1904,1.1906
1748010540422.0,1.19043,1.19063
1748010540670.0,1.19045,1.19065
1748010541173.0,1.19047,1.19067
1748010542523.0,1.19043,1.19073
1748010543020.0,1.19044,1.19074
1748010543271.0,1.19043,1.19073
1748010543772.0,1.19048,1.19068
1748010544022.0,1.19047,1.19067
1748010544297.0,1.19048,1.19068
1748010544873.0,1.19049,1.19069
1748010545443.0,1.19048,1.19068
1748010545940.0,1.19047,1.19067
1748010547049.0,1.19046,1.19066
1748010547801.0,1.19044,1.19064
1748010548787.0,1.19043,1.19063
1748010550135.0,1.19042,1.19062
1748010551070.0,1.19041,1.19061
1748010552454.0,1.1904,1.1906
1748010556233.0,1.19041,1.19061
1748010556483.0,1.1904,1.1906
1748010556987.0,1.19039,1.19059
1748010557239.0,1.19033,1.19063
1748010557484.0,1.19036,1.19066
1748010557986.0,1.19034,1.19064
1748010558244.0,1.19036,1.19066
1748010558493.0,1.1904,1.1906
1748010559152.0,1.19041,1.19061
1748010560393.0,1.19039,1.19059
1748010560644.0,1.19038,1.19058
1748010561142.0,1.19037,1.19057
1748010562232.0,1.19036,1.19056
1748010566361.0,1.19034,1.19054
1748010566609.0,1.19032,1.19052
1748010566861.0,1.19031,1.19051
1748010567316.0,1.19033,1.19053
1748010571316.0,1.19034,1.19054
1748010574381.0,1.19033,1.19053
1748010575207.0,1.19031,1.19051
1748010575944.0,1.1903,1.1905
1748010576193.0,1.19031,1.19051
1748010576443.0,1.19032,1.19052
1748010576945.0,1.19033,1.19053
1748010580978.0,1.19032,1.19052
1748010582063.0,1.19033,1.19053
1748010582314.0,1.19031,1.19051
1748010582995.0,1.19033,1.19053
1748010586067.0,1.19031,1.19051
1748010586315.0,1.19028,1.19048
1748010587296.0,1.19027,1.19047
1748010588565.0,1.19024,1.19044
1748010588805.0,1.19026,1.19046
1748010589299.0,1.19025,1.19045
1748010589800.0,1.19026,1.19046
1748010590298.0,1.19024,1.19044
1748010590831.0,1.19023,1.19043
1748010592204.0,1.19022,1.19042
1748010593233.0,1.19021,1.19041
1748010593483.0,1.19025,1.19045
1748010593732.0,1.19026,1.19046
1748010595380.0,1.19025,1.19045
1748010597704.0,1.19026,1.19046
1748010597953.0,1.19028,1.19048
1748010599354.0,1.19031,1.19051
1748010599603.0,1.19033,1.19053
1748010600361.0,1.19032,1.19052
1748010600857.0,1.19031,1.19051
1748010601103.0,1.19028,1.19048
1748010601353.0,1.1903,1.1905
1748010601854.0,1.19033,1.19053
1748010602355.0,1.19034,1.19054
1748010602854.0,1.19036,1.19056
1748010603356.0,1.19034,1.19054
1748010603606.0,1.19035,1.19055
1748010605435.0,1.19034,1.19054
1748010605686.0,1.19033,1.19053
1748010605940.0,1.19032,1.19052
1748010606186.0,1.19033,1.19053
1748010607337.0,1.19036,1.19056
1748010607586.0,1.19035,1.19055
1748010608371.0,1.19036,1.19056
1748010610191.0,1.19037,1.19057
1748010610817.0,1.19038,1.19058
1748010612067.0,1.1904,1.1906
1748010612320.0,1.19042,1.19062
1748010613381.0,1.19041,1.19061
1748010613624.0,1.19043,1.19063
1748010614382.0,1.19044,1.19064
1748010615484.0,1.19043,1.19063
1748010615734.0,1.19048,1.19068
1748010615984.0,1.19047,1.19067
1748010618645.0,1.19048,1.19068
1748010619658.0,1.19049,1.19069
1748010620401.0,1.19046,1.19066
1748010620651.0,1.19048,1.19068
1748010620902.0,1.19046,1.19066
1748010621151.0,1.19045,1.19065
1748010621650.0,1.19047,1.19067
1748010621901.0,1.19043,1.19063
1748010622152.0,1.1904,1.1906
1748010622900.0,1.19042,1.19062
1748010623152.0,1.19043,1.19063
1748010626043.0,1.19044,1.19064
1748010628700.0,1.19048,1.19068
1748010629190.0,1.19047,1.19067
1748010630432.0,1.19045,1.19065
1748010630683.0,1.19048,1.19068
1748010631182.0,1.19047,1.19067
1748010631684.0,1.19048,1.19068
1748010633410.0,1.19049,1.19069
1748010633659.0,1.19051,1.19071
1748010634472.0,1.1905,1.1907
1748010634734.0,1.19052,1.19072
1748010634973.0,1.19049,1.19069
1748010635471.0,1.1905,1.1907
1748010635970.0,1.19045,1.19075
1748010636220.0,1.19048,1.19078
1748010636469.0,1.19053,1.19073
1748010636720.0,1.19045,1.19075
1748010637054.0,1.19047,1.19077
1748010637303.0,1.19052,1.19072
1748010638665.0,1.19048,1.19078
1748010638914.0,1.19044,1.19074
1748010639413.0,1.19046,1.19076
1748010639914.0,1.1905,1.1907
1748010643800.0,1.19052,1.19072
1748010644050.0,1.19046,1.19076
1748010644300.0,1.1905,1.1907
1748010645302.0,1.19051,1.19071
1748010645550.0,1.19045,1.19075
1748010646055.0,1.19046,1.19076
1748010647253.0,1.19052,1.19072
1748010648141.0,1.19046,1.19076
1748010648889.0,1.19045,1.19075
1748010649513.0,1.19042,1.19072
1748010649764.0,1.19047,1.19067
1748010650315.0,1.19048,1.19068
1748010651439.0,1.19049,1.19069
1748010652206.0,1.19048,1.19068
1748010653420.0,1.19047,1.19067
1748010654491.0,1.19048,1.19068
1748010654741.0,1.1904,1.1907
1748010656571.0,1.19042,1.19072
1748010656820.0,1.19048,1.19068
1748010660320.0,1.19041,1.19071
1748010660570.0,1.1904,1.1907
1748010661089.0,1.19046,1.19066
1748010661337.0,1.19039,1.19069
1748010661819.0,1.19044,1.19064
1748010662372.0,1.19037,1.19067
1748010663486.0,1.19044,1.19064
1748010663741.0,1.19043,1.19063
1748010664796.0,1.19042,1.19062
1748010666031.0,1.19035,1.19065
1748010666532.0,1.19042,1.19062
1748010668295.0,1.19041,1.19061
1748010668794.0,1.1904,1.1906
1748010669389.0,1.19042,1.19062
1748010670086.0,1.19041,1.19061
1748010670341.0,1.1904,1.1906
1748010671424.0,1.19033,1.19063
1748010672190.0,1.19035,1.19065
1748010672441.0,1.1904,1.1906
1748010673080.0,1.19041,1.19061
1748010674067.0,1.19043,1.19063
1748010674312.0,1.19041,1.19061
1748010675066.0,1.1904,1.1906
1748010675320.0,1.19041,1.19061
1748010675822.0,1.19034,1.19064
1748010676065.0,1.19033,1.19063
1748010676316.0,1.19039,1.19059
1748010677066.0,1.1904,1.1906
1748010678074.0,1.19033,1.19063
1748010678324.0,1.19036,1.19056
1748010678573.0,1.19027,1.19057
1748010679320.0,1.19034,1.19054
1748010680899.0,1.19033,1.19053
1748010681390.0,1.19034,1.19054
1748010681640.0,1.19028,1.19058
1748010686428.0,1.19027,1.19057
1748010687661.0,1.19026,1.19056
1748010688676.0,1.19027,1.19057
1748010689853.0,1.19033,1.19053
1748010690355.0,1.19031,1.19051
1748010690851.0,1.19032,1.19052
1748010691603.0,1.19026,1.19056
1748010691854.0,1.19033,1.19053
1748010692617.0,1.19035,1.19055
1748010693367.0,1.19033,1.19053
1748010693618.0,1.19034,1.19054
1748010693868.0,1.19028,1.19058
1748010695227.0,1.19035,1.19055
1748010697105.0,1.19029,1.19059
1748010697605.0,1.19027,1.19057
1748010697856.0,1.19033,1.19053
1748010698104.0,1.19026,1.19056
1748010698354.0,1.19032,1.19052
1748010698604.0,1.19026,1.19056
1748010698855.0,1.19023,1.19053
1748010699104.0,1.19028,1.19048
1748010699355.0,1.19039,1.19059
1748010699605.0,1.19029,
1748010699854.0,1.19036,1.19056
1748010700107.0,1.19034,1.19054
1748010700356.0,1.19036,1.19056
1748010701563.0,1.19032,1.19052
1748010701812.0,1.19031,1.19051
1748010702062.0,1.19032,1.19052
1748010702312.0,1.19027,1.19047
1748010702769.0,1.19025,1.19045
1748010703268.0,1.19031,1.19051
1748010703769.0,1.19025,1.19055
1748010704270.0,1.19031,1.19051
1748010704519.0,1.19033,1.19053
1748010704769.0,1.19035,1.19055
1748010705519.0,1.19033,1.19053
1748010707363.0,1.19031,1.19051
1748010707611.0,1.19033,1.19053
1748010708019.0,1.19032,1.19052
1748010709180.0,1.19042,1.19062
1748010709868.0,1.19039,1.19059
1748010710116.0,1.19038,1.19058
1748010712124.0,1.19036,1.19056
1748010712378.0,1.19034,1.19054
1748010712623.0,1.19035,1.19055
1748010713379.0,1.19033,1.19053
1748010713633.0,1.19032,1.19052
1748010714400.0,1.19028,1.19048
1748010714652.0,1.19029,1.19049
1748010714901.0,1.19027,1.19047
1748010715148.0,1.19026,1.19046
1748010719921.0,1.19025,1.19045
1748010720921.0,1.19024,1.19044
1748010721172.0,1.19028,1.19048
1748010721672.0,1.19026,1.19046
1748010722299.0,1.19028,1.19048
1748010724179.0,1.19027,1.19047
1748010724434.0,1.19026,1.19046
1748010724678.0,1.19023,1.19043
1748010724920.0,1.19024,1.19044
1748010725170.0,1.19023,1.19043
1748010725669.0,1.19024,1.19044
1748010725920.0,1.19021,1.19041
1748010727110.0,1.19022,1.19042
1748010729827.0,1.19021,1.19041
1748010732320.0,1.19024,1.19044
1748010732962.0,1.19023,1.19043
1748010733212.0,1.19026,1.19046
1748010733710.0,1.19027,1.19047
1748010734223.0,1.19028,1.19048
1748010736678.0,1.19027,1.19047
1748010738018.0,1.19026,1.19046
1748010740774.0,1.19025,1.19045
1748010741698.0,1.19024,1.19044
1748010743540.0,1.19023,1.19043
1748010744540.0,1.19021,1.19041
1748010749835.0,1.19022,1.19042
1748010750836.0,1.19023,1.19043
1748010752885.0,1.19022,1.19042
1748010753134.0,1.19021,1.19041
1748010757487.0,1.1902,1.1904
1748010761110.0,1.19019,1.19039
1748010765167.0,1.1902,1.1904
1748010765666.0,1.19019,1.19039
1748010768323.0,1.1902,1.1904
1748010768571.0,1.19021,1.19041
1748010771902.0,1.19023,1.19043
1748010772152.0,1.19021,1.19041
1748010772400.0,1.19022,1.19042
1748010772652.0,1.19021,1.19041
1748010773152.0,1.19023,1.19043
1748010776718.0,1.19021,1.19041
1748010776968.0,1.19023,1.19043
1748010777832.0,1.19026,1.19046
1748010779075.0,1.19025,1.19045
1748010779574.0,1.19026,1.19046
1748010779830.0,1.19023,1.19043
1748010780081.0,1.19021,1.19041
1748010781698.0,1.19022,1.19042
1748010782877.0,1.19023,1.19043
1748010783443.0,1.19022,1.19042
1748010783981.0,1.19021,1.19041
1748010784924.0,1.19022,1.19042
1748010785174.0,1.19021,1.19041
1748010785449.0,1.1902,1.1904
1748010785950.0,1.19021,1.19041
1748010788866.0,1.19014,1.19034
1748010789118.0,1.19015,1.19035
1748010789370.0,1.19014,1.19034
1748010789619.0,1.19013,1.19033
1748010790362.0,1.19012,1.19032
1748010790609.0,1.19011,1.19031
1748010792718.0,1.19012,1.19032
1748010793616.0,1.19011,1.19031
1748010794364.0,1.1901,1.1903
1748010794860.0,1.19011,1.19031
1748010795611.0,1.19009,1.19029
1748010796109.0,1.19007,1.19027
1748010796401.0,1.19006,1.19026
1748010798900.0,1.19009,1.19029
1748010799150.0,1.1901,1.1903
1748010799399.0,1.19011,1.19031
1748010800150.0,1.1901,1.1903
1748010800400.0,1.19009,1.19029
1748010800650.0,1.19008,1.19028
1748010800898.0,1.19009,1.19029
1748010801649.0,1.19008,1.19028
1748010802481.0,1.19007,1.19027
1748010802980.0,1.19006,1.19026
1748010804044.0,1.19005,1.19025
1748010804294.0,1.19008,1.19028
1748010804549.0,1.19007,1.19027
1748010804795.0,1.19005,1.19025
1748010805510.0,1.19006,1.19026
1748010806015.0,1.19004,1.19024
1748010806763.0,1.19006,1.19026
1748010811200.0,1.19011,1.19031
1748010812443.0,1.19014,1.19034
1748010812943.0,1.19016,1.19036
1748010814254.0,1.19015,1.19035
1748010814499.0,1.19016,1.19036
1748010816280.0,1.19017,1.19037
1748010816781.0,1.19016,1.19036
1748010817407.0,1.19018,1.19038
1748010817658.0,1.19017,1.19037
1748010817928.0,1.19018,1.19038
1748010818185.0,1.19017,1.19037
1748010818678.0,1.19018,1.19038
1748010820906.0,1.19019,1.19039
1748010822679.0,1.19021,1.19041
1748010823180.0,1.19022,1.19042
1748010823431.0,1.19021,1.19041
1748010823930.0,1.19016,1.19036
1748010824181.0,1.19017,1.19037
1748010824560.0,1.19016,1.19036
1748010826120.0,1.19015,1.19035
1748010827517.0,1.19016,1.19036
1748010828549.0,1.19017,1.19037
1748010828910.0,1.19016,1.19036
1748010832075.0,1.19017,1.19037
1748010832574.0,1.19018,1.19038
1748010832825.0,1.19019,1.19039
1748010833079.0,1.19018,1.19038
1748010834578.0,1.19017,1.19037
1748010835350.0,1.19018,1.19038
1748010837361.0,1.19016,1.19036
1748010837611.0,1.19017,1.19037
1748010840523.0,1.19021,1.19041
1748010841522.0,1.19022,1.19042
1748010841769.0,1.19023,1.19043
1748010842270.0,1.19025,1.19045
1748010842520.0,1.19028,1.19048
1748010843021.0,1.19031,1.19051
1748010843522.0,1.19034,1.19054
1748010844022.0,1.19033,1.19053
1748010845030.0,1.19036,1.19056
1748010845279.0,1.19031,1.19051
1748010845778.0,1.19034,1.19054
1748010846027.0,1.19035,1.19055
1748010846870.0,1.19033,1.19053
1748010847371.0,1.19034,1.19054
1748010847869.0,1.19035,1.19055
1748010848619.0,1.19033,1.19053
1748010851103.0,1.19034,1.19054
1748010851901.0,1.19035,1.19055
1748010852399.0,1.19036,1.19056
1748010853150.0,1.19037,1.19057
1748010853649.0,1.19038,1.19058
1748010854772.0,1.19041,1.19061
1748010855601.0,1.19039,1.19059
1748010855852.0,1.1904,1.1906
1748010856865.0,1.19039,1.19059
1748010857582.0,1.19042,1.19062
1748010858481.0,1.19043,1.19063
1748010859584.0,1.19042,1.19062
1748010860492.0,1.19044,1.19064
1748010862390.0,1.19043,1.19063
1748010862983.0,1.19042,1.19062
1748010863862.0,1.19043,1.19063
1748010864112.0,1.19042,1.19062
1748010864611.0,1.1904,1.1906
1748010865112.0,1.19042,1.19062
1748010866757.0,1.1904,1.1906
1748010867007.0,1.19038,1.19058
1748010867249.0,1.1904,1.1906
1748010867989.0,1.19039,1.19059
1748010868240.0,1.19041,1.19061
1748010868745.0,1.1904,1.1906
1748010868995.0,1.19043,1.19063
1748010869242.0,1.19044,1.19064
1748010870978.0,1.19043,1.19063
1748010871474.0,1.19045,1.19065
1748010872404.0,1.19043,1.19063
1748010872903.0,1.1904,1.1906
1748010873155.0,1.19039,1.19059
1748010874208.0,1.19038,1.19058
1748010874459.0,1.19039,1.19059
1748010875041.0,1.19038,1.19058
1748010876041.0,1.19037,1.19057
1748010876842.0,1.19033,1.19053
1748010877406.0,1.19034,1.19054
1748010877892.0,1.19033,1.19053
1748010878143.0,1.19032,1.19052
1748010883329.0,1.19033,1.19053
1748010883829.0,1.19034,1.19054
1748010884329.0,1.19036,1.19056
1748010884581.0,1.19038,1.19058
1748010885077.0,1.19042,1.19062
1748010885578.0,1.19043,1.19063
1748010888706.0,1.19042,1.19062
1748010888952.0,1.19041,1.19061
1748010891200.0,1.19043,1.19063
1748010894870.0,1.1904,1.1906
1748010895868.0,1.19041,1.19061
1748010896119.0,1.19039,1.19059
1748010896370.0,1.1904,1.1906
1748010897760.0,1.19039,1.19059
1748010898006.0,1.19038,1.19058
1748010899806.0,1.19039,1.19059
1748010903331.0,1.1904,1.1906
1748010903579.0,1.19045,1.19065
1748010904284.0,1.19044,1.19064
1748010904534.0,1.19046,1.19066
1748010906024.0,1.19047,1.19067
1748010906523.0,1.19048,1.19068
1748010909188.0,1.19047,1.19067
1748010909445.0,1.19044,1.19064
1748010910415.0,1.19045,1.19065
1748010911877.0,1.19044,1.19064
1748010912127.0,1.19045,1.19065
1748010913180.0,1.19047,1.19067
1748010913941.0,1.19045,1.19065
1748010914188.0,1.19047,1.19067
1748010915140.0,1.19046,1.19066
1748010915396.0,1.19041,1.19061
1748010915644.0,1.19042,1.19062
1748010916230.0,1.19041,1.19061
1748010917740.0,1.19036,1.19056
1748010917992.0,1.19037,1.19057
1748010918241.0,1.19038,1.19058
1748010918492.0,1.19035,1.19055
1748010920568.0,1.19033,1.19053
1748010921659.0,1.19034,1.19054
1748010922349.0,1.19033,1.19053
1748010922847.0,1.19031,1.19051
1748010923096.0,1.19032,1.19052
1748010924045.0,1.19026,1.19056
1748010924296.0,1.19031,1.19051
1748010926429.0,1.1903,1.1905
1748010926679.0,1.19028,1.19048
1748010927181.0,1.1903,1.1905
1748010927750.0,1.19029,1.19049
1748010928003.0,1.1903,1.1905
1748010928501.0,1.19031,1.19051
1748010929857.0,1.19032,1.19052
1748010931076.0,1.19031,1.19051
1748010933135.0,1.19028,1.19048
1748010933382.0,1.1903,1.1905
1748010935451.0,1.19031,1.19051
1748010935699.0,1.19036,1.19056
1748010936948.0,1.19033,1.19053
1748010938200.0,1.19034,1.19054
1748010939030.0,1.19033,1.19053
1748010941030.0,1.19034,1.19054
1748010941282.0,1.19028,1.19048
1748010941530.0,1.19031,1.19051
1748010945292.0,1.19029,1.19049
1748010945542.0,1.19031,1.19051
1748010945789.0,1.19032,1.19052
1748010946543.0,1.19033,1.19053
1748010947043.0,1.19032,1.19052
1748010947553.0,1.19031,1.19051
1748010948128.0,1.19033,1.19053
1748010948379.0,1.19035,1.19055
1748010948872.0,1.19034,1.19054
1748010949123.0,1.19035,1.19055
1748010949370.0,1.19034,1.19054
1748010950295.0,1.19038,1.19058
1748010950530.0,1.19037,1.19057
1748010953041.0,1.19038,1.19058
1748010956365.0,1.19037,1.19057
1748010959491.0,1.19036,1.19056
1748010960009.0,1.19037,1.19057
1748010960255.0,1.19038,1.19058
1748010960502.0,1.1904,1.1906
1748010961012.0,1.19043,1.19063
1748010963500.0,1.1904,1.1906
1748010965159.0,1.19038,1.19058
1748010967373.0,1.19037,1.19057
1748010968370.0,1.19038,1.19058
1748010969121.0,1.19036,1.19056
1748010969371.0,1.19033,1.19053
1748010971289.0,1.19034,1.19054
1748010972172.0,1.19035,1.19055
1748010973117.0,1.19033,1.19053
1748010978582.0,1.19031,1.19051
1748010978834.0,1.19029,1.19049
1748010979082.0,1.19031,1.19051
1748010979582.0,1.1903,1.1905
1748010980105.0,1.19029,1.19049
1748010980356.0,1.19028,1.19048
1748010981117.0,1.19036,1.19056
1748010981365.0,1.19034,1.19054
1748010981605.0,1.19036,1.19056
1748010982375.0,1.19038,1.19058
1748010982625.0,1.1904,1.1906
1748010983546.0,1.19045,1.19065
1748010984535.0,1.19043,1.19063
1748010985035.0,1.19045,1.19065
1748010985534.0,1.19044,1.19064
1748010986034.0,1.19045,1.19065
1748010986535.0,1.19044,1.19064
1748010987287.0,1.19043,1.19063
1748010987540.0,1.19044,1.19064
1748010987786.0,1.19041,1.19061
1748010988536.0,1.1904,1.1906
1748010989403.0,1.19041,1.19061
1748010989654.0,1.19038,1.19058
1748010991344.0,1.19035,1.19055
1748010991590.0,1.19034,1.19054
1748010992319.0,1.19033,1.19053
1748010992565.0,1.19034,1.19054
1748010992815.0,1.19033,1.19053
1748010993067.0,1.19035,1.19055
1748010993564.0,1.19036,1.19056
1748010996786.0,1.19032,1.19052
1748010997040.0,1.19034,1.19054
1748010997969.0,1.19032,1.19052
1748010998218.0,1.19033,1.19053
1748010999012.0,1.19032,1.19052
1748010999262.0,1.1903,1.1905
1748010999513.0,1.19034,1.19054
1748010999755.0,1.19036,1.19056
1748011000243.0,1.19031,1.19051
1748011000502.0,1.19035,1.19055
1748011000742.0,1.19036,1.19056
1748011000987.0,1.19034,1.19054
1748011001241.0,1.19035,1.19055
1748011001488.0,1.19036,1.19056
1748011003497.0,1.19038,1.19058
1748011003995.0,1.19035,1.19055
1748011004244.0,1.19036,1.19056
1748011006873.0,1.19035,1.19055
1748011008103.0,1.19036,1.19056
1748011009282.0,1.19033,1.19053
1748011009534.0,1.19036,1.19056
1748011010025.0,1.19034,1.19054
1748011010769.0,1.19036,1.19056
1748011011018.0,1.19034,1.19054
1748011011769.0,1.19033,1.19053
1748011012840.0,1.19032,1.19052
1748011013340.0,1.19033,1.19053
1748011015179.0,1.19032,1.19052
1748011015679.0,1.19033,1.19053
1748011015930.0,1.19031,1.19051
1748011016202.0,1.1903,1.1905
1748011016453.0,1.19029,1.19049
1748011020130.0,1.19028,1.19048
1748011020380.0,1.1903,1.1905
1748011020965.0,1.19029,1.19049
1748011024331.0,1.1903,1.1905
1748011024830.0,1.19028,1.19048
1748011025909.0,1.19026,1.19046
1748011026158.0,1.19032,1.19052
1748011026406.0,1.19033,1.19053
1748011028089.0,1.19034,1.19054
1748011029820.0,1.19035,1.19055
1748011030320.0,1.19034,1.19054
1748011030569.0,1.19033,1.19053
1748011032223.0,1.19031,1.19051
1748011032475.0,1.19033,1.19053
1748011033331.0,1.19032,1.19052
1748011034112.0,1.19033,1.19053
1748011034366.0,1.19031,1.19051
1748011034854.0,1.19033,1.19053
1748011035355.0,1.19032,1.19052
1748011035607.0,1.19029,1.19049
1748011035855.0,1.19028,1.19048
1748011036106.0,1.19029,1.19049
1748011036609.0,1.19028,1.19048
1748011040579.0,1.19027,1.19047
1748011040828.0,1.19028,1.19048
1748011041700.0,1.19026,1.19046
1748011041948.0,1.19023,1.19043
1748011042448.0,1.19026,1.19046
1748011044070.0,1.19033,1.19053
1748011047046.0,1.19036,1.19056
1748011048379.0,1.19034,1.19054
1748011049467.0,1.19031,1.19051
1748011050945.0,1.19033,1.19053
1748011051196.0,1.19034,1.19054
1748011051775.0,1.19033,1.19053
1748011052023.0,1.19032,1.19052
1748011052523.0,1.19033,1.19053
1748011053022.0,1.19031,1.19051
1748011055430.0,1.19032,1.19052
1748011056182.0,1.19037,1.19057
1748011056680.0,1.19036,1.19056
1748011058355.0,1.19035,1.19055
1748011059232.0,1.19036,1.19056
1748011060230.0,1.19038,1.19058
1748011061109.0,1.19037,1.19057
1748011062108.0,1.19038,1.19058
1748011064090.0,1.19037,1.19057
1748011064341.0,1.19034,1.19054
1748011064840.0,1.19036,1.19056
1748011065090.0,1.19037,1.19057
1748011066782.0,1.19038,1.19058
1748011067784.0,1.19039,1.19059
1748011068281.0,1.1904,1.1906
1748011069268.0,1.19042,1.19062
1748011069941.0,1.19043,1.19063
1748011071883.0,1.19045,1.19065
1748011073877.0,1.19047,1.19067
1748011074128.0,1.19048,1.19068
1748011075190.0,1.1905,1.1907
1748011076809.0,1.19046,1.19066
1748011077312.0,1.19048,1.19068
1748011077559.0,1.19049,1.19069
1748011079154.0,1.1905,1.1907
1748011079655.0,1.19053,1.19073
1748011080322.0,1.19054,1.19074
1748011080576.0,1.19055,1.19075
1748011085492.0,1.19056,1.19076
1748011086675.0,1.19054,1.19074
1748011086922.0,1.19053,1.19073
1748011087420.0,1.19054,1.19074
1748011087920.0,1.19053,1.19073
1748011088422.0,1.1905,1.1907
1748011089221.0,1.19049,1.19069
1748011089470.0,1.1905,1.1907
1748011093594.0,1.19048,1.19068
1748011094520.0,1.19049,1.19069
1748011096666.0,1.19048,1.19068
1748011096919.0,1.19046,1.19066
1748011097930.0,1.19047,1.19067
1748011098180.0,1.19049,1.19069
1748011098430.0,1.1905,1.1907
1748011098931.0,1.19052,1.19072
1748011099683.0,1.19051,1.19071
1748011103292.0,1.1905,1.1907
1748011104559.0,1.19051,1.19071
1748011104806.0,1.19053,1.19073
1748011105620.0,1.19054,1.19074
1748011106620.0,1.19055,1.19075
1748011107253.0,1.19054,1.19074
1748011107501.0,1.19055,1.19075
1748011107743.0,1.19053,1.19073
1748011110771.0,1.19054,1.19074
1748011112879.0,1.19053,1.19073
1748011113130.0,1.19051,1.19071
1748011113766.0,1.19052,1.19072
1748011115361.0,1.19051,1.19071
1748011115611.0,1.1905,1.1907
1748011115861.0,1.19048,1.19068
1748011116611.0,1.19046,1.19066
1748011116860.0,1.19045,1.19065
1748011117360.0,1.19046,1.19066
1748011119881.0,1.19047,1.19067
1748011120130.0,1.1905,1.1907
1748011120829.0,1.19048,1.19068
1748011121330.0,1.19047,1.19067
1748011121576.0,1.19049,1.19069
1748011122132.0,1.19048,1.19068
1748011122382.0,1.1905,1.1907
1748011124398.0,1.19051,1.19071
1748011124648.0,1.19053,1.19073
1748011125398.0,1.19052,1.19072
1748011127855.0,1.19051,1.19071
1748011129301.0,1.19048,1.19068
1748011129551.0,1.19047,1.19067
1748011129800.0,1.19046,1.19066
1748011130549.0,1.19047,1.19067
1748011131056.0,1.1905,1.1907
1748011131306.0,1.19048,1.19068
1748011132665.0,1.19045,1.19065
1748011134005.0,1.19043,1.19063
1748011134254.0,1.1904,1.1906
1748011134506.0,1.19043,1.19063
1748011135600.0,1.19045,1.19065
1748011136591.0,1.19044,1.19064
1748011137631.0,1.19045,1.19065
1748011137880.0,1.19043,1.19063
1748011139136.0,1.19044,1.19064
1748011140040.0,1.19043,1.19063
1748011140288.0,1.19038,1.19058
1748011140540.0,1.1904,1.1906
1748011140789.0,1.19043,1.19063
1748011141040.0,1.19041,1.19061
1748011141789.0,1.19037,1.19057
1748011144119.0,1.19035,1.19055
1748011144363.0,1.19041,1.19061
1748011144617.0,1.1904,1.1906
1748011145702.0,1.19041,1.19061
1748011146604.0,1.19038,1.19058
1748011146855.0,1.19037,1.19057
1748011147552.0,1.19038,1.19058
1748011148552.0,1.19039,1.19059
1748011149453.0,1.1904,1.1906
1748011151066.0,1.19038,1.19058
1748011151317.0,1.1904,1.1906
1748011153628.0,1.19041,1.19061
1748011154501.0,1.19043,1.19063
1748011154751.0,1.19044,1.19064
1748011155680.0,1.19043,1.19063
1748011156967.0,1.19045,1.19065
1748011157467.0,1.19047,1.19067
1748011157968.0,1.19045,1.19065
1748011158907.0,1.19046,1.19066
1748011160020.0,1.19039,1.19059
1748011160514.0,1.1904,1.1906
1748011160768.0,1.19039,1.19059
1748011162001.0,1.19041,1.19061
1748011162500.0,1.1904,1.1906
1748011164728.0,1.19041,1.19061
1748011165226.0,1.1904,1.1906
1748011166392.0,1.19038,1.19058
1748011166893.0,1.19036,1.19056
1748011168362.0,1.19037,1.19057
1748011168610.0,1.1904,1.1906
1748011171279.0,1.1903,1.1905
1748011172272.0,1.19027,1.19047
1748011172528.0,1.19029,1.19049
1748011174672.0,1.19026,1.19046
1748011175661.0,1.19028,1.19048
1748011176163.0,1.19026,1.19046
1748011176428.0,1.19027,1.19047
1748011177675.0,1.19028,1.19048
1748011179460.0,1.19029,1.19049
1748011179716.0,1.19031,1.19051
1748011180488.0,1.1903,1.1905
1748011181698.0,1.19031,1.19051
1748011182447.0,1.19033,1.19053
1748011182697.0,1.19037,1.19057
1748011182948.0,1.19036,1.19056
1748011184516.0,1.19037,1.19057
1748011184764.0,1.1904,1.1906
1748011185015.0,1.19041,1.19061
1748011185266.0,1.1904,1.1906
