1748008706671.0,1.13182,1.13188
1748008706785.0,1.13184,1.1319
1748008707663.0,1.13187,1.13193
1748008708106.0,1.1319,1.13196
1748008711075.0,1.13188,1.13194
1748008711731.0,1.13186,1.13192
1748008712281.0,1.13187,1.13193
1748008712830.0,1.1319,1.13196
1748008712944.0,1.13191,1.13197
1748008715473.0,1.13193,1.13199
1748008715576.0,1.13194,1.132
1748008715687.0,1.13191,1.13197
1748008715904.0,1.1319,1.13196
1748008720117.0,1.13186,1.13192
1748008720557.0,1.13182,1.13188
1748008720667.0,1.13183,1.13189
1748008722074.0,1.13176,1.13182
1748008722735.0,1.13179,1.13185
1748008729138.0,1.13177,1.13183
1748008729356.0,1.1318,1.13186
1748008729479.0,1.13179,1.13185
1748008730128.0,1.13181,1.13187
1748008732065.0,1.13179,1.13185
1748008732507.0,1.1318,1.13186
1748008733690.0,1.13179,1.13185
1748008735162.0,1.1318,1.13186
1748008736486.0,1.13176,1.13182
1748008736598.0,1.13181,1.13187
1748008736707.0,1.1318,1.13186
1748008737147.0,1.13179,1.13185
1748008738230.0,1.1318,1.13186
1748008740635.0,1.13179,1.13185
1748008740863.0,1.1318,1.13186
1748008742215.0,1.13181,1.13187
1748008742435.0,1.1318,1.13186
1748008743106.0,1.13183,1.13189
1748008743542.0,1.13182,1.13188
1748008744204.0,1.13181,1.13187
1748008745493.0,1.1318,1.13186
1748008745713.0,1.13172,1.13178
1748008745823.0,1.13171,1.13177
1748008746042.0,1.13174,1.1318
1748008746373.0,1.13175,1.13181
1748008747379.0,1.13173,1.13179
1748008748369.0,1.13174,1.1318
1748008748483.0,1.13175,1.13181
1748008749367.0,1.13176,1.13182
1748008749690.0,1.13175,1.13181
1748008752238.0,1.13174,1.1318
1748008752452.0,1.13172,1.13178
1748008753993.0,1.13171,1.13177
1748008754106.0,1.13168,1.13174
1748008754432.0,1.13163,1.13169
1748008754873.0,1.13164,1.1317
1748008755312.0,1.13162,1.13168
1748008755430.0,1.13159,1.13165
1748008755754.0,1.13159,1.13165
1748008755862.0,1.1316,1.13166
1748008756304.0,1.13158,1.13164
1748008756522.0,1.13159,1.13165
1748008757734.0,1.13161,1.13167
1748008758402.0,1.13162,1.13168
1748008759632.0,1.1316,1.13166
1748008760291.0,1.13161,1.13167
1748008761352.0,1.13167,1.13173
1748008762117.0,1.13169,1.13175
1748008762446.0,1.13169,1.13175
1748008763136.0,1.13168,1.13174
1748008763470.0,1.13167,1.13173
1748008763579.0,1.13168,1.13174
1748008765603.0,1.13167,1.13173
1748008765936.0,1.13161,1.13167
1748008766153.0,1.13163,1.13169
1748008766263.0,1.13164,1.1317
1748008767443.0,1.1316,1.13166
1748008767660.0,1.1316,1.13166
1748008769079.0,1.13164,1.1317
1748008769633.0,1.13163,1.13169
1748008770928.0,1.1316,1.13166
1748008771037.0,1.13162,1.13168
1748008771152.0,1.13164,1.1317
1748008772569.0,1.13163,1.13169
1748008772788.0,1.13167,1.13173
1748008773336.0,1.13164,1.1317
1748008773669.0,1.13163,1.13169
1748008774568.0,1.13162,1.13168
1748008775009.0,1.13163,1.13172
1748008775229.0,1.13162,1.13171
1748008775339.0,1.13157,1.13166
1748008775780.0,1.13158,1.13167
1748008775999.0,1.13161,1.1317
1748008776218.0,1.13159,1.13168
1748008776879.0,1.13162,1.13171
1748008776988.0,1.13164,1.1317
1748008777317.0,1.13162,1.13168
1748008777877.0,,1.13171
1748008778215.0,1.13159,1.1317
1748008778842.0,1.1316,1.13169
1748008779949.0,1.13156,1.13165
1748008780170.0,1.13155,1.13164
1748008780281.0,1.13156,1.13165
1748008780961.0,1.13157,1.13166
1748008781174.0,1.1316,1.13166
1748008781395.0,1.13161,1.13167
1748008782826.0,1.1316,1.13169
1748008784661.0,1.13159,1.13171
1748008784989.0,1.13161,1.13174
1748008785782.0,1.13154,1.13167
1748008785999.0,1.13155,1.13168
1748008786108.0,1.13157,1.13169
1748008786438.0,1.13158,1.1317
1748008786878.0,1.13162,1.13171
1748008786989.0,1.1316,1.13173
1748008787871.0,1.13152,1.13166
1748008788203.0,1.13155,1.13168
1748008788528.0,,1.13169
1748008788748.0,1.13151,1.13166
1748008788863.0,1.13153,1.13167
1748008789303.0,1.13148,1.13162
1748008789519.0,1.13152,1.13166
1748008789849.0,1.13148,1.13163
1748008790068.0,1.13151,1.13165
1748008790179.0,1.1315,1.13164
1748008790509.0,1.1315,
1748008790839.0,,1.13161
1748008790952.0,,1.13163
1748008792186.0,1.13144,1.1316
1748008792297.0,1.13143,1.13161
1748008793067.0,,1.13159
1748008793756.0,1.13141,1.13161
1748008793867.0,1.13144,1.13158
1748008795095.0,1.1314,1.13159
1748008795318.0,1.1314,1.13156
1748008795754.0,1.13141,1.13155
1748008796084.0,1.13144,1.13157
1748008796304.0,,1.13156
1748008796743.0,1.13143,1.13154
1748008797189.0,1.13141,1.13157
1748008797518.0,1.13142,1.13157
1748008797955.0,,1.1316
1748008798711.0,1.13141,1.13153
1748008799153.0,1.1314,1.13152
1748008799488.0,1.13138,1.13154
1748008799922.0,1.13136,1.13161
1748008800147.0,1.13137,1.13156
1748008801306.0,1.13134,1.13155
1748008801518.0,,1.13155
1748008801739.0,1.13139,1.13153
1748008802071.0,,1.13152
1748008802407.0,1.13139,1.1315
1748008802621.0,1.1314,1.13151
1748008803673.0,1.13141,1.13154
1748008804005.0,1.13142,
1748008804113.0,1.13143,1.13158
1748008804549.0,1.13144,
1748008804990.0,1.13146,
1748008805320.0,1.13145,
1748008805758.0,1.13146,
1748008806576.0,,1.13163
1748008807650.0,1.13147,1.13161
1748008808372.0,1.13146,1.13162
1748008808704.0,1.13148,1.13164
1748008809146.0,1.13144,1.13158
1748008809363.0,1.1314,1.13156
1748008809692.0,,1.13155
1748008810023.0,1.13139,1.13153
1748008810134.0,1.13138,1.1315
1748008810685.0,1.1313,1.13143
1748008810794.0,1.13131,1.13144
1748008811123.0,1.13132,1.13143
1748008811343.0,1.13133,1.13145
1748008811672.0,,1.13143
1748008811894.0,1.13129,1.13141
1748008812223.0,1.1312,1.13131
1748008812448.0,1.13121,
1748008812773.0,,1.13133
1748008812994.0,1.13122,1.13131
1748008813582.0,1.13122,1.13131
1748008813911.0,1.13121,1.1313
1748008814571.0,1.1312,1.13134
1748008815122.0,1.13115,1.13129
1748008815342.0,1.13117,1.13132
1748008815561.0,1.13119,1.13133
1748008816114.0,1.13115,1.1313
1748008817218.0,1.13114,1.13129
1748008817328.0,1.1311,1.13124
1748008817431.0,1.13112,1.13126
1748008818098.0,1.13107,1.13121
1748008818753.0,1.13108,1.13122
1748008819197.0,1.13106,1.13115
1748008819413.0,1.13105,1.13119
1748008820512.0,,1.13114
1748008820623.0,1.1311,1.13116
1748008821285.0,,1.13121
1748008821506.0,1.13119,1.13128
1748008822055.0,1.1312,1.13129
1748008822384.0,1.13124,1.13133
1748008822606.0,1.13121,1.1313
1748008822825.0,1.13125,1.13134
1748008823163.0,1.13125,1.13134
1748008824790.0,1.13132,1.13138
1748008825224.0,1.13121,1.13137
1748008825555.0,1.13122,1.13133
1748008825776.0,,1.13131
1748008825996.0,1.13123,1.13129
1748008827099.0,1.13124,1.1313
1748008827535.0,1.13119,1.13136
1748008827755.0,1.13117,1.13134
1748008828085.0,1.13113,1.1313
1748008829075.0,1.13114,1.13129
1748008829405.0,1.13116,1.13131
1748008830065.0,,1.1313
1748008830286.0,1.13116,1.1313
1748008830399.0,1.13114,1.13129
1748008831607.0,1.13116,1.1313
1748008832157.0,1.13117,1.13129
1748008832375.0,1.13118,
1748008833918.0,,1.1313
1748008834791.0,1.13117,
1748008835011.0,1.13115,1.13127
1748008835671.0,1.13118,1.1313
1748008835782.0,1.13122,1.13131
1748008836112.0,1.13123,1.13132
1748008836222.0,1.13124,1.13133
1748008837339.0,1.13121,1.1313
1748008838007.0,1.13123,1.13132
1748008838553.0,1.1312,1.13129
1748008839650.0,1.13119,1.13128
1748008840418.0,1.1312,1.13129
1748008841458.0,1.13119,1.13128
1748008841788.0,1.13122,1.13131
1748008842118.0,1.13121,1.1313
1748008842781.0,1.13119,1.13128
1748008842998.0,1.13121,1.1313
1748008843441.0,1.1312,1.13129
1748008843770.0,1.13119,1.13128
1748008845105.0,1.13118,1.13127
1748008845543.0,1.13117,1.13126
1748008847896.0,1.13123,1.13132
1748008848668.0,1.13124,1.1313
1748008848777.0,1.13123,1.13129
1748008849328.0,1.13122,1.13128
1748008850389.0,1.13125,1.13131
1748008851050.0,1.13131,1.13137
1748008851265.0,1.13133,1.13139
1748008851595.0,1.13132,1.13138
1748008852915.0,1.1313,1.13136
1748008853364.0,1.13131,1.13137
1748008856694.0,1.13135,1.13141
1748008856805.0,1.13134,1.13143
1748008857135.0,1.13134,1.13143
1748008857775.0,1.13143,1.13149
1748008857991.0,1.13145,1.13151
1748008858106.0,1.13148,1.13154
1748008858437.0,1.13147,1.13153
1748008858761.0,1.13148,1.13154
1748008858872.0,1.13146,1.13152
1748008859313.0,1.13145,1.13151
1748008860246.0,1.13144,1.1315
1748008860463.0,1.13141,1.13147
1748008863451.0,1.13146,1.13152
1748008863671.0,1.13148,1.13154
1748008863780.0,1.13147,1.13153
1748008864332.0,1.13145,1.13151
1748008866247.0,1.13148,1.13154
1748008866358.0,1.13151,1.13157
1748008866794.0,1.13152,1.13158
1748008867881.0,1.13152,1.13158
1748008868320.0,1.13147,1.13153
1748008869718.0,1.13146,1.13152
1748008871990.0,1.13147,1.13153
1748008872320.0,1.13137,1.13143
1748008872438.0,1.13141,1.13147
1748008872541.0,1.13142,1.13148
1748008874029.0,1.1314,1.13146
1748008874947.0,1.13141,1.13147
1748008875386.0,1.1314,1.13146
1748008875607.0,1.13135,1.13141
1748008876052.0,1.1313,1.13136
1748008876155.0,1.13133,1.13139
1748008877614.0,1.13132,1.13138
1748008877961.0,1.13129,1.13135
1748008878291.0,1.13131,1.13137
1748008879557.0,1.13138,1.13144
1748008879775.0,1.13142,1.13148
1748008880660.0,1.13137,1.13143
1748008880875.0,1.13141,1.13147
1748008880987.0,1.13137,1.13143
1748008884058.0,1.13133,1.13139
1748008886050.0,1.13132,1.13138
1748008890719.0,1.1314,1.13146
1748008891057.0,1.13134,1.1314
1748008891604.0,1.13133,1.13139
1748008892040.0,1.13132,1.13138
1748008894127.0,1.13133,1.13139
1748008894786.0,1.13132,1.13138
1748008895445.0,1.13132,1.13138
1748008900603.0,1.13134,1.1314
1748008900822.0,1.13133,1.13139
1748008900933.0,1.13134,1.1314
1748008901268.0,1.1313,1.13136
1748008902253.0,1.13131,1.13137
1748008904075.0,1.1313,1.13136
1748008904615.0,1.13132,1.13138
1748008905607.0,1.13131,1.13137
1748008906053.0,1.13137,1.13143
1748008908221.0,1.13136,1.13142
1748008908774.0,1.1314,1.13146
1748008908881.0,1.13144,1.1315
1748008909104.0,1.13145,1.13151
1748008909215.0,1.13144,1.1315
1748008910090.0,1.13143,1.13149
1748008910314.0,1.13144,1.1315
1748008910749.0,1.13146,1.13152
1748008911521.0,1.13145,1.13151
1748008911992.0,1.13144,1.1315
1748008912215.0,1.13143,1.13149
1748008912774.0,1.13142,1.13148
1748008915804.0,1.13141,1.13147
1748008920093.0,1.13142,1.13148
1748008920424.0,1.13153,1.13162
1748008920540.0,1.13155,1.13164
1748008920981.0,1.13153,1.13162
1748008921308.0,1.13154,1.1316
1748008921527.0,1.13153,1.13159
1748008921638.0,1.13152,1.13158
1748008922626.0,1.13148,1.13154
1748008922751.0,1.13149,1.13155
1748008923615.0,1.13152,1.13158
1748008925275.0,1.13151,1.13157
1748008926045.0,1.13156,1.13162
1748008926144.0,1.13157,1.13163
1748008926694.0,1.13156,1.13162
1748008929285.0,1.13158,1.13164
1748008929393.0,1.13157,1.13163
1748008932163.0,1.13161,1.13167
1748008934507.0,1.1316,1.13166
1748008936133.0,1.13158,1.13164
1748008936246.0,1.13159,1.13165
1748008937122.0,1.13161,1.13167
1748008937453.0,1.13162,1.13168
1748008938012.0,1.1316,1.13166
1748008938224.0,1.13161,1.13167
1748008938344.0,1.1316,1.13166
1748008938777.0,1.13159,1.13168
1748008939323.0,1.13161,1.1317
1748008939437.0,1.1316,1.13171
1748008940905.0,1.13159,1.1317
1748008941126.0,1.13162,1.13168
1748008941481.0,1.13168,1.13174
1748008941932.0,1.13166,1.13172
1748008942042.0,1.13167,1.13173
1748008943066.0,1.13161,1.13167
1748008943176.0,1.13167,1.13173
1748008945156.0,1.13164,1.1317
1748008945486.0,1.13163,1.13169
1748008946036.0,1.13162,1.13168
1748008946366.0,1.13161,1.13167
1748008947281.0,1.13157,1.13163
1748008947384.0,1.13155,1.13161
1748008947825.0,1.13155,1.13161
1748008948164.0,1.13154,1.1316
1748008948486.0,1.13156,1.13162
1748008948814.0,1.13159,1.13165
1748008949256.0,1.13162,1.13168
1748008951214.0,1.13168,1.13174
1748008952364.0,1.13171,1.13177
1748008952589.0,1.13169,1.13175
1748008952804.0,1.13171,1.13177
1748008953538.0,1.13172,1.13178
1748008955287.0,1.13176,1.13182
1748008955504.0,1.13174,1.1318
1748008955622.0,1.13173,1.13179
1748008955943.0,1.13171,1.13177
1748008958214.0,1.1317,1.13176
1748008958783.0,1.13172,1.13178
1748008961296.0,1.13171,1.13177
1748008963807.0,1.13169,1.13175
1748008963914.0,1.13168,1.13174
1748008964242.0,1.13166,1.13172
1748008964463.0,1.13167,1.13173
1748008964797.0,1.13171,1.13177
1748008968033.0,1.13168,1.13174
1748008968916.0,1.13167,1.13173
1748008969913.0,1.13165,1.13171
1748008970019.0,1.13167,1.13173
1748008970732.0,1.13166,1.13172
1748008971509.0,1.13173,1.13179
1748008973033.0,1.13172,1.13178
1748008977181.0,1.1317,1.13176
1748008978467.0,1.13171,1.13177
1748008979129.0,1.13177,1.13183
1748008980664.0,1.13174,1.1318
1748008980882.0,1.13175,1.13181
1748008982357.0,1.13177,1.13183
1748008983433.0,1.13175,1.13181
1748008983846.0,1.13176,1.13182
1748008985108.0,1.13173,1.13179
1748008990263.0,1.13175,1.13181
1748008992190.0,1.13176,1.13182
1748008992297.0,1.13178,1.13184
1748008992520.0,1.13177,1.13183
1748008993910.0,1.13175,1.13181
1748008994458.0,1.13178,1.13184
1748008996042.0,1.13177,1.13183
1748008998863.0,1.13176,1.13182
1748008998973.0,1.13177,1.13183
1748009000988.0,1.13178,1.13184
1748009001204.0,1.13181,1.13187
1748009004673.0,1.13179,1.13185
1748009005011.0,1.13178,1.13184
1748009005498.0,1.13171,1.13177
1748009005613.0,1.13167,1.13173
1748009005943.0,1.13171,1.13177
1748009006656.0,1.1317,1.13176
1748009006986.0,1.13171,1.13177
1748009011842.0,1.13172,1.13178
1748009011954.0,1.13177,1.13183
1748009013162.0,1.13181,1.13187
1748009013908.0,1.13179,1.13185
1748009014024.0,1.13181,1.13187
1748009014350.0,1.13182,1.13188
1748009017014.0,1.13187,1.13193
1748009019030.0,1.13192,1.13198
1748009019487.0,1.1319,1.13196
1748009020407.0,1.13192,1.13198
1748009020617.0,1.13197,1.13203
1748009020840.0,1.13196,1.13202
1748009021177.0,1.13197,1.13203
1748009021277.0,1.13201,1.13207
1748009021505.0,1.13202,1.13208
1748009029648.0,1.13206,1.13212
1748009031073.0,1.13211,1.13217
1748009031404.0,1.13207,1.13213
1748009031732.0,1.13207,1.13213
1748009033119.0,1.13217,1.13223
1748009036804.0,1.13216,1.13222
1748009037705.0,1.13217,1.13223
1748009038035.0,1.13216,1.13222
1748009038979.0,1.13219,1.13225
1748009039441.0,1.13221,1.13227
1748009039549.0,1.13222,1.13228
1748009040824.0,1.1323,1.13236
1748009041044.0,1.13227,1.13233
1748009041784.0,1.13226,1.13232
1748009042161.0,1.13223,1.13229
1748009042267.0,1.13227,1.13233
1748009042821.0,1.13226,1.13232
1748009043657.0,1.13217,1.13223
1748009044268.0,1.13218,1.13224
1748009044371.0,1.13219,1.13225
1748009044797.0,1.13217,1.13223
1748009045017.0,1.13214,1.1322
1748009045456.0,1.13213,1.13219
1748009045786.0,1.13214,1.1322
1748009046114.0,1.13212,1.13218
1748009046227.0,1.13211,1.13217
1748009047134.0,1.13202,1.13208
1748009047940.0,1.13207,1.13213
1748009048992.0,1.1321,1.13216
1748009049319.0,1.13218,1.13224
1748009049426.0,1.13217,1.13223
1748009053233.0,1.13212,1.13218
1748009053810.0,1.13216,1.13222
1748009053923.0,1.13217,1.13223
1748009055418.0,1.13218,1.13224
1748009055620.0,1.13222,1.13228
1748009057298.0,1.13219,1.13225
1748009057408.0,1.1322,1.13226
1748009058474.0,1.13221,1.13227
1748009059896.0,1.13219,1.13225
1748009060004.0,1.13221,1.13227
1748009060332.0,1.1322,1.13226
1748009060553.0,1.13221,1.13227
1748009060888.0,1.1322,1.13226
1748009061211.0,1.13222,1.13228
1748009061768.0,1.13225,1.13231
1748009061880.0,1.13226,1.13232
1748009062106.0,1.13225,1.13231
1748009063704.0,1.13224,1.1323
1748009064139.0,1.13222,1.13228
1748009064600.0,1.13218,1.13224
1748009065429.0,1.13222,1.13228
1748009066483.0,1.13221,1.13227
1748009066863.0,1.13217,1.13231
1748009068018.0,1.13216,1.1323
1748009068685.0,1.13216,1.13225
1748009069474.0,1.13215,1.13224
1748009070085.0,1.13214,1.13223
1748009072112.0,1.13215,1.13224
1748009072560.0,1.13214,1.13223
1748009074358.0,1.13211,1.1322
1748009080106.0,1.13208,1.13222
1748009081748.0,1.13202,1.13216
1748009082082.0,,1.13214
1748009082778.0,1.132,1.13214
1748009082889.0,1.13198,1.13211
1748009083306.0,1.13198,1.13211
1748009083520.0,1.13202,1.13214
1748009084746.0,,1.13215
1748009085017.0,1.13203,
1748009086787.0,,1.13212
1748009087005.0,,1.13217
1748009087450.0,1.13206,1.13215
1748009087673.0,1.13205,1.13214
1748009088332.0,1.13206,1.13215
1748009089727.0,1.13205,1.13214
1748009090454.0,1.13203,1.13217
1748009093594.0,,1.13215
1748009097514.0,1.13202,1.13214
1748009097953.0,1.13203,1.13212
1748009098394.0,1.13205,1.13211
1748009099119.0,1.13206,1.13212
1748009100167.0,1.13213,1.13219
1748009101226.0,1.13208,1.13214
1748009101665.0,1.13199,1.13205
1748009101775.0,1.13198,1.13204
1748009102209.0,1.132,1.13206
1748009102432.0,1.13197,
1748009103204.0,1.13198,1.13207
1748009103423.0,1.13199,1.13208
1748009104526.0,1.13202,1.13211
1748009104745.0,1.13204,1.13213
1748009105363.0,1.13206,1.13212
1748009105825.0,1.13207,1.13213
1748009106756.0,1.13205,1.13211
1748009107205.0,1.13204,1.1321
1748009107520.0,1.13203,1.13209
1748009108027.0,1.13201,1.13207
1748009111162.0,1.13206,1.13212
1748009111381.0,1.13204,1.13213
1748009112219.0,1.13205,1.13214
1748009112907.0,1.13206,1.13215
1748009114189.0,1.13208,1.13217
1748009115481.0,1.13211,1.1322
1748009115705.0,1.13219,1.13228
1748009117155.0,1.13225,1.13234
1748009117942.0,1.13221,1.1323
1748009118173.0,1.1322,1.13229
1748009118276.0,1.13218,1.13227
1748009120178.0,1.13221,
1748009120754.0,1.1322,1.13226
1748009121084.0,1.13219,1.13225
1748009121195.0,1.1322,1.13226
1748009123452.0,1.13222,1.13228
1748009128386.0,1.13227,1.13233
1748009131743.0,1.13236,1.13242
1748009133807.0,1.13254,1.1326
1748009133920.0,1.13248,1.13254
1748009134403.0,1.13247,1.13253
1748009134614.0,1.13242,1.13248
1748009135127.0,1.13241,1.13247
1748009136557.0,1.13243,1.13249
1748009136665.0,1.13247,1.13253
1748009137484.0,1.13246,1.13252
1748009137816.0,1.13241,1.13247
1748009138032.0,1.13242,1.13248
1748009140490.0,1.1324,1.13249
1748009141832.0,1.13241,1.1325
1748009142256.0,1.13245,1.13254
1748009142924.0,1.13249,1.13258
1748009143135.0,1.13247,1.13256
1748009146107.0,1.1325,1.13259
1748009157850.0,1.13243,1.13252
1748009157960.0,1.13249,1.13258
1748009158621.0,1.13247,1.13256
1748009158950.0,1.13246,1.13255
1748009159062.0,,1.13252
1748009160928.0,1.13245,1.13254
1748009161552.0,1.13244,1.13253
1748009162742.0,1.1325,1.13259
1748009163083.0,1.13249,1.13258
1748009163639.0,1.13248,1.13257
1748009164187.0,1.13247,1.13256
1748009165416.0,1.13245,1.13254
1748009171231.0,1.1324,1.13246
1748009171819.0,1.13239,1.13245
1748009171927.0,1.13237,1.13243
1748009172258.0,1.13236,1.13242
1748009172373.0,1.13239,1.13245
1748009173028.0,1.13238,1.13247
1748009173635.0,1.13236,1.13245
1748009173731.0,1.13235,1.13244
1748009175353.0,1.13236,1.13245
1748009177023.0,1.13235,1.13244
1748009179248.0,1.13234,1.13243
1748009179710.0,1.13235,1.13244
1748009181381.0,1.1324,1.13249
1748009181599.0,1.13244,1.13253
1748009181811.0,1.1324,1.13249
1748009186390.0,1.13246,1.13255
1748009189323.0,1.1325,1.13259
1748009190668.0,1.13252,1.13258
1748009193614.0,1.13251,1.13257
1748009193834.0,1.13248,1.13254
1748009194055.0,1.13243,1.13249
1748009194162.0,1.13245,1.13251
1748009196070.0,1.13246,1.13252
1748009198504.0,1.13251,1.13257
1748009199014.0,1.13248,1.13254
1748009201364.0,1.13251,1.13257
1748009203385.0,1.13257,1.13263
1748009203607.0,1.13258,1.13264
1748009204044.0,1.13257,1.13263
1748009205271.0,1.13256,1.13262
1748009206076.0,1.13257,1.13263
1748009206764.0,1.13251,1.13257
1748009207684.0,1.13249,1.13255
1748009207792.0,1.13255,1.13261
1748009208586.0,1.13256,1.13262
1748009208808.0,1.13257,1.13263
1748009209357.0,1.1326,1.13266
1748009210106.0,1.13263,1.13269
1748009210339.0,1.13265,1.13271
1748009210433.0,1.13267,1.13273
1748009210963.0,1.13269,1.13275
1748009211072.0,1.13268,1.13274
1748009211460.0,1.13267,1.13273
1748009211571.0,1.13262,1.13268
1748009212231.0,1.1326,1.13266
1748009212699.0,1.13261,1.13267
1748009217592.0,1.13262,1.13268
1748009217811.0,1.13266,1.13272
1748009217929.0,1.13267,1.13273
1748009219040.0,1.13268,1.13274
1748009219905.0,1.13266,1.13275
1748009220931.0,1.13265,1.13274
1748009221257.0,1.13264,1.13273
1748009221807.0,1.13272,1.13281
1748009221918.0,1.13271,1.1328
1748009222138.0,1.1327,1.13279
1748009222671.0,1.13275,1.13284
1748009224689.0,1.13276,1.13285
1748009225715.0,1.13278,1.13284
1748009227874.0,1.13274,1.13283
1748009230194.0,1.13275,1.13284
1748009231135.0,1.13276,1.13285
1748009233521.0,1.13279,1.13288
1748009233851.0,1.1328,1.13289
1748009235194.0,1.13281,1.1329
1748009235413.0,1.13286,1.13295
1748009238543.0,1.1329,1.13299
1748009238876.0,1.13288,1.133
1748009239430.0,1.1329,1.13299
1748009242279.0,1.13291,1.133
1748009244484.0,1.1329,1.13299
1748009245404.0,1.13289,1.13298
1748009246703.0,1.13291,1.13297
1748009249695.0,1.13289,1.13295
1748009250477.0,1.13288,1.13294
1748009250806.0,1.13281,1.13287
1748009252537.0,1.13282,1.13288
1748009253926.0,1.13281,1.13287
1748009260480.0,1.13282,1.13288
1748009261187.0,1.13286,1.13292
1748009261518.0,1.1329,1.13296
1748009261639.0,1.13291,1.13297
1748009263580.0,1.13293,1.13299
1748009263913.0,1.13292,1.13298
1748009264739.0,1.13295,1.13301
1748009268026.0,1.13298,1.13304
1748009268361.0,1.13297,1.13303
1748009269135.0,1.13291,1.13297
1748009269246.0,1.13281,1.13287
1748009271131.0,1.1328,1.13286
1748009272132.0,1.13275,1.13281
1748009272354.0,1.13274,1.1328
1748009272683.0,1.13273,1.13279
1748009272792.0,1.13271,1.13277
1748009277765.0,1.13272,1.13278
1748009278409.0,1.13273,1.13279
1748009279705.0,1.13272,1.13281
1748009280385.0,1.13274,1.13285
1748009281016.0,1.13275,1.13284
1748009282496.0,1.13279,1.13288
1748009283804.0,1.13278,1.13289
1748009284062.0,,1.1329
1748009284903.0,1.13279,1.13291
1748009287372.0,1.13284,1.13296
1748009287593.0,1.13291,1.13303
1748009287704.0,1.13295,1.13304
1748009287922.0,1.13293,
1748009288475.0,1.13292,1.13301
1748009289028.0,1.13291,1.133
1748009292572.0,1.1329,1.13299
1748009293234.0,1.13291,1.133
1748009294741.0,1.1329,1.13299
1748009299531.0,1.13289,1.13298
1748009302865.0,1.1329,1.13299
1748009304368.0,1.13291,1.133
1748009304476.0,1.133,1.13309
1748009305205.0,1.13302,1.13311
1748009307207.0,1.13305,
1748009307316.0,1.13307,1.13313
1748009308172.0,1.13308,1.13314
1748009309247.0,1.13307,1.13313
1748009309575.0,1.13306,1.13312
1748009310171.0,1.13301,1.13315
1748009310617.0,1.13299,1.13311
1748009310946.0,1.13308,1.13321
1748009311055.0,1.13309,
1748009311505.0,1.13308,1.1332
1748009312775.0,1.13313,1.13325
1748009313363.0,1.13314,
1748009313919.0,,1.13327
1748009314141.0,1.13319,1.13328
1748009315167.0,1.13323,1.13332
1748009315385.0,1.13326,1.13335
1748009315606.0,1.1333,1.13339
1748009315831.0,,1.13341
1748009316058.0,,1.13339
1748009316875.0,1.13334,1.13343
1748009317094.0,1.13345,1.13354
1748009317532.0,1.13341,1.1335
1748009318898.0,1.13335,1.13344
1748009320395.0,1.13331,1.1334
1748009320849.0,1.13338,1.13344
1748009321843.0,1.13335,1.13341
1748009322057.0,1.13334,1.1334
1748009322970.0,1.13333,1.13339
1748009323776.0,1.13337,1.13343
1748009325037.0,1.13338,1.13344
1748009325149.0,1.1334,1.13346
1748009326409.0,1.13338,1.13344
1748009326964.0,1.13337,1.13343
1748009330166.0,1.13342,1.13348
1748009330945.0,1.13347,1.13353
1748009331912.0,1.13353,1.13359
1748009333004.0,1.1335,1.13356
1748009333106.0,1.13351,1.13357
1748009333323.0,1.13349,1.13355
1748009333434.0,1.13351,1.13357
1748009333872.0,1.1335,1.13356
1748009333982.0,1.13349,1.13355
1748009334326.0,1.13346,1.13357
1748009334550.0,1.13347,1.13356
1748009335836.0,1.13345,1.13354
1748009336232.0,1.13341,1.1335
1748009336448.0,1.13341,1.13352
1748009336810.0,1.1334,1.13351
1748009337153.0,1.13342,1.13348
1748009337482.0,1.13352,1.13358
1748009339990.0,1.13362,1.13368
1748009340321.0,1.13361,1.13367
1748009340539.0,1.13362,1.13368
1748009342387.0,1.13357,1.13363
1748009342496.0,1.1336,1.13366
1748009342939.0,1.13362,1.13368
1748009343328.0,1.1336,1.13366
1748009344547.0,1.13357,1.13363
1748009344765.0,1.13355,1.13361
1748009345533.0,1.13356,1.13362
1748009345634.0,1.13355,1.13361
1748009347706.0,1.13356,1.13362
1748009348666.0,1.13355,1.13361
1748009349226.0,1.13352,1.13358
1748009351907.0,1.13354,1.1336
1748009352905.0,1.13353,1.13359
1748009353369.0,1.13352,1.13358
1748009358566.0,1.13344,1.1335
1748009358673.0,1.13338,1.13344
1748009361555.0,1.13345,1.13351
1748009362809.0,1.13347,1.13353
1748009363140.0,1.13352,1.13358
1748009364745.0,1.13351,1.13357
1748009364856.0,1.13352,1.13358
1748009365074.0,1.13349,1.13355
1748009365514.0,1.13348,1.13354
1748009365623.0,1.13347,1.13353
1748009366853.0,1.13348,1.13354
1748009368603.0,1.13347,1.13353
1748009374185.0,1.13343,1.13349
1748009376545.0,1.13342,1.13348
1748009377118.0,1.13341,1.13347
1748009378107.0,1.13342,1.13348
1748009378324.0,1.13338,1.13344
1748009379440.0,1.13342,1.13348
1748009385217.0,1.13343,1.13349
1748009387691.0,1.13342,1.13348
1748009388024.0,1.13345,1.13351
1748009388131.0,1.13344,1.1335
1748009391940.0,1.13353,1.13359
1748009393947.0,1.13352,1.13358
1748009396319.0,1.13351,1.13357
1748009400390.0,1.13343,1.13349
1748009400505.0,1.13344,1.1335
1748009401095.0,1.13343,1.13349
1748009402042.0,1.13337,1.13343
1748009403466.0,1.1334,1.13346
1748009404121.0,1.13342,1.13348
1748009404339.0,1.13344,1.1335
1748009405416.0,1.13345,1.13351
1748009406227.0,1.13343,1.13352
1748009406988.0,1.13344,1.13353
1748009408248.0,1.13346,1.13352
1748009409206.0,1.13345,1.13351
1748009409299.0,1.13346,1.13352
1748009410307.0,1.13347,1.13353
1748009411382.0,1.1333,1.13339
1748009411903.0,1.13328,1.13334
1748009412009.0,1.13327,1.13333
1748009412351.0,1.13322,1.13328
1748009413350.0,1.13321,1.13327
1748009414309.0,1.13331,1.13337
1748009414531.0,1.13331,1.13337
1748009416398.0,1.13332,1.13338
1748009416510.0,1.13331,1.13337
1748009416729.0,1.13329,1.13335
1748009417413.0,1.13327,1.13333
1748009419224.0,1.13328,1.13334
1748009419705.0,1.13327,1.13333
1748009420919.0,1.13322,1.13328
1748009421138.0,1.13321,1.13327
1748009422694.0,1.13326,1.13332
1748009423764.0,1.13325,1.13331
1748009425243.0,1.13326,1.13332
1748009425863.0,1.13322,1.13328
1748009429325.0,1.13321,1.13327
1748009430236.0,1.13319,1.13328
1748009430674.0,1.1332,1.13329
1748009431512.0,1.13321,1.13327
1748009431732.0,1.13322,1.13328
1748009432847.0,1.13324,1.1333
1748009433073.0,1.13325,1.13331
1748009434529.0,1.13326,1.13332
1748009435378.0,1.13325,1.13331
1748009436294.0,1.13326,1.13332
1748009437753.0,1.13323,1.13329
1748009437975.0,1.13321,1.13327
1748009439539.0,1.13327,1.13333
1748009439757.0,1.13319,1.13325
1748009441361.0,1.13324,1.1333
1748009442240.0,1.13325,1.13331
1748009443037.0,1.13326,1.13332
1748009445618.0,1.13325,1.13331
1748009446195.0,1.13326,1.13332
1748009446305.0,1.1333,1.13336
1748009446521.0,1.13327,1.13333
1748009447230.0,1.13329,1.13338
1748009447560.0,1.13327,1.13336
1748009448941.0,1.13329,1.13335
1748009449170.0,1.13331,1.13337
1748009449274.0,1.13332,1.13338
1748009449821.0,1.13331,1.1334
1748009450839.0,1.1333,1.13339
1748009453155.0,1.13332,1.13338
1748009453595.0,1.13336,1.13342
1748009453705.0,1.13332,1.13338
1748009454465.0,1.13334,1.1334
1748009454683.0,1.13333,1.13339
1748009454905.0,1.13334,1.1334
1748009455578.0,1.13335,1.13341
1748009456872.0,1.13338,1.13344
1748009456984.0,1.13337,1.13343
1748009457687.0,1.13332,1.13338
1748009458680.0,1.1333,1.13336
1748009459931.0,1.13334,1.1334
1748009460260.0,1.13332,1.13338
1748009460811.0,1.13331,1.13337
1748009461581.0,1.1333,1.13336
1748009462317.0,1.13331,1.13337
1748009466365.0,1.1333,1.13336
1748009466688.0,1.13326,1.13332
1748009466805.0,1.13322,1.13328
1748009467240.0,1.13321,1.13327
1748009467348.0,1.13326,1.13332
1748009467789.0,1.13324,1.1333
1748009469539.0,1.13319,1.13325
1748009470775.0,1.13321,1.13327
1748009472842.0,1.1332,1.13326
1748009474640.0,1.13321,1.13327
1748009474973.0,1.13319,1.13325
1748009476782.0,1.13322,1.13328
1748009480588.0,1.13324,1.1333
1748009480704.0,1.13331,1.13337
1748009481373.0,1.1333,1.13336
1748009482487.0,1.13329,1.13335
1748009483437.0,1.13328,1.13334
1748009485205.0,1.13329,1.13335
1748009485541.0,1.13328,1.13334
1748009485982.0,1.13324,1.1333
1748009488252.0,1.13326,1.13332
1748009488584.0,1.13325,1.13331
1748009489133.0,1.13326,1.13332
1748009490417.0,1.13323,1.13329
1748009490748.0,1.13324,1.1333
1748009491233.0,1.13325,1.13331
1748009491466.0,1.13324,1.1333
1748009492297.0,1.13325,1.13331
1748009492956.0,1.13324,1.1333
1748009493433.0,1.13327,1.13333
1748009494338.0,1.13331,1.13337
1748009497193.0,1.1333,1.13336
1748009498945.0,1.13335,1.13341
1748009499053.0,1.13334,1.1334
1748009501733.0,1.13332,1.13338
1748009501842.0,1.13331,1.13337
1748009504604.0,1.13336,1.13342
1748009505106.0,1.13335,1.13341
1748009508104.0,1.13334,1.1334
1748009508704.0,1.13335,1.13341
1748009509166.0,1.13338,1.13344
1748009509491.0,1.13345,1.13351
1748009511429.0,1.13347,1.13353
1748009515410.0,1.13346,1.13352
1748009516114.0,1.13351,1.13357
1748009516333.0,1.13355,1.13361
1748009518422.0,1.13356,1.13362
1748009519794.0,1.13359,1.13365
1748009521035.0,1.1336,1.13366
1748009521375.0,1.13361,1.13367
1748009521704.0,1.13371,1.13377
1748009523029.0,1.13365,1.13371
1748009523136.0,1.13364,1.1337
1748009523637.0,1.13362,1.13368
1748009524096.0,1.1336,1.13366
1748009524318.0,1.13362,1.13368
1748009528505.0,1.13358,1.13364
1748009528616.0,1.13357,1.13363
1748009531412.0,1.13359,1.13365
1748009531627.0,1.13362,1.13368
1748009532766.0,1.1336,1.13366
1748009533104.0,1.13366,1.13375
1748009533322.0,1.13367,1.13373
1748009534156.0,1.13365,1.13371
1748009534486.0,1.13367,1.13373
1748009535440.0,1.13365,1.13371
1748009535663.0,1.13363,1.13369
1748009536009.0,1.13361,1.13367
1748009538046.0,1.1336,1.13366
1748009538663.0,1.13356,1.13365
1748009538878.0,1.13352,1.13358
1748009539088.0,1.13349,1.13355
1748009539869.0,1.13347,1.13353
1748009540199.0,1.13343,1.13349
1748009540529.0,1.13342,1.13348
1748009540640.0,1.13338,1.13344
1748009541188.0,1.1334,1.13346
1748009542005.0,1.13338,1.13344
1748009542117.0,1.13337,1.13346
1748009543164.0,1.13341,1.1335
1748009543434.0,1.13342,1.13351
1748009543546.0,1.13345,1.13354
1748009544671.0,1.13351,1.1336
1748009544786.0,1.13349,1.13358
1748009545817.0,1.13351,1.13357
1748009548476.0,1.13348,1.13354
1748009548579.0,1.13347,1.13353
1748009549170.0,1.13341,1.1335
1748009551611.0,1.13339,1.13351
1748009552162.0,1.13336,1.13349
1748009552821.0,,1.13348
1748009553043.0,1.13333,1.13345
1748009553920.0,1.13332,1.13344
1748009554912.0,1.13334,1.13345
1748009556075.0,1.13333,
1748009557179.0,,1.13344
1748009557782.0,,1.13345
1748009558110.0,1.13334,
1748009558860.0,1.13333,
1748009560263.0,1.13331,1.13342
1748009560372.0,1.1333,1.13341
1748009562197.0,1.13334,1.13345
1748009562417.0,1.13333,1.13344
1748009563772.0,,1.13345
1748009564232.0,1.13335,1.13344
1748009564652.0,1.13333,1.13345
1748009565013.0,1.13335,1.13344
1748009567510.0,1.13334,1.13343
1748009567620.0,1.13333,1.13344
1748009568211.0,1.13334,1.13343
1748009568322.0,1.13335,1.13344
1748009568712.0,1.13333,
1748009569378.0,1.13335,
1748009570370.0,1.13338,1.13347
1748009570479.0,1.13332,1.13341
1748009571811.0,1.1333,1.13339
1748009573824.0,1.13325,1.13334
1748009573931.0,1.13319,1.13328
1748009574734.0,1.13321,1.1333
1748009574965.0,1.13322,1.13331
1748009575442.0,1.13322,1.13331
1748009576167.0,1.13321,1.1333
1748009577051.0,1.1332,1.13329
1748009577284.0,1.13324,1.13333
1748009577492.0,1.13333,1.13342
1748009577605.0,1.13336,
1748009577825.0,1.13335,1.13341
1748009579345.0,1.13337,1.13343
1748009579554.0,1.13337,1.13343
1748009579779.0,1.13339,1.13345
1748009580705.0,1.13338,1.13344
1748009580930.0,1.13336,1.13345
1748009581595.0,1.13337,1.13346
1748009582438.0,1.1334,1.13349
1748009586742.0,1.13345,1.13354
1748009590241.0,1.13337,1.13346
1748009590567.0,1.13336,1.13345
1748009590679.0,1.13335,1.13344
1748009592072.0,1.13336,1.13342
1748009593257.0,1.13335,1.13341
1748009601656.0,1.13331,1.13337
1748009601766.0,1.13327,1.13333
1748009605603.0,1.13326,1.13332
1748009607219.0,1.1333,1.13336
1748009609281.0,1.13327,1.13333
1748009610533.0,1.13326,1.13332
1748009612892.0,1.1333,1.13336
1748009613406.0,1.13331,1.13337
1748009616104.0,1.13326,1.13335
1748009616313.0,1.13325,1.13334
1748009617114.0,1.13327,1.13336
1748009617810.0,1.13326,1.13335
1748009618325.0,1.13325,1.13334
1748009618855.0,1.13324,1.13333
1748009619297.0,1.13325,1.13334
1748009621410.0,1.13324,1.13333
1748009623469.0,1.13325,1.13334
1748009623913.0,1.13336,1.13342
1748009624239.0,1.13335,1.13341
1748009624463.0,1.13336,1.13342
1748009624896.0,1.13331,1.13337
1748009630442.0,1.13337,1.13343
1748009630889.0,1.13339,1.13351
1748009631323.0,1.13337,
1748009631551.0,1.13344,1.13353
1748009633140.0,1.13343,1.13352
1748009634320.0,1.13344,1.1335
1748009635186.0,1.13345,1.13351
1748009638673.0,1.13342,1.13348
1748009638781.0,1.13345,1.13351
1748009639805.0,1.13346,1.13352
1748009639985.0,1.13345,1.13351
1748009640426.0,1.13346,1.13352
1748009640646.0,1.13345,1.13351
1748009642331.0,1.13349,1.13355
1748009642442.0,1.1335,1.13356
1748009642950.0,1.13351,1.13357
1748009645424.0,1.13348,1.13354
1748009647393.0,1.13346,1.13352
1748009647504.0,1.13349,1.13355
1748009648631.0,1.13348,1.13354
1748009649466.0,1.13347,1.13353
1748009652174.0,1.13352,1.13358
1748009652274.0,1.1335,1.13356
1748009652720.0,1.13346,1.13352
1748009653632.0,1.13348,1.13354
1748009656680.0,1.13351,1.13357
1748009660628.0,1.13357,1.13363
1748009661297.0,1.13355,1.13361
1748009662536.0,1.13356,1.13362
1748009662872.0,1.13357,1.13363
1748009664828.0,1.13356,1.13362
1748009665055.0,1.13353,1.13359
1748009665386.0,1.13355,1.13361
1748009668720.0,1.13365,1.13371
1748009668938.0,1.13367,1.13373
1748009669942.0,1.13371,1.13377
1748009670040.0,1.13368,1.13374
1748009670969.0,1.13363,1.13369
1748009672083.0,1.13366,1.13372
1748009672305.0,1.13365,1.13371
1748009674137.0,1.13362,1.13368
1748009674245.0,1.13361,1.13367
1748009675553.0,1.13358,1.13364
1748009676798.0,1.13357,1.13363
1748009677354.0,1.13363,1.13369
1748009677484.0,1.13359,1.13365
1748009678844.0,1.13361,1.13367
1748009680988.0,1.13362,1.13368
1748009682572.0,1.13361,1.13367
1748009682681.0,1.1336,1.13366
1748009684189.0,1.13357,1.13363
1748009686820.0,1.13357,1.13363
1748009686929.0,1.13358,1.13364
1748009687041.0,1.13359,1.13365
1748009688884.0,1.13361,1.13367
1748009689104.0,1.13359,1.13365
1748009690125.0,1.13357,1.13363
1748009690885.0,1.13356,1.13362
1748009690988.0,1.13353,1.13359
1748009693489.0,1.13356,1.13362
1748009698120.0,1.13355,1.13361
1748009699335.0,1.13354,1.1336
1748009699557.0,1.13351,1.13357
1748009699886.0,1.1335,1.13356
1748009700107.0,1.13354,1.1336
1748009705409.0,1.13349,1.13355
1748009705495.0,1.1335,1.13356
1748009707273.0,1.13351,1.13357
1748009708342.0,1.13356,1.13362
1748009708765.0,1.13354,1.1336
1748009708864.0,1.13356,1.13362
1748009710854.0,1.13362,1.13368
1748009716026.0,1.13361,1.13367
1748009721139.0,1.13362,1.13368
1748009721357.0,1.13359,1.13365
1748009721465.0,1.13358,1.13364
1748009721983.0,1.13357,1.13363
1748009725022.0,1.13364,1.1337
1748009725572.0,1.13362,1.13368
1748009727274.0,1.13361,1.13367
1748009729106.0,1.13357,1.13363
1748009734185.0,1.13362,1.13371
1748009734297.0,1.1336,1.13369
1748009735252.0,1.13361,1.1337
1748009736436.0,,1.13367
1748009738266.0,1.1336,1.13366
1748009738608.0,1.13361,1.13367
1748009741147.0,1.13367,1.13373
1748009743306.0,1.13369,1.13375
1748009744566.0,1.1337,1.13376
1748009750078.0,1.13372,1.13378
1748009750641.0,1.13371,1.13377
1748009750757.0,1.1337,1.13376
1748009753133.0,1.13371,1.13377
1748009754869.0,1.13367,1.13373
1748009758306.0,1.1337,1.13376
1748009758417.0,1.13371,1.13377
1748009761362.0,1.13372,1.13378
1748009762287.0,1.13382,1.13388
1748009762837.0,1.13377,1.13386
1748009762951.0,1.13375,1.13381
1748009763386.0,1.13371,1.13377
1748009765298.0,1.13376,1.13382
1748009765735.0,1.13377,1.13383
1748009766322.0,1.13379,1.13385
1748009767085.0,1.13378,1.13384
1748009767412.0,1.13381,1.13387
1748009768097.0,1.13382,1.13388
1748009770044.0,1.13381,1.13387
1748009770266.0,1.13384,1.1339
1748009770816.0,1.13385,1.13391
1748009771257.0,1.13383,1.13389
1748009771585.0,1.13384,1.1339
1748009772120.0,1.13385,1.13391
1748009775096.0,1.13386,1.13392
1748009778034.0,1.13396,1.13402
1748009778137.0,1.13394,1.134
1748009778472.0,1.13393,1.13399
1748009780070.0,1.13394,1.134
1748009780954.0,1.13399,1.13405
1748009781283.0,1.13401,1.13407
1748009781614.0,1.13403,1.13409
1748009781724.0,1.13404,1.1341
1748009782165.0,1.13397,1.13403
1748009782277.0,1.13396,1.13402
1748009782725.0,1.13394,1.134
1748009782833.0,1.1339,1.13396
1748009783504.0,1.13391,1.13397
1748009784371.0,1.13392,1.13398
1748009785325.0,1.13397,1.13403
1748009785442.0,1.13398,1.13404
1748009786371.0,1.13397,1.13403
1748009786810.0,1.13396,1.13402
1748009787869.0,1.134,1.13406
1748009788077.0,1.13397,1.13403
1748009793922.0,1.13396,1.13402
1748009795772.0,1.13395,1.13401
1748009795992.0,1.13395,1.13401
1748009796103.0,1.13394,1.134
1748009796980.0,1.13392,1.13398
1748009797839.0,1.1339,1.13396
1748009798181.0,1.13388,1.13394
1748009798893.0,1.13391,1.13397
1748009800075.0,1.13392,1.13398
1748009800516.0,1.13393,1.13399
1748009800625.0,1.13394,1.134
1748009800848.0,1.13395,1.13401
1748009801563.0,1.13394,1.134
1748009802355.0,1.13397,1.13403
1748009803628.0,1.134,1.13406
1748009805480.0,1.13397,1.13403
1748009805706.0,1.13398,1.13404
1748009807998.0,1.13396,1.13402
1748009808107.0,1.13398,1.13404
1748009810347.0,1.13394,1.134
1748009810460.0,1.13389,1.13395
1748009810681.0,1.13393,1.13399
1748009811655.0,1.13392,1.13398
1748009812787.0,1.13389,1.13395
1748009817054.0,1.1339,1.13396
1748009818776.0,1.13394,1.134
1748009819325.0,1.13396,1.13402
1748009819653.0,1.13393,1.13399
1748009820399.0,1.13394,1.134
1748009821276.0,1.13381,1.13387
1748009821386.0,1.13379,1.13385
1748009822665.0,1.13375,1.13381
1748009822775.0,,1.13384
1748009823214.0,1.13378,
1748009823546.0,1.13377,1.13383
1748009824546.0,1.13376,1.13382
1748009825741.0,1.1338,1.13386
1748009832003.0,1.13381,1.13387
1748009836972.0,1.13374,1.13383
1748009838206.0,1.1338,1.13386
1748009839653.0,1.13378,1.13384
1748009841859.0,1.13372,1.13378
1748009841958.0,1.13371,1.13377
1748009846294.0,1.13375,1.13381
1748009846413.0,1.13377,1.13383
1748009846845.0,1.13376,1.13382
1748009847670.0,1.13371,1.13377
1748009853305.0,1.13379,1.13385
1748009853411.0,1.1338,1.13386
1748009853853.0,1.13378,1.13384
1748009854181.0,1.13376,1.13382
1748009854404.0,1.13374,1.13383
1748009855414.0,1.13373,1.13382
1748009856598.0,1.13376,
1748009857805.0,1.13375,1.13381
1748009858241.0,1.13376,1.13382
1748009859703.0,1.13377,1.13383
1748009860435.0,1.13376,1.13382
1748009866093.0,1.13389,1.13395
1748009866312.0,1.13391,1.13397
1748009866872.0,1.13393,1.13399
1748009867061.0,1.13391,1.13397
1748009870788.0,1.1339,1.13396
1748009871903.0,1.13382,1.13388
1748009872011.0,1.13381,1.13387
1748009873350.0,1.13385,1.13391
1748009876089.0,1.13384,1.1339
1748009876857.0,1.13382,1.13388
1748009877078.0,1.13381,1.13387
1748009877809.0,1.13379,1.13385
1748009878034.0,1.13381,1.13387
1748009885331.0,1.13377,1.13383
1748009885441.0,1.13376,1.13382
1748009886105.0,1.13374,1.1338
1748009886432.0,1.13372,1.13378
1748009886761.0,1.13374,1.1338
1748009887094.0,1.13373,1.13379
1748009887422.0,1.13367,1.13373
1748009888005.0,1.13366,1.13372
1748009889793.0,1.13363,1.13369
1748009889903.0,1.1336,1.13366
1748009891332.0,1.13361,1.13367
1748009891552.0,1.13365,1.13371
1748009891883.0,1.13366,1.13372
1748009892463.0,1.13371,1.13377
1748009892571.0,1.13369,1.13375
1748009892681.0,1.13367,1.13376
1748009892910.0,1.13371,1.13377
1748009895960.0,1.1337,1.13376
1748009897745.0,1.13366,1.13375
1748009898076.0,1.13373,1.13379
1748009898203.0,1.13371,1.13377
1748009902892.0,1.13369,1.13375
1748009903111.0,1.13365,1.13374
1748009904766.0,1.13367,1.13373
1748009904881.0,1.13368,1.13374
1748009906369.0,1.13367,1.13373
1748009907235.0,1.13365,1.13371
1748009910511.0,1.13364,1.1337
1748009910623.0,1.1336,1.13366
1748009912637.0,1.13365,1.13371
1748009913657.0,1.13364,1.1337
1748009915481.0,1.13362,1.13368
1748009915718.0,1.13361,1.13367
1748009916581.0,1.13355,1.13361
1748009917804.0,1.13356,1.13362
1748009922315.0,1.13361,1.13367
1748009923863.0,1.13364,1.1337
1748009924091.0,1.13362,1.13368
1748009924822.0,1.13365,1.13371
1748009926783.0,1.13364,1.1337
1748009927011.0,1.13362,1.13368
1748009927222.0,1.13361,1.13367
1748009928942.0,1.13356,1.13362
1748009931020.0,1.13358,1.13367
1748009931351.0,1.13357,1.13366
1748009931791.0,1.13356,1.13365
1748009932445.0,1.13355,1.13364
1748009932921.0,1.13352,1.13358
1748009933142.0,1.13353,1.13359
1748009936945.0,1.13356,1.13362
1748009937836.0,1.13357,1.13363
1748009938771.0,1.13356,1.13362
1748009938885.0,1.13354,1.1336
1748009939476.0,1.13356,1.13362
1748009941530.0,1.13355,1.13361
1748009942899.0,1.13356,1.13362
1748009953983.0,1.13352,1.13358
1748009963998.0,1.13351,1.13357
1748009968026.0,1.1335,1.13356
1748009968648.0,1.13349,1.13355
1748009977581.0,1.1335,1.13356
1748009977805.0,1.13352,1.13358
1748009981577.0,1.13351,1.13357
1748009982205.0,1.1336,1.13366
1748009983642.0,1.13362,1.13368
1748009983861.0,1.13365,1.13371
1748009983970.0,1.13363,1.13369
1748009987890.0,1.13358,1.13364
1748009988141.0,1.13357,1.13363
1748009991123.0,1.1336,1.13366
1748009994251.0,1.13369,1.13375
1748009995021.0,1.13366,1.13372
1748009995133.0,1.13362,1.13368
1748009995753.0,1.13364,1.1337
1748009995857.0,1.13365,1.13371
1748009996363.0,1.13364,1.1337
1748009996819.0,1.13365,1.13371
1748009999268.0,1.13366,1.13372
1748009999372.0,1.13371,1.13377
1748010001316.0,1.13369,1.13375
1748010001791.0,1.1337,1.13376
1748010003157.0,1.13371,1.13377
1748010004136.0,1.13366,1.13372
1748010005408.0,1.13362,1.13368
1748010010426.0,1.13361,1.13367
1748010022915.0,1.13355,1.13361
1748010023256.0,1.13356,1.13362
1748010025527.0,1.1336,1.13366
1748010026119.0,1.13359,1.13365
1748010026221.0,1.13356,1.13362
1748010028181.0,1.13355,1.13361
1748010028407.0,1.13352,1.13365
1748010029443.0,1.13351,1.13364
1748010031647.0,1.1335,1.13362
1748010034403.0,,1.13361
1748010034839.0,1.13348,1.1336
1748010036084.0,1.13349,
1748010038159.0,1.13352,1.13361
1748010038929.0,1.13352,1.13361
1748010039925.0,1.13351,1.1336
1748010041699.0,1.1335,1.13359
1748010044822.0,1.13343,1.13352
1748010044925.0,1.13341,1.1335
1748010045255.0,1.13344,1.13353
1748010046658.0,1.13342,1.13351
1748010046878.0,1.13341,1.1335
1748010048216.0,1.13342,1.13351
1748010049612.0,1.13344,1.13353
1748010056167.0,1.13346,1.13352
1748010059114.0,1.13344,1.1335
1748010059334.0,1.13342,1.13348
1748010063619.0,1.1334,1.13346
1748010063944.0,1.13348,1.13354
1748010064055.0,1.13346,1.13352
1748010068286.0,1.13353,1.13362
1748010068505.0,1.13354,1.13363
1748010068967.0,1.13353,1.13362
1748010069293.0,1.13352,1.13361
1748010070861.0,1.13352,1.13361
1748010071412.0,1.13354,1.13363
1748010071527.0,1.13351,1.1336
1748010072005.0,1.1335,1.13359
1748010072219.0,1.13352,1.13358
1748010072440.0,1.13351,1.13357
1748010075053.0,1.13355,1.13361
1748010075493.0,1.13356,1.13362
1748010075933.0,1.13353,1.13366
1748010076374.0,1.13352,1.13365
1748010077513.0,1.13354,1.13367
1748010077622.0,1.13352,1.13366
1748010077840.0,1.13353,
1748010078398.0,1.13354,1.13365
1748010078518.0,1.13349,1.13361
1748010078838.0,1.1335,1.13359
1748010079278.0,1.13351,1.1336
1748010079725.0,1.1335,1.13359
1748010084537.0,1.13353,1.13362
1748010084757.0,1.13352,1.13361
1748010084865.0,1.13351,1.1336
1748010087251.0,1.1335,1.13359
1748010090219.0,1.13344,1.13353
1748010092108.0,1.13345,1.13354
1748010096095.0,1.13344,1.13353
1748010096207.0,1.13345,1.13354
1748010096315.0,1.13344,1.13353
1748010097273.0,1.13345,1.13354
1748010097621.0,1.13344,1.13353
1748010098173.0,1.13339,1.13348
1748010099112.0,1.13335,1.13344
1748010099221.0,1.13334,1.13343
1748010101486.0,1.13338,1.13344
1748010101700.0,1.13337,1.13343
1748010102029.0,1.13335,1.13344
1748010102139.0,1.13333,1.13345
1748010102623.0,1.13335,1.13344
1748010106444.0,1.13339,1.13348
1748010106542.0,1.13343,1.13354
1748010107119.0,1.13342,1.13355
1748010107366.0,1.13343,1.13354
1748010107588.0,1.13342,1.13351
1748010108984.0,1.13341,1.1335
1748010111068.0,1.13346,1.13355
1748010111282.0,1.13347,1.13356
1748010111725.0,1.13346,1.13355
1748010111943.0,1.1335,1.13359
1748010118404.0,1.13349,1.13358
1748010122020.0,1.13348,1.13357
1748010122130.0,1.13345,1.13354
1748010122349.0,1.13344,1.13353
1748010124873.0,1.13349,1.13355
1748010125711.0,1.1335,1.13356
1748010125823.0,1.13351,1.13357
1748010127221.0,1.13352,1.13358
1748010127563.0,1.1336,1.13366
1748010127781.0,1.13361,1.13367
1748010128118.0,1.1336,1.13366
1748010128897.0,1.13361,1.13367
1748010131270.0,1.1336,1.13366
1748010132429.0,1.13361,1.13367
1748010137335.0,1.1336,1.13366
1748010139230.0,1.13361,1.13367
1748010140059.0,1.13363,1.13369
1748010140280.0,1.13368,1.13374
1748010140608.0,1.1337,1.13376
1748010140939.0,1.13371,1.13377
1748010141658.0,1.13376,1.13382
1748010141764.0,1.13381,1.13387
1748010142095.0,1.1338,1.13389
1748010142865.0,1.13381,1.1339
1748010143412.0,1.13383,1.13392
1748010143632.0,1.13384,1.13393
1748010143962.0,1.13385,1.13391
1748010144829.0,1.13384,1.1339
1748010144940.0,1.13381,1.13387
1748010145261.0,1.13382,1.13388
1748010146200.0,1.13386,1.13395
1748010146417.0,1.13387,1.13393
1748010146636.0,1.13386,1.13392
1748010147077.0,1.13385,1.13391
1748010147296.0,1.13384,1.1339
1748010148240.0,1.13375,1.13384
1748010148460.0,1.13374,1.13383
1748010150504.0,1.13375,1.13384
1748010152296.0,1.13376,1.13382
1748010152876.0,1.13379,1.13385
1748010154365.0,1.13387,1.13396
1748010154696.0,1.1339,1.13399
1748010154916.0,1.13389,1.13398
1748010156565.0,1.1339,1.13396
1748010157522.0,1.13397,1.13403
1748010157851.0,1.134,1.13406
1748010158622.0,1.13399,1.13405
1748010159206.0,1.13398,1.13404
1748010163382.0,1.13396,1.13402
1748010164740.0,1.13399,1.13405
1748010165077.0,1.134,1.13406
1748010167511.0,1.13408,1.13414
1748010167732.0,1.13408,1.13414
1748010167950.0,1.13407,1.13413
1748010169168.0,1.13403,1.13409
1748010169594.0,1.13402,1.13408
1748010169923.0,1.13401,1.13407
1748010170253.0,1.13396,1.13402
1748010170583.0,1.13397,1.13403
1748010171446.0,1.13393,1.13399
1748010171554.0,1.13391,1.13397
1748010172044.0,1.134,1.13406
1748010172155.0,1.13389,1.13398
1748010172733.0,1.13391,1.13397
1748010174382.0,1.13386,1.13392
1748010174604.0,1.13385,1.13391
1748010174713.0,1.13384,1.1339
1748010175522.0,1.13383,1.13389
1748010177558.0,1.13381,1.13387
1748010177783.0,1.13377,1.13383
1748010177895.0,1.13378,1.13384
1748010178337.0,1.13377,1.13383
1748010179954.0,1.1338,1.13386
1748010180173.0,1.13382,1.13388
1748010182556.0,1.13386,1.13392
1748010183676.0,1.13383,1.13389
1748010183783.0,1.13384,1.1339
1748010184224.0,1.13381,1.13387
1748010184334.0,1.13382,1.13388
1748010187676.0,1.13383,1.13389
1748010187785.0,1.13381,1.13387
1748010188226.0,1.1338,1.13386
1748010188446.0,1.13378,1.13384
1748010188559.0,1.13377,1.13383
1748010188666.0,1.13376,1.13382
1748010188893.0,1.13373,1.13379
1748010189105.0,1.13375,1.13381
1748010189877.0,1.13374,1.1338
1748010189986.0,1.13375,1.13381
1748010192092.0,1.13376,1.13382
1748010193517.0,1.13385,1.13394
1748010194032.0,1.13393,1.13402
1748010194363.0,1.13397,1.13403
1748010194587.0,1.13396,1.13405
1748010195343.0,1.134,1.13406
1748010195563.0,1.13401,1.13407
1748010195786.0,1.13399,1.13405
1748010196444.0,1.13403,1.13409
1748010197159.0,1.13405,1.13411
1748010198567.0,1.13406,1.13412
1748010201500.0,1.13407,1.13413
1748010201610.0,1.13406,1.13412
1748010202784.0,1.134,1.13406
1748010203535.0,1.13401,1.13407
1748010204300.0,1.134,1.13406
1748010205699.0,1.13397,1.13403
1748010206880.0,1.13393,1.13399
1748010206990.0,1.13392,1.13398
1748010207541.0,1.13391,1.13397
1748010207871.0,1.13392,1.13398
1748010208092.0,1.13392,1.13398
1748010208666.0,1.13396,1.13402
1748010208774.0,1.13397,1.13403
1748010208988.0,1.134,1.13406
1748010210022.0,1.13396,1.13402
1748010212523.0,1.13395,1.13401
1748010212625.0,1.13397,1.13403
1748010212850.0,1.13395,1.13404
1748010213175.0,1.13396,1.13405
1748010214165.0,1.13397,1.13403
1748010215833.0,1.13401,1.13407
1748010216163.0,1.13401,1.13407
1748010217021.0,1.13402,1.13408
1748010217780.0,1.13401,1.13407
1748010218211.0,1.13405,1.13411
1748010218715.0,1.13402,1.13408
1748010219375.0,1.13403,1.13409
1748010220474.0,1.13402,1.13408
1748010223203.0,1.13401,1.1341
1748010223909.0,1.134,1.13411
1748010224133.0,1.13401,1.1341
1748010224492.0,1.134,1.13411
1748010225454.0,1.13401,1.1341
1748010225786.0,1.13405,1.13414
1748010225897.0,1.13401,1.1341
1748010226126.0,1.13396,1.13405
1748010226447.0,1.13399,1.13408
1748010228394.0,1.13396,1.13405
1748010228720.0,1.13395,1.13401
1748010229462.0,1.13394,1.134
1748010230498.0,1.13389,1.13395
1748010231054.0,1.13391,1.13397
1748010231864.0,1.13393,1.13399
1748010232082.0,1.13395,1.13401
1748010232305.0,1.13387,1.13393
1748010232961.0,1.13386,1.13392
1748010233292.0,1.13384,1.1339
1748010234121.0,1.13383,1.13389
1748010235915.0,1.13386,1.13392
1748010238852.0,1.13388,1.13394
1748010240284.0,1.1339,1.13396
1748010243088.0,1.13386,1.13392
1748010245126.0,1.13387,1.13393
1748010246385.0,1.13385,1.13391
1748010246987.0,1.13384,1.1339
1748010247096.0,1.13383,1.13389
1748010247770.0,1.13385,1.13391
1748010248100.0,1.13383,1.13389
1748010248214.0,1.13381,1.13387
1748010250794.0,1.13382,1.13388
1748010251753.0,1.13383,1.13389
1748010255068.0,1.13384,1.1339
1748010255173.0,1.13386,1.13392
1748010256638.0,1.13388,1.13394
1748010257659.0,1.13385,1.13391
1748010258009.0,1.13386,1.13392
1748010258118.0,1.13381,1.1339
1748010258449.0,1.13393,1.13399
1748010258671.0,1.1339,1.13399
1748010259331.0,1.1339,1.13396
1748010259443.0,1.13388,1.13394
1748010260506.0,1.13387,1.13396
1748010260725.0,1.13388,1.13394
1748010261633.0,1.13389,1.13398
1748010261746.0,1.1339,1.13399
1748010262403.0,1.13389,1.13398
1748010262977.0,1.13395,1.13401
1748010264991.0,1.13396,1.13402
1748010267794.0,1.13392,1.13401
1748010269350.0,1.13394,1.13403
1748010270097.0,1.13393,1.13402
1748010270429.0,1.13395,1.13401
1748010271089.0,1.13392,
1748010271307.0,1.13388,1.13405
1748010274590.0,1.13387,
1748010274926.0,1.13383,1.134
1748010275392.0,1.13388,1.13397
1748010276059.0,1.13387,1.13396
1748010277587.0,1.13389,1.13398
1748010277973.0,1.13391,1.134
1748010278752.0,1.13394,
1748010281732.0,1.1339,1.13399
1748010285621.0,1.13391,1.134
1748010290542.0,1.13394,1.13403
1748010291204.0,1.13394,1.13403
1748010297632.0,1.13392,1.13401
1748010297843.0,1.1339,1.13399
1748010298972.0,1.13391,1.134
1748010299082.0,1.13394,1.13403
1748010300117.0,1.13392,1.13398
1748010300333.0,1.13393,1.13399
1748010303455.0,1.13391,1.13397
1748010305796.0,1.13382,1.13391
1748010308821.0,1.13378,1.13396
1748010314870.0,1.13372,1.13389
1748010316764.0,1.13373,
1748010319903.0,1.13372,1.13388
1748010321013.0,1.13369,
1748010321344.0,1.13366,1.13382
1748010321821.0,1.13368,1.13383
1748010322150.0,1.13366,1.1338
1748010322374.0,1.13358,1.13371
1748010322486.0,1.13357,1.1337
1748010322700.0,1.13355,1.13368
1748010322921.0,1.13359,
1748010323029.0,1.13358,1.13369
1748010323359.0,1.13356,1.13365
1748010323925.0,1.13355,1.13364
1748010324240.0,1.13354,1.13363
1748010324352.0,1.13352,1.13361
1748010324569.0,1.13349,
1748010324790.0,1.13349,1.13358
1748010325334.0,1.13348,1.13359
1748010325446.0,1.13345,1.13354
1748010325887.0,1.13348,1.13359
1748010326105.0,1.1335,1.13359
1748010327990.0,1.13352,1.13361
1748010328992.0,1.13351,1.1336
1748010330261.0,1.13349,1.13358
1748010334664.0,1.13339,1.13348
1748010334773.0,1.13341,1.1335
1748010335545.0,1.1334,1.13349
1748010335984.0,1.13341,1.1335
1748010337022.0,1.13339,1.13348
1748010337241.0,1.13342,1.13351
1748010337354.0,1.13343,1.13352
1748010338603.0,1.13346,1.13355
1748010338824.0,1.13349,1.13358
1748010339151.0,1.13338,1.13344
1748010339372.0,1.13336,1.13342
1748010339954.0,1.13337,1.13343
1748010340395.0,1.13335,1.13344
1748010341796.0,1.13331,1.13337
1748010341905.0,1.13332,1.13338
1748010342246.0,1.13331,1.13337
1748010343386.0,1.13325,1.13334
1748010343492.0,1.1332,1.13326
1748010343812.0,1.13319,1.13325
1748010344805.0,1.1332,1.13326
1748010346141.0,1.13322,1.13328
1748010347609.0,1.1332,1.13326
1748010348794.0,1.13322,1.13328
1748010348886.0,1.13313,1.13326
1748010349108.0,1.13315,
1748010350294.0,,1.13327
1748010352204.0,1.13314,1.13326
1748010352310.0,1.13312,1.13324
1748010352567.0,1.13314,1.13323
1748010352904.0,1.13313,1.13322
1748010353007.0,1.13307,1.13316
1748010354087.0,1.13304,1.13313
1748010354638.0,1.13296,1.13305
1748010354748.0,1.13298,1.13307
1748010354967.0,1.13301,1.1331
1748010355328.0,1.13303,1.13312
1748010357152.0,1.13305,1.13314
1748010357373.0,1.13303,1.13312
1748010357813.0,1.13301,1.1331
1748010358889.0,1.13298,1.13307
1748010359217.0,1.133,1.13309
1748010361709.0,1.13299,1.13308
1748010363371.0,,1.13305
1748010364313.0,1.13301,1.13307
1748010364533.0,1.133,1.13306
1748010364648.0,1.13292,1.13301
1748010365082.0,1.1329,1.13299
1748010367959.0,1.13296,1.13302
1748010369576.0,1.13295,1.13301
1748010369688.0,1.13294,1.133
1748010370603.0,1.13293,1.13299
1748010372725.0,1.13294,1.133
1748010372943.0,1.133,1.13306
1748010373274.0,1.13299,1.13305
1748010373382.0,1.13297,1.13306
1748010376257.0,1.13298,1.13307
1748010376368.0,,1.13304
1748010377030.0,1.13301,1.13307
1748010377245.0,1.13302,1.13308
1748010377354.0,1.133,1.13306
1748010378756.0,1.13302,1.13308
1748010378972.0,1.13301,1.13307
1748010382321.0,1.13302,1.13308
1748010382428.0,1.13303,1.13309
1748010382648.0,1.13301,
1748010382881.0,1.13299,1.13308
1748010382977.0,1.13298,1.13304
1748010383088.0,1.133,1.13306
1748010383649.0,1.13303,1.13312
1748010383884.0,1.13304,1.13313
1748010385192.0,1.13305,1.13314
1748010386343.0,1.13303,1.13312
1748010386561.0,1.13297,1.13306
1748010386905.0,1.13288,1.13294
1748010387112.0,1.1328,1.13286
1748010387442.0,1.13265,1.13274
1748010387661.0,1.13268,1.1328
1748010387771.0,1.13265,1.13274
1748010388008.0,1.13259,1.13268
1748010388213.0,1.13261,1.1327
1748010388542.0,1.13259,1.13268
1748010388982.0,1.13261,1.1327
1748010389533.0,1.13262,1.13268
1748010390124.0,1.13265,1.13274
1748010390234.0,,1.13271
1748010390907.0,1.13259,1.13268
1748010391135.0,1.13266,1.13275
1748010391461.0,1.13264,1.1327
1748010391683.0,1.13265,1.13271
1748010392360.0,1.13269,1.13275
1748010392993.0,1.13273,1.13279
1748010393323.0,1.1327,1.13276
1748010393547.0,1.13271,1.13277
1748010393762.0,1.1327,1.13276
1748010394364.0,1.13265,1.13271
1748010395179.0,1.13266,1.13272
1748010395404.0,1.1327,1.13279
1748010395510.0,1.13269,1.13278
1748010396259.0,1.13271,1.13277
1748010397545.0,1.13277,1.13283
1748010397859.0,1.1328,1.13286
1748010398189.0,1.13282,1.13288
1748010399779.0,1.13285,1.13291
1748010399872.0,1.13286,1.13292
1748010400912.0,1.13291,1.133
1748010402155.0,1.13295,1.13301
1748010402380.0,1.13296,1.13302
1748010402486.0,1.13297,1.13303
1748010404160.0,1.13295,1.13301
1748010406125.0,1.13288,1.13294
1748010406236.0,1.13286,1.13292
1748010406470.0,1.13287,1.13293
1748010407626.0,1.13283,1.13289
1748010408120.0,1.13286,1.13292
1748010408719.0,,1.13295
1748010408841.0,,1.13292
1748010409193.0,1.13287,1.13293
1748010410099.0,1.13283,1.13289
1748010410205.0,1.13282,1.13288
1748010410421.0,1.13284,1.1329
1748010411405.0,1.13286,1.13292
1748010411636.0,1.1329,1.13296
1748010411845.0,1.13291,1.13297
1748010413148.0,1.13293,1.13299
1748010416733.0,1.133,1.13306
1748010417026.0,1.13306,1.13312
1748010418362.0,1.13307,1.13313
1748010420421.0,1.13311,1.13317
1748010420746.0,1.13308,1.13319
1748010420966.0,1.13307,1.1332
1748010421199.0,1.13307,1.13319
1748010422021.0,1.13308,1.1332
1748010422944.0,1.13309,1.13321
1748010423273.0,1.1331,1.13319
1748010424774.0,1.13308,1.1332
1748010425297.0,1.13313,1.13324
1748010425406.0,1.13314,1.13325
1748010425632.0,1.13313,
1748010426066.0,1.13314,1.13323
1748010427481.0,1.13318,1.13327
1748010428136.0,1.13318,1.13327
1748010428604.0,1.13319,1.13328
1748010431680.0,1.13314,1.13323
1748010432292.0,1.13318,1.13327
1748010432910.0,1.13317,1.13326
1748010433130.0,1.13317,1.13323
1748010433349.0,1.13321,1.13327
1748010433679.0,1.13316,1.13322
1748010434018.0,1.13317,1.13323
1748010434339.0,1.1332,1.13326
1748010436019.0,1.13316,1.13322
1748010436253.0,1.13311,1.13317
1748010436679.0,1.13315,1.13321
1748010437014.0,1.1332,1.13326
1748010437247.0,1.13322,1.13328
1748010437342.0,1.13323,1.13329
1748010437669.0,1.13324,1.1333
1748010438329.0,1.13326,1.13332
1748010439093.0,1.13327,1.13333
1748010439578.0,1.13329,1.13335
1748010440692.0,1.13328,1.13334
1748010440913.0,1.13335,1.13341
1748010442037.0,1.13332,1.13338
1748010442586.0,,1.13344
1748010442807.0,1.13336,1.13345
1748010442916.0,1.13338,1.13347
1748010443358.0,1.13341,1.13347
1748010443466.0,1.13336,1.1335
1748010444463.0,1.13339,1.13351
1748010444584.0,1.13337,1.1335
1748010446311.0,1.13338,
1748010446776.0,1.13343,1.13354
1748010447383.0,1.13342,1.13353
1748010447711.0,1.13341,
1748010447820.0,1.1334,1.13352
1748010448296.0,,1.13353
1748010448628.0,1.13339,1.13348
1748010448956.0,1.13339,1.13348
1748010450463.0,1.13344,1.13353
1748010451175.0,1.13342,1.13351
1748010452166.0,1.13337,1.13346
1748010452403.0,1.13339,1.13348
1748010453094.0,1.13337,1.13346
1748010454565.0,1.13331,1.13337
1748010454789.0,1.13332,1.13338
1748010455653.0,1.1333,1.13336
1748010456094.0,1.13331,1.13337
1748010459816.0,1.13326,1.13332
1748010460035.0,1.13327,1.13333
1748010462332.0,1.13326,1.13332
1748010466288.0,1.13327,1.13333
1748010469454.0,1.13333,1.13339
1748010469859.0,1.13331,1.13337
1748010470078.0,1.1333,1.13336
1748010470706.0,1.13331,1.13337
1748010471980.0,1.1333,1.13336
1748010474286.0,1.13331,1.13337
1748010474506.0,1.1333,1.13336
1748010474615.0,1.13331,1.13337
1748010475004.0,1.13329,1.13335
1748010475113.0,1.13325,1.13331
1748010475445.0,1.13322,1.13328
1748010475662.0,1.13315,1.13321
1748010475793.0,1.13312,1.13318
1748010479490.0,1.13314,1.1332
1748010480158.0,1.13311,1.13317
1748010480260.0,1.13312,1.13318
1748010480481.0,1.13316,1.13322
1748010482984.0,1.13315,1.13321
1748010491023.0,1.13316,1.13322
1748010493375.0,1.13315,1.13321
1748010494295.0,1.13312,1.13318
1748010495548.0,1.13313,1.13319
1748010495768.0,1.13317,1.13323
1748010495988.0,1.13322,1.13328
1748010496723.0,1.13321,1.13327
1748010498333.0,1.13323,1.13329
1748010498849.0,1.13325,1.13331
1748010501161.0,1.13321,1.13327
1748010502313.0,1.13325,1.13331
1748010506778.0,1.13327,1.13333
1748010506886.0,1.13326,1.13332
1748010508105.0,1.13321,1.13327
1748010509082.0,1.13326,1.13332
1748010511210.0,1.13325,1.13331
1748010515019.0,1.13326,1.13332
1748010515238.0,1.13326,1.13332
1748010515807.0,1.13324,1.1333
1748010515920.0,1.13325,1.13331
1748010516695.0,1.13322,1.13328
1748010518031.0,1.13321,1.13327
1748010518130.0,1.13319,1.13325
1748010518458.0,1.13327,1.13333
1748010519489.0,1.13326,1.13332
1748010521170.0,1.13325,1.13331
1748010521392.0,1.13328,1.13337
1748010521500.0,1.13331,
1748010522617.0,1.13329,1.13335
1748010522836.0,1.1333,1.13336
1748010522945.0,1.13331,1.13337
1748010526163.0,1.13332,1.13338
1748010526272.0,1.13331,1.13337
1748010527833.0,1.13332,1.13338
1748010528053.0,1.1333,1.13336
1748010530104.0,1.13331,1.13337
1748010531363.0,1.1333,1.13336
1748010533452.0,1.13331,1.13337
1748010536316.0,1.13334,1.1334
1748010536755.0,1.13335,1.13341
1748010537795.0,1.13338,1.13344
1748010538453.0,1.13345,1.13351
1748010538674.0,1.13343,1.13349
1748010539115.0,1.13344,1.1335
1748010539572.0,1.13345,1.13351
1748010540377.0,1.13347,1.13353
1748010540703.0,1.13346,1.13352
1748010542531.0,1.13344,1.1335
1748010543322.0,1.13345,1.13351
1748010543766.0,1.1334,1.13346
1748010543867.0,1.13339,1.13345
1748010545471.0,1.1334,1.13346
1748010547767.0,1.13343,1.13352
1748010547877.0,1.13341,1.13347
1748010549982.0,1.13338,1.13344
1748010550092.0,1.13339,1.13345
1748010551970.0,1.1334,1.13346
1748010555711.0,1.13339,1.13345
1748010556152.0,1.13341,1.13347
1748010556994.0,1.13345,1.13351
1748010557525.0,1.13344,1.1335
1748010557904.0,1.13345,1.13351
1748010558432.0,1.1334,1.13346
1748010559778.0,1.13341,1.13347
1748010560273.0,1.1334,1.13346
1748010560384.0,1.13339,1.13345
1748010560712.0,1.13338,1.13344
1748010561673.0,1.1334,1.13346
1748010562112.0,1.13338,1.13344
1748010563005.0,1.1334,1.13346
1748010563110.0,1.13341,1.13347
1748010563458.0,1.1334,1.13346
1748010564052.0,1.13341,1.13347
1748010566696.0,1.13338,1.13344
1748010566917.0,1.13337,1.13343
1748010567403.0,1.13335,1.13341
1748010575044.0,1.13341,1.13347
1748010576912.0,1.13345,1.13351
1748010578157.0,1.13346,1.13352
1748010578627.0,1.13344,1.1335
1748010581015.0,1.13345,1.13351
1748010581968.0,1.13344,1.1335
1748010586119.0,1.13349,1.13355
1748010586340.0,1.13348,1.13354
1748010587338.0,1.13349,1.13355
1748010588384.0,1.13354,1.13363
1748010589106.0,1.13357,
1748010591486.0,1.13361,1.13367
1748010592304.0,1.13365,1.13371
1748010593317.0,1.13353,1.13362
1748010593418.0,,1.13365
1748010597824.0,1.13348,1.13357
1748010598494.0,1.13349,1.13358
1748010599409.0,1.13343,1.13352
1748010600138.0,1.13342,1.13351
1748010600474.0,1.13338,1.13344
1748010600693.0,1.13341,1.13347
1748010600817.0,1.13342,1.13348
1748010601030.0,1.13344,1.1335
1748010601792.0,1.13341,1.13347
1748010602870.0,1.13335,1.13341
1748010602978.0,1.13334,1.1334
1748010603640.0,1.13333,1.13339
1748010605520.0,1.13335,1.13341
1748010605844.0,1.13341,1.13347
1748010609578.0,1.13337,1.13343
1748010609689.0,1.13338,1.13344
1748010610016.0,1.13339,1.13345
1748010610128.0,1.1334,1.13346
1748010611927.0,1.13337,1.13343
1748010612130.0,1.1333,1.13336
1748010613975.0,1.13326,1.13332
1748010614418.0,1.13325,1.13331
1748010615569.0,1.1332,1.13329
1748010618558.0,1.13319,1.13328
1748010619481.0,1.13314,1.13323
1748010619705.0,1.13316,1.13325
1748010620311.0,1.13317,1.13326
1748010620537.0,1.13318,1.13327
1748010620861.0,1.1332,1.13329
1748010621229.0,1.13321,1.13327
1748010621785.0,1.13323,1.13329
1748010622006.0,1.13329,1.13335
1748010624362.0,1.13327,1.13333
1748010625370.0,1.13326,1.13332
1748010628536.0,1.13319,1.13328
1748010630324.0,1.13322,
1748010630426.0,1.13321,1.13327
1748010630648.0,1.1332,1.13326
1748010631683.0,1.13319,1.13325
1748010632707.0,1.1332,1.13326
1748010632813.0,1.13319,1.13325
1748010633469.0,1.13313,1.13322
1748010633782.0,1.13314,1.13323
1748010634835.0,1.13315,1.13321
1748010635055.0,1.13314,1.1332
1748010635496.0,1.1331,1.13319
1748010635935.0,1.13315,1.13324
1748010636156.0,1.13315,1.13324
1748010636379.0,1.13314,1.13323
1748010636822.0,1.13312,1.13321
1748010637151.0,1.13314,1.13323
1748010638690.0,1.13315,1.13324
1748010639131.0,1.13314,1.13323
1748010639808.0,1.13313,1.13322
1748010640141.0,1.13313,1.13322
1748010643810.0,1.13314,1.1332
1748010644142.0,1.13319,1.13325
1748010644697.0,1.13317,1.13323
1748010645586.0,1.13316,1.13322
1748010647068.0,1.13318,1.13324
1748010647291.0,1.13316,1.13322
1748010648167.0,1.13317,1.13323
1748010648844.0,1.1332,1.13326
1748010649652.0,1.1333,1.13339
1748010652230.0,1.13329,1.13338
1748010652450.0,1.13328,1.13337
1748010652559.0,1.13327,1.13336
1748010656497.0,1.13323,1.13332
1748010656938.0,1.13322,1.13331
1748010659648.0,1.13323,1.13332
1748010661146.0,1.13328,1.13337
1748010661618.0,1.13329,1.13338
1748010663493.0,1.13327,1.13336
1748010663704.0,1.13327,1.13339
1748010663921.0,1.13328,1.13337
1748010664662.0,1.13329,1.13338
1748010670170.0,1.13333,1.13342
1748010671199.0,1.13331,1.1334
1748010671305.0,1.1333,1.13339
1748010672263.0,1.13325,1.13334
1748010672373.0,1.13326,1.13335
1748010672877.0,1.13327,1.13336
1748010674159.0,1.13331,1.1334
1748010674263.0,1.1333,1.13339
1748010675615.0,1.13332,1.13341
1748010678166.0,1.13324,1.13333
1748010678381.0,1.13325,1.13334
1748010678604.0,1.13327,1.13336
1748010686431.0,1.13331,1.13337
1748010689828.0,1.13333,1.13339
1748010690717.0,1.13331,1.13337
1748010692547.0,1.13328,1.13337
1748010693697.0,1.13326,1.13335
1748010695994.0,1.13327,1.13336
1748010696727.0,1.13326,1.13335
1748010697565.0,1.13325,1.13334
1748010698053.0,1.13324,1.13333
1748010698383.0,1.13323,1.13332
1748010698603.0,1.13326,1.13332
1748010698824.0,1.13322,1.13331
1748010699152.0,1.13324,1.13333
1748010699483.0,1.13308,1.13314
1748010699591.0,,1.13319
1748010700033.0,1.13307,1.13316
1748010700145.0,1.13311,1.13317
1748010701347.0,1.13315,1.13321
1748010701461.0,1.13318,1.13324
1748010701787.0,1.13317,1.13323
1748010702337.0,1.1332,1.13326
1748010703070.0,1.13322,1.13328
1748010703171.0,1.13323,1.13329
1748010703506.0,1.13316,1.13325
1748010704029.0,1.13314,1.13323
1748010704554.0,1.13312,1.13318
1748010704742.0,1.13311,1.13317
1748010705074.0,1.13308,1.13317
1748010705404.0,1.13312,1.13318
1748010706173.0,1.13312,1.13318
1748010706773.0,1.13311,1.13317
1748010707499.0,1.13314,1.1332
1748010707628.0,1.13313,1.13319
1748010707949.0,1.13312,1.13318
1748010709019.0,1.13299,1.13305
1748010709130.0,1.13298,1.13304
1748010709943.0,1.13301,1.13307
1748010710921.0,1.13302,1.13308
1748010712272.0,1.13303,1.13309
1748010712378.0,1.13304,1.1331
1748010713207.0,1.13307,1.13313
1748010713757.0,1.13305,1.13311
1748010714306.0,1.13312,1.13318
1748010714637.0,1.13305,1.13314
1748010714752.0,1.13311,1.13317
1748010715755.0,1.13308,1.13314
1748010715975.0,1.13312,1.13318
1748010716085.0,1.13311,1.13317
1748010717139.0,1.13308,1.13314
1748010717470.0,1.13309,1.13318
1748010718610.0,1.1331,1.13319
1748010721247.0,1.13318,1.13324
1748010721468.0,1.13323,1.13329
1748010721689.0,1.13322,1.13328
1748010722722.0,1.13323,1.13329
1748010724167.0,1.13324,1.1333
1748010724278.0,1.13329,1.13335
1748010725805.0,1.13333,1.13339
1748010726903.0,1.1333,1.13336
1748010729165.0,1.13331,1.13337
1748010732169.0,1.13328,1.13334
1748010732274.0,1.13327,1.13333
1748010733360.0,1.13331,1.13337
1748010733482.0,1.13328,1.13334
1748010734417.0,1.13326,1.13332
1748010736750.0,1.13329,1.13338
1748010736973.0,1.13331,1.1334
1748010737075.0,1.13329,1.13335
1748010738094.0,1.13331,1.13337
1748010740560.0,1.13335,1.13341
1748010744410.0,1.13336,1.13342
1748010744630.0,1.13342,1.13348
1748010745478.0,1.13341,1.13347
1748010745809.0,1.13341,1.13347
1748010746363.0,1.13338,1.13344
1748010746688.0,1.13336,1.13342
1748010746909.0,1.13337,1.13343
1748010752907.0,1.13341,1.13347
1748010768410.0,1.13334,1.13343
1748010771624.0,1.13336,1.13342
1748010771845.0,1.1334,1.13349
1748010771951.0,1.13339,1.13348
1748010772249.0,1.1334,1.13349
1748010772657.0,1.13339,1.13348
1748010773852.0,1.1334,1.13349
1748010777794.0,1.13339,1.13348
1748010779034.0,1.13338,1.13344
1748010781734.0,1.13342,1.13348
1748010782749.0,1.1334,1.13346
1748010784588.0,1.13341,1.13347
1748010785008.0,1.13346,1.13352
1748010785228.0,1.13347,1.13353
1748010788715.0,1.13359,1.13365
1748010789049.0,1.1336,1.13366
1748010789266.0,1.13361,1.13367
1748010790048.0,1.13363,1.13369
1748010790267.0,1.13364,1.1337
1748010791538.0,1.13363,1.13369
1748010792149.0,1.13362,1.13368
1748010793368.0,1.13363,1.13369
1748010793479.0,1.13365,1.13371
1748010794161.0,1.13366,1.13372
1748010794382.0,1.13366,1.13372
1748010794712.0,1.13367,1.13373
1748010794822.0,1.13366,1.13372
1748010795503.0,1.13371,1.13377
1748010796494.0,1.13372,1.13378
1748010797299.0,1.13371,1.13377
1748010798770.0,1.13364,1.1337
1748010798991.0,1.13361,1.1337
1748010799213.0,1.1336,1.13369
1748010799559.0,1.13359,1.13368
1748010800554.0,1.13365,1.13371
1748010801463.0,1.13363,1.13369
1748010801567.0,1.13367,1.13373
1748010802722.0,1.13366,1.13372
1748010803283.0,1.13367,1.13373
1748010803795.0,1.13366,1.13372
1748010804328.0,1.1336,1.13366
1748010804562.0,1.13362,1.13368
1748010804658.0,1.13364,1.1337
1748010806048.0,1.13366,1.13372
1748010806604.0,1.13363,1.13369
1748010807148.0,1.13362,1.13368
1748010808561.0,1.13361,1.1337
1748010810711.0,1.13359,1.13368
1748010811053.0,1.1335,1.13359
1748010811270.0,1.1335,1.13359
1748010812271.0,1.13347,1.13356
1748010812372.0,1.13345,1.13354
1748010812812.0,1.13343,1.13352
1748010813363.0,1.13341,1.1335
1748010814249.0,1.13342,1.13351
1748010816562.0,1.13341,1.1335
1748010818670.0,1.13341,1.1335
1748010819561.0,1.13343,1.13349
1748010820749.0,1.13336,1.13345
1748010823194.0,1.13341,1.13347
1748010823966.0,1.13347,1.13353
1748010824185.0,1.13346,1.13352
1748010828412.0,1.13342,1.13348
1748010828964.0,1.13339,1.13352
1748010834137.0,1.1334,1.13353
1748010835281.0,1.13338,1.13352
1748010840364.0,1.13335,1.13348
1748010840669.0,1.13334,1.13347
1748010841568.0,1.13339,1.13348
1748010841674.0,1.13338,1.13347
1748010841781.0,1.13339,1.13348
1748010842005.0,1.13336,1.13345
1748010842467.0,1.1333,1.13339
1748010843241.0,1.13329,1.13338
1748010843346.0,1.13325,1.13334
1748010843896.0,1.13324,1.13333
1748010845105.0,1.1333,1.13339
1748010845671.0,1.13326,1.13335
1748010846331.0,1.13325,1.13334
1748010847238.0,1.13326,1.13335
1748010848606.0,1.13329,
1748010849114.0,1.1333,1.13336
1748010849223.0,1.13329,1.13335
1748010850975.0,1.13327,1.13333
1748010852753.0,1.13326,1.13332
1748010853111.0,1.13322,1.13328
1748010854364.0,1.13321,1.13327
1748010854693.0,1.13318,1.13324
1748010855699.0,1.13322,1.13328
1748010857552.0,1.13317,1.13323
1748010857777.0,1.13318,1.13324
1748010858999.0,1.13319,1.13325
1748010859122.0,1.1332,1.13326
1748010859329.0,1.13321,1.13327
1748010860326.0,1.13317,1.13323
1748010860434.0,1.13318,1.13324
1748010861097.0,1.13317,1.13323
1748010862960.0,1.13318,1.13324
1748010863177.0,1.13319,1.13328
1748010863506.0,1.13318,1.13327
1748010864508.0,1.1332,1.13329
1748010865404.0,,1.13326
1748010866906.0,1.13323,1.13332
1748010868295.0,1.13324,1.13333
1748010868405.0,1.13323,1.13332
1748010868820.0,1.13317,1.13323
1748010871189.0,1.1332,1.13326
1748010871409.0,1.13317,1.13323
1748010871745.0,1.13316,1.13322
1748010872498.0,1.13319,1.13325
1748010872719.0,1.13322,1.13328
1748010875060.0,1.13326,1.13332
1748010876806.0,1.13334,1.1334
1748010876934.0,1.13336,1.13342
1748010877147.0,1.13335,1.13341
1748010883430.0,1.13334,1.1334
1748010883646.0,1.13335,1.13341
1748010884184.0,1.13334,1.1334
1748010884407.0,1.1333,1.13336
1748010884625.0,1.13329,1.13335
1748010884855.0,1.13324,1.1333
1748010885174.0,1.13322,1.13328
1748010885639.0,1.13321,1.13327
1748010886186.0,1.13319,1.13325
1748010887991.0,1.1332,1.13326
1748010888209.0,1.13321,1.13327
1748010894712.0,1.13327,1.13336
1748010895167.0,1.13329,1.13338
1748010895945.0,1.13327,1.13333
1748010897168.0,1.13326,1.13332
1748010897793.0,1.13329,1.13335
1748010898012.0,1.13331,1.13337
1748010903438.0,1.13324,1.1333
1748010904598.0,1.13321,1.13327
1748010909249.0,1.13325,1.13334
1748010911980.0,1.13322,1.13331
1748010913803.0,1.13323,1.13332
1748010914477.0,1.13324,1.13333
1748010915296.0,1.13334,1.13343
1748010917797.0,1.13347,1.13353
1748010918130.0,1.13342,1.13348
1748010918347.0,1.13346,1.13352
1748010920458.0,1.13347,1.13358
1748010920899.0,1.13349,
1748010921506.0,1.13348,1.13357
1748010921619.0,1.13349,1.13358
1748010922808.0,1.1335,1.13359
1748010924274.0,1.13354,1.13363
1748010926531.0,1.1336,
1748010927628.0,1.13358,1.13364
1748010928069.0,1.13357,1.13363
1748010929251.0,1.13356,1.13362
1748010936978.0,1.13355,1.13361
1748010941171.0,1.13357,1.13373
1748010941282.0,1.13355,1.1337
1748010942436.0,1.13356,1.13371
1748010943393.0,1.13357,1.1337
1748010944209.0,1.13358,1.13369
1748010945281.0,1.13357,
1748010945499.0,1.13352,1.13361
1748010947324.0,1.13353,1.13362
1748010948343.0,1.13343,1.13352
1748010948453.0,1.13342,1.13351
1748010950124.0,1.13338,1.13347
1748010951964.0,1.13339,1.13348
1748010960090.0,1.13333,1.13342
1748010960304.0,1.13331,1.1334
1748010960870.0,1.13327,1.13336
1748010963534.0,1.13329,1.13338
1748010965210.0,1.13334,1.13343
1748010965432.0,1.1333,1.13339
1748010965869.0,1.13329,1.13338
1748010969128.0,1.13334,1.13343
1748010969347.0,1.13335,1.13344
1748010970119.0,1.13334,1.13343
1748010978499.0,1.13336,1.13345
1748010978720.0,1.13345,1.13354
1748010978938.0,1.13343,1.13352
1748010980104.0,1.13345,1.13354
1748010980213.0,1.1335,1.13359
1748010981055.0,1.13328,1.13337
1748010981282.0,1.1333,1.13339
1748010982223.0,1.13327,1.13336
1748010982690.0,1.13324,1.13333
1748010983465.0,1.13315,1.13324
1748010983578.0,1.13314,1.13323
1748010986999.0,1.13313,1.13322
1748010987108.0,1.13315,1.13321
1748010988052.0,1.13313,1.13319
1748010989435.0,1.13315,1.13324
1748010989547.0,1.13314,1.13323
1748010989765.0,1.13313,1.13322
1748010991195.0,1.13318,1.13327
1748010991307.0,1.13319,1.13328
1748010992845.0,1.13317,1.13326
1748010993171.0,1.13316,1.13325
1748010993390.0,1.13315,1.13324
1748010996714.0,1.13319,1.13328
1748010999077.0,1.13325,1.13334
1748010999517.0,1.13313,
1748010999626.0,1.13314,1.13323
1748011000864.0,1.13315,1.13324
1748011001084.0,1.13314,1.13323
1748011009373.0,1.13309,1.13318
1748011010085.0,1.1331,1.13316
1748011010666.0,1.13309,1.13315
1748011010772.0,1.13304,1.1331
1748011010991.0,1.13305,1.13311
1748011011209.0,1.13306,1.13312
1748011011722.0,1.13307,1.13313
1748011012831.0,1.13306,1.13312
1748011015070.0,1.13305,1.13311
1748011015554.0,1.13313,1.13319
1748011015993.0,1.13312,1.13318
1748011016215.0,1.13315,1.13321
1748011016545.0,1.1332,1.13329
1748011017096.0,1.13319,1.13328
1748011019838.0,1.13321,1.13327
1748011020278.0,1.13321,1.13327
1748011024712.0,1.13323,1.13329
1748011025888.0,1.13326,1.13332
1748011026111.0,1.13322,1.13328
1748011027834.0,1.13317,1.13323
1748011030136.0,1.1332,1.13326
1748011030237.0,1.13321,1.13327
1748011034311.0,1.13321,1.13327
1748011035371.0,1.13322,1.13328
1748011035471.0,1.1333,1.13336
1748011035910.0,1.13331,1.13337
1748011040813.0,1.13332,1.13338
1748011041693.0,1.13336,1.13342
1748011042354.0,1.13333,
1748011043936.0,1.13318,1.13327
1748011044159.0,1.1332,1.13326
1748011046808.0,1.13319,1.13325
1748011046913.0,1.13316,1.13322
1748011048423.0,1.13321,1.13327
1748011050205.0,1.1332,1.13326
1748011050819.0,1.13317,1.13323
1748011050927.0,1.13316,1.13322
1748011051891.0,1.13315,1.13321
1748011052005.0,1.13316,1.13322
1748011055504.0,1.13315,1.13321
1748011058196.0,1.13316,1.13322
1748011058419.0,1.13315,1.13321
1748011059916.0,1.13314,1.1332
1748011061026.0,1.13315,1.13321
1748011062131.0,1.13313,1.13319
1748011062949.0,1.13315,1.13321
1748011064106.0,1.13313,1.13319
1748011064206.0,1.13312,1.13318
1748011064648.0,1.13311,1.13317
1748011064873.0,1.13308,1.13314
1748011066639.0,1.13306,1.13312
1748011068304.0,1.13304,1.1331
1748011069076.0,1.13301,1.13307
1748011072732.0,1.13298,1.13304
1748011073717.0,1.13296,1.13302
1748011075153.0,1.13294,1.133
1748011076628.0,1.13295,1.13301
1748011076735.0,1.13303,1.13312
1748011077065.0,1.13302,1.13311
1748011077285.0,1.13301,1.13307
1748011078488.0,1.133,1.13306
1748011079029.0,1.13299,1.13305
1748011079584.0,1.13297,1.13303
1748011079803.0,1.13296,1.13302
1748011080823.0,1.13295,1.13301
1748011081431.0,1.13296,1.13302
1748011084106.0,1.13297,1.13303
1748011086247.0,1.13296,1.13302
1748011086577.0,1.133,1.13309
1748011088289.0,1.13306,1.13315
1748011088398.0,1.13307,1.13316
1748011088949.0,1.13306,1.13315
1748011090662.0,1.13304,1.13313
1748011096767.0,1.13315,1.13321
1748011098017.0,1.13311,1.13317
1748011098606.0,1.13305,1.13311
1748011104649.0,1.13302,1.13308
1748011107327.0,1.13304,1.1331
1748011108737.0,1.13303,1.13309
1748011112980.0,1.13306,1.13312
1748011115604.0,1.13313,
1748011115820.0,1.13315,1.13321
1748011115934.0,1.13314,1.1332
1748011116160.0,1.13314,1.1332
1748011116704.0,1.13315,1.13321
1748011117255.0,1.13317,1.13323
1748011117475.0,1.13316,1.13322
1748011119966.0,1.13311,1.13317
1748011120635.0,1.13315,1.13321
1748011120746.0,1.13316,1.13322
1748011121189.0,1.13319,1.13325
1748011122265.0,1.13315,1.13321
1748011122649.0,1.13316,1.13322
1748011124148.0,1.13311,1.1332
1748011124244.0,1.1331,1.13319
1748011125307.0,1.13309,1.13318
1748011129444.0,1.13318,
1748011129567.0,1.13325,1.13334
1748011129995.0,1.13323,1.13332
1748011130216.0,1.13324,1.13333
1748011130436.0,1.13321,1.1333
1748011130986.0,1.1332,1.13329
1748011131205.0,1.13314,1.13323
1748011132367.0,1.13316,1.13322
1748011132588.0,1.1332,1.13326
1748011133890.0,1.13326,1.13332
1748011134215.0,1.13324,1.1333
1748011134325.0,1.13322,1.13328
1748011134551.0,1.13321,1.13327
1748011135414.0,1.13316,1.13322
1748011136441.0,1.13318,1.13327
1748011137066.0,1.13319,1.13325
1748011137729.0,1.1332,1.13326
1748011138171.0,1.1332,1.13326
1748011140093.0,1.13325,1.13331
1748011140319.0,1.13325,1.13331
1748011140642.0,1.13327,1.13333
1748011140753.0,1.13326,1.13332
1748011141904.0,1.13331,1.13337
1748011144204.0,1.13332,1.13338
1748011146344.0,1.13331,1.13337
1748011146566.0,1.13336,1.13342
1748011146791.0,1.13335,1.13341
1748011147666.0,1.13333,1.13339
1748011148986.0,1.13334,1.1334
1748011150386.0,1.13335,1.13341
1748011151161.0,1.13332,1.13338
1748011154407.0,1.1332,1.13329
1748011154737.0,1.13319,1.13328
1748011155396.0,1.1332,1.13329
1748011156439.0,,1.13326
1748011157014.0,1.13316,1.13322
1748011157564.0,1.13317,1.13323
1748011159937.0,1.13331,1.13337
1748011160523.0,1.13329,1.13335
1748011160741.0,1.13327,1.13333
1748011165130.0,1.1333,1.13339
1748011165239.0,1.13335,1.13341
1748011165459.0,1.13336,1.13342
1748011171184.0,1.13335,1.13341
1748011171296.0,1.13341,1.13347
1748011174756.0,1.13345,1.13351
1748011175494.0,1.13342,1.13348
1748011176250.0,1.13341,1.13347
1748011176470.0,1.13337,1.13343
1748011176579.0,1.13332,1.13338
1748011178536.0,1.13331,1.13337
1748011179565.0,1.13325,1.13331
1748011181989.0,1.13321,1.13327
1748011182438.0,1.13317,1.13323
1748011182545.0,1.13313,1.13319
1748011182871.0,1.13315,1.13321
1748011184233.0,1.13314,1.1332
1748011184450.0,1.13312,1.13318
1748011184781.0,1.13304,1.1331
1748011185219.0,1.13305,1.13311
1748011188523.0,1.13311,1.13317
1748011188743.0,1.13314,1.1332
1748011190699.0,1.13315,1.13321
1748011193495.0,1.13316,1.13322
1748011194047.0,1.13321,1.13327
1748011194157.0,1.13315,1.13321
1748011198099.0,1.13317,1.13323
1748011198204.0,1.13318,1.13324
1748011198422.0,1.13319,1.13325
1748011200414.0,1.13316,1.13322
1748011202285.0,1.13306,1.13315
1748011202498.0,1.13303,1.13309
1748011202608.0,1.13302,1.13308
1748011202946.0,1.13303,1.13309
1748011206116.0,1.13309,1.13318
1748011206335.0,1.1331,1.13319
1748011208452.0,1.13308,1.13317
1748011211339.0,1.13307,1.13316
1748011212165.0,1.13311,1.13317
1748011212976.0,1.13316,1.13322
1748011213427.0,1.13313,1.13319
1748011214305.0,1.13306,1.13312
1748011214846.0,1.13307,1.13313
1748011215305.0,1.13306,1.13312
1748011216693.0,1.13309,1.13318
1748011217135.0,1.13314,1.13323
1748011217355.0,1.13313,1.13322
1748011217709.0,1.13314,1.1332
1748011218480.0,1.13315,1.13321
1748011220534.0,1.13313,1.13319
1748011221088.0,1.13312,1.13318
1748011221420.0,1.13311,1.13317
1748011221746.0,1.13311,1.13317
1748011221968.0,1.13314,1.13323
1748011222995.0,1.13315,1.13321
1748011229614.0,1.13312,1.13318
1748011230280.0,1.13311,1.13317
1748011232943.0,1.13308,1.13314
1748011234246.0,1.13317,1.13323
1748011234469.0,1.13321,1.13327
1748011234574.0,1.13323,1.13329
1748011238523.0,1.13322,1.13328
1748011239496.0,1.13318,1.13324
1748011239610.0,1.13317,1.13323
1748011240471.0,1.13311,1.13317
1748011240710.0,1.13312,1.13318
1748011242550.0,1.13307,1.13313
1748011243724.0,1.13306,1.13312
1748011245970.0,1.13308,1.13314
1748011246204.0,1.13311,1.13317
1748011246298.0,1.1331,1.13316
1748011247069.0,1.13312,1.13318
1748011249851.0,1.13309,1.13315
1748011249959.0,1.13312,1.13318
1748011252698.0,1.13311,1.13317
1748011253542.0,1.13313,1.13319
1748011254175.0,1.13312,1.13318
1748011254394.0,1.13311,1.13317
1748011254723.0,1.13315,1.13321
1748011254834.0,1.13316,1.13322
1748011255053.0,1.13314,1.1332
1748011255832.0,1.13313,1.13319
1748011256820.0,1.133,1.13306
1748011256932.0,1.13301,1.13307
1748011258034.0,1.13303,1.13309
1748011259240.0,1.13302,1.13308
1748011259352.0,1.13301,1.13307
1748011260523.0,1.13303,1.13309
1748011261634.0,1.13307,1.13313
1748011261735.0,1.13308,1.13314
1748011262759.0,1.13309,1.13315
1748011263795.0,,1.13318
1748011264238.0,1.13311,1.1332
1748011265559.0,1.13312,1.13321
1748011266240.0,1.13314,1.13323
1748011266570.0,1.13315,1.13329
1748011266681.0,,1.13327
1748011267120.0,1.13317,1.13329
1748011267933.0,1.1332,
1748011268039.0,1.13321,1.1333
1748011270115.0,1.13316,1.13325
1748011270220.0,1.13318,1.13327
1748011270433.0,1.13319,1.13328
1748011272896.0,1.1332,1.13329
1748011273124.0,1.13315,1.13324
1748011273339.0,1.13316,1.13325
1748011274205.0,1.13315,1.13324
1748011274881.0,1.13316,1.13325
1748011275092.0,,1.1332
1748011276174.0,1.13313,1.13319
1748011276284.0,1.13314,1.1332
1748011277248.0,1.13319,1.13328
1748011277577.0,1.13323,1.13332
1748011278457.0,1.13325,1.13334
1748011279896.0,1.13326,1.13335
1748011280117.0,1.13325,1.13334
1748011281222.0,1.13327,1.13336
1748011281539.0,1.1333,1.13339
1748011281760.0,1.13331,1.1334
1748011281869.0,1.13333,1.13342
1748011284176.0,1.13329,1.13338
1748011284286.0,1.13327,1.13339
1748011284398.0,1.13329,1.13338
1748011285781.0,1.13329,1.13338
1748011289275.0,1.1333,1.13339
1748011291428.0,1.13327,1.13336
1748011294962.0,1.13328,1.13337
1748011296048.0,1.13325,1.13334
1748011297386.0,1.13329,1.13338
1748011299231.0,1.13323,1.13332
1748011299453.0,1.13324,1.13333
1748011301234.0,1.13326,1.13335
1748011301566.0,1.13327,1.13336
1748011303031.0,1.1333,1.13339
1748011303579.0,1.1333,1.13339
1748011304020.0,1.13329,1.13338
1748011304719.0,1.13331,1.13337
1748011305048.0,1.13332,1.13338
1748011305162.0,1.13325,1.13331
1748011305273.0,1.13324,1.1333
1748011305718.0,1.13325,1.13331
1748011306150.0,1.13323,1.13329
1748011306479.0,1.13322,1.13328
1748011307435.0,1.13316,1.13325
1748011308014.0,1.13318,1.13327
1748011308234.0,1.13319,1.13328
1748011308455.0,1.13319,1.13328
1748011308565.0,1.13321,1.13327
1748011309370.0,1.13313,1.13319
1748011309589.0,1.13313,1.13319
1748011310545.0,1.13311,1.13317
1748011311099.0,1.13314,1.1332
1748011311426.0,1.13308,1.13314
1748011311539.0,1.13306,1.13312
1748011315109.0,1.13309,1.13315
1748011319174.0,1.1331,1.13316
1748011319723.0,1.13311,1.13317
1748011322914.0,1.13321,1.13327
1748011323026.0,1.13317,1.13323
1748011323139.0,1.1332,1.13326
1748011323685.0,1.13322,1.13328
1748011324159.0,1.13324,1.1333
1748011325261.0,1.13325,1.13331
1748011325908.0,1.13326,1.13332
1748011326409.0,1.13327,1.13333
1748011326515.0,1.13331,1.13337
1748011326728.0,1.13332,1.13338
1748011327170.0,1.13331,1.13337
1748011328962.0,1.13326,1.13332
1748011330281.0,1.13323,1.13329
1748011330392.0,1.13321,1.13327
1748011332181.0,1.13324,1.1333
1748011332400.0,1.13328,1.13334
1748011333996.0,1.1333,1.13336
1748011334106.0,1.13327,
1748011334329.0,1.13327,1.13336
1748011334881.0,,1.13333
1748011336145.0,1.13329,1.13335
1748011336475.0,1.13329,1.13335
1748011340504.0,1.13325,1.13334
1748011343134.0,1.13323,1.13332
1748011345416.0,1.13329,1.13338
1748011345526.0,1.13331,1.1334
1748011346923.0,1.13332,1.13341
1748011349484.0,1.13339,1.13348
1748011349690.0,1.13344,1.13353
1748011349804.0,1.13346,1.13355
1748011350240.0,1.13347,1.13356
1748011350475.0,1.13349,1.13358
1748011352325.0,1.1335,1.13359
1748011352872.0,1.13351,1.1336
1748011353621.0,1.13347,1.13356
1748011353840.0,1.13346,1.13355
1748011354505.0,1.13339,1.13348
1748011354610.0,1.1334,1.13346
1748011354831.0,1.13338,1.13344
1748011354948.0,1.13339,1.13345
1748011355164.0,1.13336,1.13342
1748011355271.0,1.13335,1.13341
1748011355492.0,1.13334,1.1334
1748011356920.0,1.13331,1.13337
1748011357912.0,1.13335,1.13341
1748011358020.0,,1.13344
1748011359960.0,1.13342,1.13351
1748011361003.0,1.13343,1.13352
1748011362550.0,1.13344,1.13353
1748011362880.0,1.13345,1.13354
1748011363208.0,1.13346,1.13355
1748011366252.0,1.13349,1.13358
1748011366609.0,1.13348,1.13357
1748011369765.0,1.13349,1.13358
1748011371640.0,1.1335,1.13359
1748011372669.0,1.13353,1.13362
1748011372862.0,1.13369,1.13378
1748011373198.0,1.13368,1.13377
1748011373521.0,1.13369,1.13378
1748011374072.0,1.1337,1.13379
1748011374773.0,1.13369,1.13378
1748011374895.0,1.13366,1.13375
1748011375432.0,,1.13372
1748011377083.0,1.13367,1.13373
1748011377523.0,1.13365,1.13371
1748011377926.0,1.13363,1.13369
1748011379026.0,1.13365,1.13371
1748011379355.0,1.13367,1.13373
1748011379686.0,1.13372,1.13378
1748011379800.0,1.13368,1.13374
1748011380021.0,1.13368,1.13374
1748011380565.0,1.13369,1.13375
1748011380675.0,1.1337,1.13376
1748011381626.0,,1.13379
1748011382805.0,1.13376,1.13382
1748011383134.0,1.13375,1.13381
1748011383583.0,1.13376,1.13382
1748011384707.0,1.13381,1.13387
1748011393117.0,1.13383,1.13389
1748011395112.0,1.13384,1.1339
1748011396614.0,1.13383,1.13389
1748011397603.0,1.13382,1.13388
1748011397713.0,1.13381,1.13387
1748011398265.0,1.13382,1.13391
1748011398828.0,1.13388,1.13397
1748011399143.0,1.13381,1.1339
1748011399546.0,1.1338,1.13389
1748011399877.0,1.13378,1.13387
1748011399988.0,1.13379,1.13388
1748011400206.0,1.13381,1.1339
1748011400316.0,1.13382,1.13388
1748011400536.0,1.13381,1.13387
1748011402229.0,1.1338,1.13386
1748011402342.0,1.13377,1.13383
1748011402448.0,1.13375,1.13381
1748011402669.0,1.13376,1.13382
1748011404979.0,1.13377,1.13383
1748011406943.0,1.13374,1.1338
1748011407166.0,1.13375,1.13381
1748011407714.0,1.13374,1.1338
1748011408888.0,1.13376,1.13382
1748011409436.0,1.13377,1.13383
1748011410480.0,1.13376,1.13382
1748011411592.0,1.13377,1.13383
1748011412142.0,1.13373,1.13379
1748011412361.0,1.13372,1.13378
1748011412692.0,1.13371,1.13377
1748011414564.0,1.13372,1.13378
1748011414785.0,1.13371,1.13377
1748011415335.0,1.13367,1.13373
1748011415564.0,1.13366,1.13372
1748011415884.0,1.13363,1.13369
1748011416325.0,1.13362,1.13368
1748011419321.0,1.13358,1.13364
1748011419432.0,1.13356,1.13362
1748011419652.0,1.13357,1.13363
1748011420642.0,1.13355,1.13361
1748011421083.0,1.13359,1.13365
1748011421411.0,1.13357,1.13363
1748011421630.0,1.13361,1.13367
1748011421741.0,1.13362,1.13368
1748011422512.0,1.13361,1.13367
1748011423176.0,1.13367,1.13373
1748011425737.0,1.13366,1.13375
1748011426837.0,1.13365,1.13374
1748011428176.0,1.13364,1.13373
1748011432449.0,1.13372,1.13378
1748011433004.0,1.13375,1.13381
1748011433930.0,1.13376,1.13382
1748011435473.0,1.13377,1.1339
1748011435580.0,1.13381,
1748011435922.0,1.1338,1.13389
1748011437211.0,1.1338,1.13389
1748011438242.0,1.13382,1.13391
1748011438347.0,1.13381,1.1339
1748011439563.0,1.1338,1.13389
1748011440945.0,1.13375,1.13384
1748011441275.0,1.13378,1.13387
1748011441385.0,1.13377,1.13386
1748011441494.0,1.13378,1.13387
1748011443317.0,1.13377,1.13386
1748011447066.0,1.13378,1.13387
1748011451064.0,1.1338,1.13389
1748011451283.0,1.13378,1.13387
1748011454590.0,1.13376,1.13385
1748011454807.0,1.13374,1.13383
1748011455027.0,1.13375,1.13384
1748011457875.0,1.13374,1.13383
1748011459033.0,1.13372,1.13381
1748011460873.0,1.13373,1.13382
1748011461788.0,1.13376,
1748011465702.0,1.13377,1.13383
1748011465923.0,1.1337,1.13376
1748011469123.0,1.13371,1.13377
1748011470030.0,1.13372,1.13378
1748011470255.0,1.13375,1.13381
1748011473090.0,1.13377,1.13386
1748011473307.0,1.13374,1.13383
1748011473417.0,1.13373,1.13382
1748011474555.0,1.13369,1.13378
1748011476647.0,1.13371,1.13377
1748011478323.0,1.13374,1.1338
1748011478653.0,,1.13383
1748011478996.0,1.13372,1.13381
1748011479423.0,1.13373,1.13382
1748011479643.0,1.13374,1.13383
1748011484769.0,1.13367,1.13376
1748011484878.0,1.13366,1.13375
1748011485004.0,1.13367,1.13376
1748011485646.0,1.13368,1.13377
1748011490598.0,1.13372,1.13381
1748011490707.0,1.13373,1.13382
1748011490816.0,1.13375,1.13381
1748011491150.0,1.13374,1.1338
1748011492738.0,1.13371,1.13377
1748011494190.0,1.1337,1.13376
1748011497355.0,1.13371,1.13377
1748011497682.0,1.13366,1.13372
1748011499866.0,1.13367,1.13373
1748011501127.0,1.13366,1.13372
1748011501233.0,1.1337,1.13376
1748011501347.0,1.13369,1.13375
1748011502628.0,1.13371,1.13377
1748011504758.0,1.13372,1.13378
1748011507046.0,1.13371,1.13377
1748011507141.0,1.13372,1.13378
1748011509136.0,1.1337,1.13376
1748011510564.0,1.13368,1.13374
1748011510779.0,1.13369,1.13375
1748011510998.0,1.13368,1.13374
1748011515037.0,1.1337,1.13376
1748011518195.0,1.13381,1.13387
1748011518304.0,1.1338,1.13386
1748011520069.0,1.13381,1.13387
1748011520290.0,1.13382,1.13391
1748011522527.0,1.13385,
1748011522631.0,1.13388,1.13397
1748011522851.0,1.13385,1.13391
1748011523420.0,1.13386,1.13392
1748011524215.0,1.13383,1.13389
1748011528126.0,1.13384,1.1339
1748011528237.0,1.13379,1.13385
1748011528356.0,1.13378,1.13384
1748011531088.0,1.13377,1.13383
1748011532650.0,1.13381,1.1339
1748011532871.0,1.13382,1.13391
1748011537237.0,1.13377,1.13386
1748011537567.0,1.1338,
1748011538561.0,1.13371,1.13377
1748011538668.0,1.13369,1.13375
1748011539004.0,1.13371,1.13377
1748011539438.0,1.1337,1.13376
1748011539549.0,1.13364,1.1337
1748011539663.0,1.13363,1.13369
1748011540098.0,1.13365,1.13371
1748011540226.0,1.13364,1.1337
1748011540538.0,1.1336,1.13366
1748011540654.0,1.13352,1.13358
1748011540869.0,1.13319,1.13325
1748011541090.0,1.13321,1.1333
1748011541311.0,1.13318,1.13327
1748011541750.0,1.13322,1.13331
1748011541858.0,1.13321,1.1333
1748011542079.0,1.13298,1.13311
1748011542190.0,1.13295,1.13304
1748011542413.0,1.13297,1.13306
1748011542525.0,1.13301,1.1331
1748011542629.0,1.13302,1.13314
1748011542740.0,1.13306,1.13315
1748011542969.0,1.13305,1.13314
1748011543405.0,1.13312,1.13321
1748011543729.0,1.1332,1.13329
1748011543948.0,1.13313,1.13322
1748011544062.0,1.13301,1.1331
1748011544279.0,1.13299,1.13308
1748011544719.0,1.13297,1.13303
1748011544938.0,1.133,1.13306
1748011545166.0,1.13301,1.13307
1748011545489.0,1.13305,1.13314
1748011546040.0,1.13304,1.13313
1748011546260.0,1.13301,1.13307
1748011546588.0,1.13314,1.13323
1748011546704.0,1.13316,1.13322
1748011546815.0,1.13317,1.13323
1748011547030.0,1.13314,1.1332
1748011547250.0,1.13316,1.13322
1748011548886.0,,1.13332
1748011548997.0,1.13327,1.13333
1748011549219.0,1.13331,1.13337
1748011549655.0,1.13332,1.13343
1748011549876.0,1.13333,1.13342
1748011550223.0,1.13336,1.13345
1748011550449.0,1.13339,1.13348
1748011550555.0,1.13341,1.13347
1748011550777.0,1.13339,1.13345
1748011551213.0,1.1335,1.13356
1748011551324.0,1.13351,1.13357
1748011551543.0,1.13354,1.1336
1748011551662.0,1.13352,1.13361
1748011551764.0,1.13353,1.13362
1748011551985.0,1.13354,1.13363
1748011552092.0,1.1335,1.13359
1748011552534.0,1.13353,
1748011552754.0,1.13351,1.13357
1748011553087.0,1.1335,1.13356
1748011554344.0,1.13352,1.13358
1748011554453.0,1.13355,1.13364
1748011554563.0,1.13353,
1748011554786.0,1.13354,1.13363
1748011555895.0,1.13355,1.13364
1748011556605.0,1.1336,1.13369
1748011556713.0,1.13361,1.1337
1748011556933.0,1.13362,1.13371
1748011558144.0,1.13361,1.1337
1748011558253.0,1.1336,1.13369
1748011560487.0,1.13357,1.13366
1748011560819.0,1.13351,1.1336
1748011560931.0,1.13353,1.13362
1748011561037.0,1.13352,1.13361
1748011562689.0,1.13352,1.13361
1748011562799.0,1.13351,1.1336
1748011562909.0,1.13352,1.13361
1748011563573.0,1.1336,1.13369
1748011563680.0,1.13359,1.13368
1748011563899.0,1.13362,1.13371
1748011564013.0,1.1336,1.13369
1748011564577.0,1.13356,1.13365
1748011564691.0,1.13358,1.13367
1748011565563.0,1.13357,1.13366
1748011565790.0,1.13347,1.13356
1748011566450.0,1.1335,1.13359
1748011568134.0,1.13354,1.13363
1748011568462.0,1.13355,1.13364
1748011569305.0,1.13357,1.13366
1748011570780.0,1.13356,
1748011574455.0,1.13359,1.13365
1748011574558.0,1.1336,1.13366
1748011575217.0,1.13361,1.13367
1748011576054.0,1.13359,1.13365
1748011576494.0,1.13358,1.13364
1748011576931.0,1.13357,1.13363
1748011577258.0,1.13361,1.13367
1748011581314.0,1.13355,1.13368
1748011581536.0,1.13367,1.13376
1748011581640.0,1.13363,1.13369
1748011581750.0,1.13362,1.13368
1748011584175.0,1.13361,1.13367
1748011586117.0,1.13362,1.13368
1748011588635.0,1.13356,1.13362
1748011588747.0,1.13357,1.13363
1748011590383.0,1.13358,1.13364
1748011590586.0,1.1336,1.13366
1748011593609.0,1.13361,1.13367
1748011593986.0,,1.1337
1748011594492.0,1.1336,1.13369
1748011596198.0,1.13362,1.13368
1748011597222.0,1.1336,1.13369
1748011599847.0,1.13361,1.1337
1748011603883.0,1.1336,1.13369
1748011606337.0,1.13361,1.13367
1748011607792.0,1.13362,1.13368
1748011608038.0,1.13363,1.13369
1748011608121.0,1.13368,1.13374
1748011608231.0,1.13367,1.13373
1748011608984.0,1.13366,1.13372
1748011610561.0,1.13365,1.13371
1748011612336.0,1.13375,1.13381
1748011612445.0,1.13376,1.13382
1748011612781.0,1.13372,1.13378
1748011615163.0,1.13381,1.13387
1748011616146.0,1.13374,1.1338
1748011616256.0,,1.13383
1748011617988.0,1.13375,1.13384
1748011618572.0,1.13371,1.13377
1748011618890.0,1.13372,1.13378
1748011619110.0,1.13373,1.13379
1748011619223.0,1.13372,1.13378
1748011622980.0,1.13369,1.13375
1748011623089.0,1.13371,1.13377
1748011624156.0,1.13376,1.13382
1748011624709.0,1.13378,1.13384
1748011626688.0,1.13376,1.13382
1748011626803.0,1.13378,1.13384
1748011627129.0,1.13377,1.13383
1748011628603.0,1.13376,1.13382
1748011631167.0,1.13377,1.13383
1748011632530.0,1.13382,1.13391
1748011634181.0,1.13384,1.13393
1748011635523.0,1.1339,1.13396
1748011635633.0,1.13392,1.13398
1748011635854.0,1.13391,1.13397
1748011637415.0,1.13393,1.13399
1748011639534.0,1.13387,1.13396
1748011639639.0,1.13392,1.13398
1748011640651.0,1.1339,1.13396
1748011641096.0,1.13389,1.13395
1748011644445.0,1.13382,1.13388
1748011644553.0,1.13381,1.13387
1748011644774.0,1.13377,1.13383
1748011644892.0,1.13376,1.13382
1748011647727.0,1.13374,1.1338
1748011648624.0,1.13373,1.13379
1748011648718.0,1.13372,1.13378
1748011650398.0,1.13373,1.13379
1748011651615.0,1.13372,1.13378
1748011652178.0,1.13371,1.13377
1748011653847.0,1.13376,1.13382
1748011654290.0,1.13372,1.13378
1748011655171.0,1.13369,
1748011655498.0,1.13368,1.13377
1748011658275.0,1.1337,1.13379
1748011662648.0,1.1337,1.13379
1748011667106.0,1.13372,1.13381
1748011667994.0,1.13375,
1748011668105.0,1.13373,1.13382
1748011670642.0,1.1337,1.13379
1748011672815.0,1.1338,1.13389
1748011673144.0,1.13379,1.13388
1748011674876.0,1.13381,1.1339
1748011675667.0,1.1338,1.13389
1748011677599.0,1.13381,1.1339
1748011678149.0,1.13388,1.13397
1748011679051.0,1.1339,1.13396
1748011679986.0,1.13388,1.13397
1748011683164.0,1.1339,1.13399
1748011684160.0,1.13393,1.13402
1748011684268.0,1.13394,1.13403
1748011685505.0,1.13395,1.13404
1748011686855.0,1.13391,1.134
1748011686963.0,1.13392,1.13401
1748011687406.0,1.13395,1.13404
1748011687623.0,1.13394,1.13403
1748011688193.0,1.13396,1.13405
1748011688298.0,1.13392,1.13401
1748011688523.0,1.13394,1.134
1748011688738.0,1.13395,1.13401
1748011688848.0,1.13394,1.13403
1748011690494.0,1.13393,1.13402
1748011691285.0,1.13394,1.13403
1748011691916.0,1.13393,1.13402
1748011692138.0,1.13392,1.13401
1748011692245.0,1.13391,1.134
1748011692573.0,1.13394,1.13403
1748011694741.0,1.13393,1.13402
1748011697280.0,1.13394,1.13403
1748011697389.0,1.13393,1.13402
1748011701989.0,1.13391,1.134
1748011702210.0,1.1339,1.13399
1748011703597.0,1.13385,1.13394
1748011703709.0,1.13391,1.134
1748011704631.0,1.13395,1.13404
1748011705557.0,1.13394,1.13403
1748011709769.0,1.13395,1.13404
1748011710314.0,1.13393,1.13399
1748011710645.0,1.13394,1.134
1748011713275.0,,1.13403
1748011717689.0,1.13394,1.13403
1748011718128.0,1.13392,1.13401
1748011718235.0,1.13394,1.13403
1748011718836.0,1.13393,1.13402
1748011719187.0,1.13394,1.13403
1748011724539.0,1.13392,1.13401
1748011724647.0,1.13393,1.13402
1748011728154.0,1.13394,1.13403
1748011729564.0,1.13393,1.13402
1748011732518.0,1.13394,1.13403
1748011737447.0,1.13396,1.13405
1748011737537.0,1.13394,1.13403
1748011737758.0,1.13393,1.13402
1748011737978.0,1.13392,1.13401
1748011740803.0,1.13393,1.13402
1748011741017.0,1.13394,1.13403
1748011745205.0,1.13391,1.134
1748011745315.0,1.13387,1.13396
1748011745535.0,1.13392,1.13401
1748011745865.0,1.13393,1.13402
1748011745975.0,1.13394,1.13403
1748011748785.0,1.13395,1.13401
1748011749662.0,1.13392,
1748011750542.0,1.13395,1.13404
1748011752061.0,1.13393,1.13402
1748011752168.0,1.1339,1.13399
1748011752731.0,1.13389,1.13398
1748011753269.0,1.13394,1.13403
1748011753489.0,1.13393,1.13402
1748011753598.0,1.13394,1.13403
1748011754589.0,1.13395,1.13404
1748011754913.0,1.13394,1.13403
1748011757558.0,1.13392,1.13401
1748011757669.0,1.13394,1.13403
1748011757780.0,1.13395,1.13404
1748011757889.0,1.13391,1.134
1748011758005.0,1.1339,1.13399
1748011759381.0,1.13391,1.134
1748011759491.0,1.13393,1.13402
1748011759932.0,1.13394,1.13403
1748011760596.0,1.13392,1.13401
1748011762485.0,1.13391,1.134
1748011762707.0,1.13392,1.13401
1748011764310.0,1.1339,1.13399
1748011764529.0,1.13388,1.13397
1748011764750.0,1.13387,1.13396
1748011764868.0,1.13386,1.13395
1748011765522.0,1.13382,1.13391
1748011765850.0,1.13383,1.13392
1748011765960.0,1.13384,1.13393
1748011766070.0,1.13385,1.13394
1748011766295.0,1.13383,1.13392
1748011766841.0,1.13384,1.13393
1748011767737.0,,1.13395
1748011767958.0,,1.13393
1748011768667.0,1.13383,1.13392
1748011769655.0,1.13384,1.13393
1748011770739.0,1.13389,1.13395
1748011771063.0,1.13388,1.13397
1748011771179.0,1.13389,1.13398
1748011771504.0,1.13388,1.13397
1748011772449.0,1.13389,1.13398
1748011773338.0,1.1339,1.13399
1748011773773.0,1.13389,1.13398
1748011775386.0,1.13388,1.13397
1748011775928.0,1.13389,1.13398
1748011778522.0,1.1339,1.13399
1748011778760.0,1.13389,1.13398
1748011779071.0,1.13388,1.13397
1748011780362.0,1.13383,1.13392
1748011782030.0,1.13384,1.13393
1748011783068.0,1.13388,1.13397
1748011783509.0,1.13389,1.13398
1748011784342.0,1.13389,1.13398
1748011786990.0,1.13385,1.13394
1748011787098.0,1.13384,1.13393
1748011787833.0,1.13385,1.13394
1748011788158.0,1.13382,1.13391
1748011790854.0,1.13394,1.13403
1748011792857.0,1.13395,1.13401
1748011793077.0,1.13391,1.134
1748011793184.0,1.13389,1.13398
1748011796890.0,1.13391,1.134
1748011798064.0,1.13395,1.13404
1748011800232.0,1.13393,1.13399
1748011800355.0,1.13394,1.134
1748011801232.0,1.13391,
1748011801454.0,1.1339,1.13399
1748011801998.0,1.13389,1.13398
1748011802766.0,1.1339,1.13399
1748011802983.0,1.13393,1.13399
1748011805261.0,1.13392,1.13401
1748011805383.0,1.13394,1.13403
1748011807936.0,1.13388,1.13394
1748011808046.0,1.13391,1.13397
1748011809043.0,1.13394,1.134
1748011809813.0,1.13393,1.13399
1748011810138.0,1.1339,
1748011810248.0,1.13385,1.13391
1748011810689.0,1.13386,1.13392
1748011811032.0,1.13385,1.13391
1748011811134.0,1.13381,1.1339
1748011811900.0,1.13383,1.13392
1748011812891.0,1.13381,1.1339
1748011813005.0,1.13384,1.13393
1748011813665.0,1.13387,1.13396
1748011813893.0,1.13386,1.13395
1748011813991.0,1.13385,1.13394
1748011814215.0,1.13386,1.13395
1748011814652.0,1.13385,1.13394
1748011815159.0,1.13386,1.13395
1748011815903.0,1.13383,1.13397
1748011817291.0,,1.13396
1748011819231.0,1.13393,1.13405
1748011819465.0,1.13395,1.13404
1748011820629.0,1.13393,1.13402
1748011820731.0,1.13395,1.13404
1748011821171.0,1.13396,1.13402
1748011821767.0,1.13398,1.13407
1748011821876.0,1.13394,1.13403
1748011822096.0,1.13396,1.13405
1748011825614.0,1.13395,1.13404
1748011829617.0,1.13394,1.13403
1748011830850.0,1.13398,1.13407
1748011831071.0,1.13423,1.13429
1748011831181.0,1.13425,1.13431
1748011831513.0,1.13424,1.1343
1748011831950.0,1.1342,1.13426
1748011832061.0,1.13417,1.13423
1748011832393.0,1.13418,1.13424
1748011832499.0,1.13421,1.13427
1748011832829.0,1.1342,1.13426
1748011833164.0,1.13418,1.13424
1748011833271.0,1.13416,1.13422
1748011833381.0,1.1342,1.13426
1748011833822.0,1.13426,1.13432
1748011834484.0,1.13428,1.13437
1748011834593.0,1.13432,1.13438
1748011834708.0,1.13433,1.13442
1748011835142.0,1.13434,1.13443
1748011836248.0,1.13435,1.13444
1748011836571.0,1.13437,1.13443
1748011836924.0,1.13438,1.13444
1748011837039.0,1.13439,1.13448
1748011837145.0,1.13437,1.13446
1748011837604.0,1.13436,1.13445
1748011838154.0,1.13435,1.13441
1748011838261.0,1.13437,1.13443
1748011839183.0,1.13435,1.13441
1748011840379.0,1.13437,1.13443
1748011840489.0,1.13438,1.13447
1748011840709.0,1.1344,1.13446
1748011840820.0,1.13436,1.13449
1748011841054.0,1.13434,1.13446
1748011841370.0,1.13433,1.13445
1748011841699.0,1.13432,1.13446
1748011841809.0,1.13433,1.13445
1748011842252.0,1.13433,1.13445
1748011843322.0,1.13434,
1748011843542.0,1.13433,
1748011844422.0,1.13432,
1748011844945.0,1.1343,1.13446
1748011845167.0,1.13431,
1748011845612.0,1.13431,1.13446
1748011845715.0,1.13433,1.13445
1748011845943.0,1.13434,1.13443
1748011846490.0,1.13433,1.13445
1748011847911.0,,1.13442
1748011848006.0,1.13432,1.13445
1748011848226.0,1.13437,1.13446
1748011848554.0,,1.13448
1748011848776.0,1.13431,1.13444
1748011849435.0,1.13429,1.13438
1748011849671.0,1.13432,1.13441
1748011849770.0,1.13434,1.13443
