1748008705747.0,23587.8,23589.2
1748008706097.0,23587.3,23588.7
1748008706321.0,23587.8,23589.2
1748008706622.0,23588.3,23589.7
1748008706709.0,23588.8,23590.2
1748008707144.0,23589.8,23591.2
1748008707414.0,23589.8,23591.2
1748008707739.0,23589.8,23591.2
1748008708019.0,23589.8,23591.2
1748008708066.0,23590.3,23591.7
1748008708545.0,23589.3,23590.7
1748008709014.0,23589.8,23591.2
1748008709365.0,23590.3,23591.7
1748008709472.0,23589.8,23591.2
1748008711171.0,23591.3,23592.7
1748008712027.0,23590.8,23592.2
1748008714785.0,23590.3,23591.7
1748008714832.0,23589.8,23591.2
1748008715182.0,23590.8,23592.2
1748008715287.0,23590.3,23591.7
1748008715748.0,23590.8,23592.2
1748008715895.0,23587.3,23588.7
1748008716320.0,23587.3,23588.7
1748008716381.0,23586.8,23588.2
1748008718530.0,23586.3,23587.7
1748008718627.0,23586.8,23588.2
1748008719739.0,23586.8,23588.2
1748008720283.0,23586.3,23587.7
1748008720655.0,23587.3,23588.7
1748008720705.0,23586.8,23588.2
1748008721258.0,23586.8,23588.2
1748008721508.0,23587.3,23588.7
1748008721614.0,23586.8,23588.2
1748008723499.0,23587.8,23589.2
1748008723646.0,23586.8,23588.2
1748008723830.0,23586.3,23587.7
1748008724267.0,23585.3,23586.7
1748008724862.0,23585.8,23587.2
1748008726146.0,23585.8,23587.2
1748008726959.0,23585.8,23587.2
1748008727132.0,23585.8,23587.2
1748008727318.0,23584.8,23586.2
1748008727737.0,23585.3,23586.7
1748008728603.0,23585.8,23587.2
1748008729352.0,23585.8,23587.2
1748008729799.0,23585.3,23586.7
1748008730477.0,23585.8,23587.2
1748008730955.0,23585.3,23586.7
1748008731472.0,23585.8,23587.2
1748008731843.0,23585.3,23586.7
1748008732230.0,23585.8,23587.2
1748008732569.0,23586.3,23587.7
1748008736590.0,23583.8,23585.2
1748008737109.0,23585.8,23587.2
1748008738412.0,23583.8,23585.2
1748008738653.0,23584.3,23585.7
1748008738874.0,23584.8,23586.2
1748008739344.0,23584.3,23585.7
1748008739407.0,23583.3,23584.7
1748008740533.0,23582.8,23584.2
1748008740927.0,23583.3,23584.7
1748008740976.0,23583.8,23585.2
1748008741025.0,23584.3,23585.7
1748008741396.0,23583.8,23585.2
1748008741734.0,23580.8,23582.2
1748008741970.0,23581.8,23583.2
1748008742021.0,23580.8,23582.2
1748008742231.0,23580.8,23582.2
1748008742673.0,23581.3,23582.7
1748008743035.0,23580.3,23581.7
1748008743317.0,23580.3,23581.7
1748008743444.0,23580.8,23582.2
1748008743791.0,23580.3,23581.7
1748008745128.0,23580.8,23582.2
1748008745619.0,23579.8,23581.2
1748008746233.0,23580.3,23581.7
1748008746489.0,23579.8,23581.2
1748008746537.0,23580.3,23581.7
1748008746587.0,23579.8,23581.2
1748008747253.0,23579.8,23581.2
1748008747785.0,23580.3,23581.7
1748008748154.0,23579.8,23581.2
1748008748255.0,23579.3,23580.7
1748008748592.0,23579.8,23581.2
1748008750431.0,23581.8,23583.2
1748008750758.0,23581.3,23582.7
1748008750809.0,23580.8,23582.2
1748008751006.0,23580.8,23582.2
1748008751597.0,23581.3,23582.7
1748008751750.0,23580.8,23582.2
1748008752503.0,23580.3,23581.7
1748008753671.0,23580.8,23582.2
1748008753880.0,23580.8,23582.2
1748008754426.0,23581.8,23583.2
1748008754858.0,23581.3,23582.7
1748008754906.0,23580.8,23582.2
1748008755211.0,23581.3,23582.7
1748008755372.0,23582.8,23584.2
1748008755835.0,23582.3,23583.7
1748008756289.0,23582.8,23584.2
1748008757984.0,23583.3,23584.7
1748008758990.0,23585.3,23586.7
1748008759105.0,23585.8,23587.2
1748008759399.0,23586.3,23587.7
1748008761320.0,23583.3,23584.7
1748008761655.0,23583.3,23584.7
1748008762044.0,23583.3,23584.7
1748008762269.0,23583.8,23585.2
1748008762687.0,23584.3,23585.7
1748008762783.0,23583.8,23585.2
1748008763404.0,23584.3,23585.7
1748008763845.0,23583.3,23584.7
1748008764106.0,23583.8,23585.2
1748008764303.0,23585.3,23586.7
1748008764457.0,23584.8,23586.2
1748008764855.0,23584.3,23585.7
1748008765105.0,23584.8,23586.2
1748008765298.0,23584.3,23585.7
1748008766942.0,23583.3,23584.7
1748008767220.0,23585.3,23586.7
1748008767423.0,23584.3,23585.7
1748008767771.0,23585.3,23586.7
1748008767822.0,23584.8,23586.2
1748008767875.0,23585.3,23586.7
1748008768085.0,23584.8,23586.2
1748008768131.0,23584.3,23585.7
1748008769111.0,23583.8,23585.2
1748008769336.0,23582.3,23583.7
1748008770150.0,23582.8,23584.2
1748008772463.0,23584.3,23585.7
1748008773003.0,23583.8,23585.2
1748008773403.0,23583.8,23585.2
1748008773607.0,23584.3,23585.7
1748008773880.0,23584.3,23585.7
1748008774109.0,23582.8,23584.2
1748008774472.0,23582.3,23583.7
1748008774539.0,23582.8,23584.2
1748008775196.0,23582.3,23583.7
1748008777146.0,23582.3,23583.7
1748008777323.0,23582.8,23584.2
1748008777578.0,23583.8,23585.2
1748008777839.0,23583.3,23584.7
1748008777984.0,23583.8,23585.2
1748008778295.0,23583.3,23584.7
1748008779047.0,23583.8,23585.2
1748008779334.0,23583.8,23585.2
1748008779711.0,23583.3,23584.7
1748008779811.0,23583.8,23585.2
1748008782349.0,23588.8,23590.2
1748008782650.0,23587.8,23589.2
1748008782859.0,23587.3,23588.7
1748008782908.0,23587.8,23589.2
1748008783542.0,23587.3,23588.7
1748008783947.0,23587.8,23589.2
1748008784004.0,23587.3,23588.7
1748008784492.0,23587.3,23588.7
1748008785242.0,23587.8,23589.2
1748008785569.0,23587.3,23588.7
1748008785746.0,23587.8,23589.2
1748008786380.0,23587.3,23588.7
1748008787329.0,23587.8,23589.2
1748008787571.0,23587.8,23589.2
1748008787815.0,23588.8,23590.2
1748008788713.0,23587.8,23589.2
1748008788893.0,23588.3,23589.7
1748008789411.0,23587.8,23589.2
1748008789551.0,23588.3,23589.7
1748008790071.0,23588.3,23589.7
1748008790341.0,23587.3,23588.7
1748008790813.0,23587.8,23589.2
1748008792085.0,23587.3,23588.7
1748008792705.0,23587.8,23589.2
1748008793040,,
1748008793445.0,23591.8,23593.2
1748008793564.0,23591.3,23592.7
1748008794304.0,23591.3,23592.7
1748008795107.0,23591.3,23592.7
1748008795356.0,23592.3,23593.7
1748008795627.0,23591.8,23593.2
1748008795899.0,23591.8,23593.2
1748008796504.0,23592.3,23593.7
1748008797252.0,23592.8,23594.2
1748008797303.0,23593.3,23594.7
1748008798294.0,23593.8,23595.2
1748008798342.0,23594.3,23595.7
1748008798684.0,23593.3,23594.7
1748008799008.0,23593.8,23595.2
1748008799369.0,23597.8,23599.2
1748008799573.0,23598.3,23599.7
1748008800071.0,23600.0,23601.4
1748008800461.0,23600.5,23601.9
1748008800509.0,23602.0,23603.4
1748008800761.0,23601.5,23602.9
1748008800862.0,23597.5,23598.9
1748008801324.0,23596.0,23597.4
1748008801775.0,23596.5,23597.9
1748008802141.0,23596.5,23597.9
1748008802461,,
1748008802664.0,23597.0,23598.4
1748008802891.0,23595.5,23596.9
1748008803012.0,23596.5,23597.9
1748008803710.0,23597.0,23598.4
1748008803858.0,23597.5,23598.9
1748008805659.0,23597.0,23598.4
1748008809851.0,23600.5,23601.9
1748008810085.0,23600.5,23601.9
1748008811599.0,23600.0,23601.4
1748008812189.0,23600.5,23601.9
1748008812938.0,23601.0,23602.4
1748008813306.0,23601.5,23602.9
1748008813350,,
1748008814591.0,23607.5,23608.9
1748008814962.0,23607.0,23608.4
1748008815391,,
1748008816106.0,23607.0,23608.4
1748008816759.0,23608.5,23609.9
1748008816966.0,23607.0,23608.4
1748008817678.0,23606.5,23607.9
1748008817776.0,23606.5,23607.9
1748008818742.0,23607.0,23608.4
1748008818993.0,23603.0,23604.4
1748008819359.0,23603.0,23604.4
1748008819483.0,23603.5,23604.9
1748008819584.0,23604.0,23605.4
1748008820241.0,23603.5,23604.9
1748008820405.0,23600.5,23601.9
1748008820629.0,23600.5,23601.9
1748008821277.0,23599.5,23600.9
1748008821427.0,23600.5,23601.9
1748008821744.0,23601.0,23602.4
1748008821920.0,23600.5,23601.9
1748008822266.0,23603.5,23604.9
1748008822640.0,23606.5,23607.9
1748008822693.0,23607.5,23608.9
1748008824212.0,23612.5,23613.9
1748008825281.0,23610.5,23611.9
1748008825333.0,23611.5,23612.9
1748008826072.0,23612.0,23613.4
1748008826353.0,23612.0,23613.4
1748008826405.0,23610.0,23611.4
1748008826624.0,23611.0,23612.4
1748008827189.0,23610.5,23611.9
1748008827312.0,23611.0,23612.4
1748008827546.0,23612.0,23613.4
1748008828080.0,23611.0,23612.4
1748008828413.0,23611.5,23612.9
1748008828508.0,23611.0,23612.4
1748008828724.0,23612.0,23613.4
1748008829996.0,23611.5,23612.9
1748008830276.0,23612.5,23613.9
1748008830733.0,23615.0,23616.4
1748008831007.0,23614.5,23615.9
1748008831574.0,23614.0,23615.4
1748008831709.0,23614.5,23615.9
1748008831813.0,23614.5,23615.9
1748008832077,,
1748008833049.0,23617.0,23618.4
1748008833096.0,23619.0,23620.4
1748008833306.0,23617.0,23618.4
1748008833865.0,23616.5,23617.9
1748008834447,,
1748008835038.0,23618.5,23619.9
1748008835660.0,23618.0,23619.4
1748008835708.0,23617.5,23618.9
1748008836205.0,23617.0,23618.4
1748008836487.0,23615.5,23616.9
1748008836592.0,23616.5,23617.9
1748008836963.0,23616.0,23617.4
1748008837309.0,23615.0,23616.4
1748008837357.0,23614.0,23615.4
1748008837782.0,23613.5,23614.9
1748008837974.0,23613.0,23614.4
1748008838224.0,23614.0,23615.4
1748008838646.0,23615.5,23616.9
1748008839073.0,23614.0,23615.4
1748008839751.0,23612.5,23613.9
1748008840736.0,23613.0,23614.4
1748008840929.0,23613.5,23614.9
1748008841204.0,23613.0,23614.4
1748008842547.0,23616.0,23617.4
1748008842811.0,23615.5,23616.9
1748008843640.0,23614.5,23615.9
1748008843824.0,23613.0,23614.4
1748008844713.0,23613.5,23614.9
1748008845117.0,23613.0,23614.4
1748008846826.0,23611.5,23612.9
1748008847406.0,23611.5,23612.9
1748008847454.0,23612.0,23613.4
1748008847516.0,23611.5,23612.9
1748008847872.0,23609.5,23610.9
1748008848180.0,23609.5,23610.9
1748008848316.0,23609.5,23610.9
1748008848645.0,23606.0,23607.4
1748008849872.0,23604.5,23605.9
1748008850693.0,23602.5,23603.9
1748008850867.0,23602.0,23603.4
1748008851394.0,23602.5,23603.9
1748008851504.0,23604.0,23605.4
1748008852064.0,23603.5,23604.9
1748008852857.0,23603.5,23604.9
1748008853770.0,23604.0,23605.4
1748008853817.0,23605.0,23606.4
1748008854110.0,23605.0,23606.4
1748008854540.0,23605.0,23606.4
1748008854820.0,23607.0,23608.4
1748008854918.0,23607.0,23608.4
1748008856266.0,23607.5,23608.9
1748008856590.0,23607.0,23608.4
1748008856808,,
1748008857203.0,23606.0,23607.4
1748008857504.0,23605.0,23606.4
1748008858026.0,23605.5,23606.9
1748008858298.0,23606.0,23607.4
1748008858442.0,23607.5,23608.9
1748008859308.0,23605.0,23606.4
1748008859643.0,23605.5,23606.9
1748008859867.0,23605.0,23606.4
1748008860063.0,23604.5,23605.9
1748008860559.0,23604.0,23605.4
1748008861406.0,23602.5,23603.9
1748008862060.0,23603.0,23604.4
1748008862519.0,23603.5,23604.9
1748008862856.0,23603.0,23604.4
1748008863044.0,23602.0,23603.4
1748008863857.0,23602.5,23603.9
1748008863994.0,23602.0,23603.4
1748008864688.0,23599.0,23600.4
1748008864981.0,23597.0,23598.4
1748008865205.0,23596.5,23597.9
1748008865492.0,23597.0,23598.4
1748008865546.0,23594.5,23595.9
1748008866439.0,23595.5,23596.9
1748008866794.0,23595.5,23596.9
1748008866979.0,23595.0,23596.4
1748008867329.0,23594.5,23595.9
1748008867855.0,23595.5,23596.9
1748008868777.0,23595.0,23596.4
1748008869503.0,23595.5,23596.9
1748008869863.0,23595.0,23596.4
1748008870164.0,23595.5,23596.9
1748008870895.0,23595.0,23596.4
1748008871528.0,23595.0,23596.4
1748008871938.0,23594.5,23595.9
1748008872125.0,23595.5,23596.9
1748008872371.0,23595.5,23596.9
1748008872912.0,23596.0,23597.4
1748008873329.0,23597.5,23598.9
1748008873791.0,23598.0,23599.4
1748008873996.0,23599.5,23600.9
1748008874062.0,23600.0,23601.4
1748008874780.0,23602.0,23603.4
1748008874828.0,23603.5,23604.9
1748008875311.0,23606.0,23607.4
1748008876054.0,23609.0,23610.4
1748008876606.0,23610.0,23611.4
1748008876744,,
1748008877680.0,23610.0,23611.4
1748008878034.0,23609.5,23610.9
1748008878271.0,23609.0,23610.4
1748008878433.0,23608.0,23609.4
1748008878786,,
1748008878907.0,23610.0,23611.4
1748008879485.0,23609.5,23610.9
1748008879639.0,23609.0,23610.4
1748008879687.0,23609.5,23610.9
1748008880109.0,23610.0,23611.4
1748008880207.0,23610.5,23611.9
1748008880615.0,23611.5,23612.9
1748008880851.0,23612.5,23613.9
1748008881212.0,23612.0,23613.4
1748008882224.0,23612.5,23613.9
1748008882272.0,23611.5,23612.9
1748008882323.0,23612.0,23613.4
1748008882738.0,23611.5,23612.9
1748008882972.0,23611.5,23612.9
1748008884106,,
1748008884652.0,23614.0,23615.4
1748008886141.0,23616.0,23617.4
1748008886628.0,23617.0,23618.4
1748008886977.0,23617.0,23618.4
1748008887269.0,23617.0,23618.4
1748008888053.0,23618.5,23619.9
1748008888289.0,23620.5,23621.9
1748008888437.0,23620.5,23621.9
1748008888858.0,23620.5,23621.9
1748008889162.0,23621.0,23622.4
1748008889454.0,23620.5,23621.9
1748008889504.0,23621.0,23622.4
1748008890592,,
1748008891525.0,23619.5,23620.9
1748008891820.0,23620.0,23621.4
1748008891916.0,23620.5,23621.9
1748008892217.0,23621.0,23622.4
1748008892616.0,23620.5,23621.9
1748008892760.0,23621.0,23622.4
1748008893155.0,23619.5,23620.9
1748008893251.0,23619.0,23620.4
1748008894512.0,23618.5,23619.9
1748008894720.0,23615.0,23616.4
1748008894923.0,23613.5,23614.9
1748008895270.0,23612.5,23613.9
1748008895320.0,23611.5,23612.9
1748008895736.0,23611.0,23612.4
1748008896061.0,23611.5,23612.9
1748008896318.0,23612.0,23613.4
1748008896358.0,23613.5,23614.9
1748008896712.0,23615.0,23616.4
1748008897490.0,23614.5,23615.9
1748008897987.0,23615.0,23616.4
1748008898485.0,23615.5,23616.9
1748008898700.0,23615.5,23616.9
1748008899007.0,23615.0,23616.4
1748008899106.0,23614.5,23615.9
1748008899336.0,23615.0,23616.4
1748008899566.0,23615.5,23616.9
1748008900351.0,23616.0,23617.4
1748008900405.0,23616.5,23617.9
1748008900817.0,23616.5,23617.9
1748008901278.0,23616.5,23617.9
1748008901493.0,23615.5,23616.9
1748008902174.0,23616.0,23617.4
1748008902386.0,23615.5,23616.9
1748008903891.0,23616.0,23617.4
1748008904213.0,23614.5,23615.9
1748008904341.0,23615.0,23616.4
1748008904644.0,23615.5,23616.9
1748008905329.0,23615.5,23616.9
1748008905438.0,23615.0,23616.4
1748008905897.0,23613.5,23614.9
1748008906106.0,23611.5,23612.9
1748008906297.0,23612.0,23613.4
1748008906636.0,23611.5,23612.9
1748008907225.0,23611.5,23612.9
1748008907495.0,23609.5,23610.9
1748008908118.0,23609.0,23610.4
1748008908348,,
1748008909283.0,23610.5,23611.9
1748008909610.0,23610.0,23611.4
1748008909792.0,23610.0,23611.4
1748008909980.0,23609.0,23610.4
1748008910544.0,23609.5,23610.9
1748008911219.0,23610.5,23611.9
1748008911483.0,23610.5,23611.9
1748008911938.0,23610.0,23611.4
1748008912200.0,23609.5,23610.9
1748008912384.0,23609.5,23610.9
1748008913505.0,23611.0,23612.4
1748008914015.0,23610.5,23611.9
1748008914191.0,23611.0,23612.4
1748008914399.0,23613.5,23614.9
1748008914649.0,23613.0,23614.4
1748008914698.0,23612.5,23613.9
1748008914803.0,23612.5,23613.9
1748008915335.0,23612.0,23613.4
1748008915719.0,23613.0,23614.4
1748008915757.0,23613.5,23614.9
1748008915869.0,23613.5,23614.9
1748008916097.0,23614.0,23615.4
1748008916624.0,23614.0,23615.4
1748008917032.0,23613.5,23614.9
1748008917128.0,23612.5,23613.9
1748008917508.0,23612.0,23613.4
1748008917615.0,23612.5,23613.9
1748008918099.0,23611.5,23612.9
1748008918384.0,23612.0,23613.4
1748008918550.0,23613.0,23614.4
1748008918681.0,23611.5,23612.9
1748008919627.0,23611.0,23612.4
1748008919821.0,23611.5,23612.9
1748008920124.0,23611.0,23612.4
1748008920950.0,23610.5,23611.9
1748008921106.0,23611.0,23612.4
1748008921575.0,23612.0,23613.4
1748008921729.0,23612.5,23613.9
1748008922085.0,23612.0,23613.4
1748008922136.0,23611.0,23612.4
1748008922609.0,23611.5,23612.9
1748008922710.0,23612.5,23613.9
1748008923590.0,23614.5,23615.9
1748008923926.0,23616.0,23617.4
1748008924152.0,23616.0,23617.4
1748008924465,,
1748008924731.0,23616.0,23617.4
1748008924919.0,23617.0,23618.4
1748008925286.0,23619.0,23620.4
1748008925689.0,23618.5,23619.9
1748008926039.0,23619.5,23620.9
1748008926099.0,23619.0,23620.4
1748008926866.0,23618.5,23619.9
1748008926915.0,23619.0,23620.4
1748008928097,,
1748008928947.0,23619.0,23620.4
1748008930342.0,23617.0,23618.4
1748008930430.0,23617.5,23618.9
1748008930819.0,23618.5,23619.9
1748008931074.0,23617.0,23618.4
1748008931356.0,23617.5,23618.9
1748008931934.0,23617.0,23618.4
1748008932081.0,23615.0,23616.4
1748008932405.0,23613.5,23614.9
1748008932659.0,23612.0,23613.4
1748008932773.0,23611.5,23612.9
1748008932821.0,23611.0,23612.4
1748008933963.0,23610.5,23611.9
1748008934821.0,23610.0,23611.4
1748008934869.0,23609.5,23610.9
1748008935422.0,23609.0,23610.4
1748008935519.0,23609.5,23610.9
1748008935670.0,23610.0,23611.4
1748008936142.0,23610.5,23611.9
1748008936245.0,23611.0,23612.4
1748008936669.0,23610.5,23611.9
1748008936921.0,23610.0,23611.4
1748008937166.0,23609.5,23610.9
1748008937357.0,23609.0,23610.4
1748008938045.0,23609.5,23610.9
1748008938083.0,23611.0,23612.4
1748008938579.0,23611.5,23612.9
1748008938678.0,23612.0,23613.4
1748008939362.0,23612.5,23613.9
1748008939576.0,23613.0,23614.4
1748008939710.0,23612.5,23613.9
1748008940692.0,23613.0,23614.4
1748008940744.0,23613.5,23614.9
1748008941413.0,23612.5,23613.9
1748008941760.0,23610.0,23611.4
1748008942581.0,23609.5,23610.9
1748008942856.0,23610.0,23611.4
1748008942954.0,23610.5,23611.9
1748008943298.0,23612.0,23613.4
1748008943473.0,23614.5,23615.9
1748008944089.0,23614.0,23615.4
1748008945710.0,23609.5,23610.9
1748008945811.0,23609.5,23610.9
1748008946371.0,23609.0,23610.4
1748008947007.0,23610.5,23611.9
1748008947154.0,23615.0,23616.4
1748008947421.0,23614.0,23615.4
1748008947705.0,23612.5,23613.9
1748008948106.0,23613.0,23614.4
1748008948328.0,23613.0,23614.4
1748008948641.0,23612.0,23613.4
1748008948869.0,23612.5,23613.9
1748008949183.0,23612.0,23613.4
1748008949426.0,23612.0,23613.4
1748008949474.0,23611.5,23612.9
1748008949971.0,23611.0,23612.4
1748008950019.0,23610.5,23611.9
1748008950522.0,23612.0,23613.4
1748008950768.0,23612.0,23613.4
1748008951053.0,23612.0,23613.4
1748008951489.0,23612.5,23613.9
1748008951878.0,23612.0,23613.4
1748008952211.0,23612.5,23613.9
1748008952755.0,23612.5,23613.9
1748008953086.0,23613.0,23614.4
1748008953386.0,23612.5,23613.9
1748008953768.0,23613.0,23614.4
1748008954559.0,23612.0,23613.4
1748008954873.0,23610.5,23611.9
1748008955243.0,23611.0,23612.4
1748008955466.0,23610.5,23611.9
1748008955835.0,23610.5,23611.9
1748008955934.0,23610.0,23611.4
1748008956174.0,23609.5,23610.9
1748008956927.0,23610.0,23611.4
1748008957298.0,23609.5,23610.9
1748008957661.0,23610.0,23611.4
1748008958153.0,23610.5,23611.9
1748008958403.0,23610.0,23611.4
1748008959265.0,23610.5,23611.9
1748008959468.0,23610.0,23611.4
1748008960226.0,23609.5,23610.9
1748008960472.0,23609.0,23610.4
1748008960808.0,23609.5,23610.9
1748008961623.0,23608.5,23609.9
1748008962239.0,23609.0,23610.4
1748008963009.0,23609.5,23610.9
1748008963054.0,23609.0,23610.4
1748008963845.0,23609.5,23610.9
1748008964220.0,23610.0,23611.4
1748008964536.0,23611.0,23612.4
1748008964826.0,23610.5,23611.9
1748008964874.0,23610.0,23611.4
1748008965166.0,23610.5,23611.9
1748008965313.0,23613.0,23614.4
1748008965660.0,23612.0,23613.4
1748008965874.0,23611.5,23612.9
1748008966184.0,23610.0,23611.4
1748008967171.0,23609.5,23610.9
1748008967893.0,23610.0,23611.4
1748008968098.0,23609.5,23610.9
1748008968914.0,23607.0,23608.4
1748008969464.0,23607.5,23608.9
1748008969877.0,23608.0,23609.4
1748008969923.0,23607.5,23608.9
1748008970363.0,23607.5,23608.9
1748008970717.0,23608.0,23609.4
1748008970966.0,23608.5,23609.9
1748008971015.0,23609.5,23610.9
1748008972793.0,23610.0,23611.4
1748008972889.0,23609.5,23610.9
1748008973680.0,23609.0,23610.4
1748008974034.0,23615.5,23616.9
1748008974410.0,23616.0,23617.4
1748008974652.0,23616.0,23617.4
1748008975461.0,23616.5,23617.9
1748008975715.0,23617.0,23618.4
1748008976452.0,23616.0,23617.4
1748008976654.0,23615.5,23616.9
1748008977454.0,23616.5,23617.9
1748008978405.0,23612.0,23613.4
1748008978454.0,23611.5,23612.9
1748008978652.0,23611.5,23612.9
1748008978704.0,23611.0,23612.4
1748008979069.0,23609.5,23610.9
1748008979406.0,23609.5,23610.9
1748008979722.0,23610.0,23611.4
1748008979884.0,23610.0,23611.4
1748008980060.0,23609.5,23610.9
1748008980208.0,23610.0,23611.4
1748008980975.0,23608.5,23609.9
1748008981275.0,23609.5,23610.9
1748008981505.0,23608.5,23609.9
1748008981696.0,23607.5,23608.9
1748008982371.0,23608.0,23609.4
1748008982621.0,23605.5,23606.9
1748008982795.0,23606.0,23607.4
1748008983135.0,23608.0,23609.4
1748008983377.0,23606.5,23607.9
1748008983584.0,23607.0,23608.4
1748008983826.0,23607.5,23608.9
1748008984185.0,23608.0,23609.4
1748008984471.0,23608.5,23609.9
1748008984754,,
1748008985045.0,23608.0,23609.4
1748008985319.0,23607.5,23608.9
1748008985580.0,23606.0,23607.4
1748008985655.0,23606.5,23607.9
1748008986031.0,23605.5,23606.9
1748008986400.0,23606.0,23607.4
1748008986675.0,23606.5,23607.9
1748008986881,,
1748008986961.0,23607.0,23608.4
1748008987438,,
1748008987546.0,23606.5,23607.9
1748008987594,,
1748008987954.0,23606.0,23607.4
1748008988478.0,23605.5,23606.9
1748008988527.0,23605.0,23606.4
1748008988682.0,23606.0,23607.4
1748008988980.0,23606.5,23607.9
1748008989499.0,23605.5,23606.9
1748008989704.0,23606.0,23607.4
1748008990766.0,23606.5,23607.9
1748008991225.0,23607.0,23608.4
1748008991621.0,23606.5,23607.9
1748008993188.0,23605.0,23606.4
1748008993810.0,23607.0,23608.4
1748008994048.0,23606.5,23607.9
1748008994145.0,23607.0,23608.4
1748008995138.0,23606.0,23607.4
1748008995369.0,23607.0,23608.4
1748008995644.0,23607.0,23608.4
1748008995680.0,23606.5,23607.9
1748008996434.0,23607.0,23608.4
1748008996638.0,23608.5,23609.9
1748008996834.0,23608.0,23609.4
1748008997081.0,23607.5,23608.9
1748008997517.0,23607.0,23608.4
1748008997665.0,23606.5,23607.9
1748008997976.0,23608.0,23609.4
1748008998329.0,23608.0,23609.4
1748008998522.0,23608.5,23609.9
1748008998843.0,23612.5,23613.9
1748008998893.0,23612.0,23613.4
1748008999156.0,23611.5,23612.9
1748008999406.0,23612.0,23613.4
1748008999456.0,23612.5,23613.9
1748008999867.0,23611.0,23612.4
1748009000175.0,23614.5,23615.9
1748009000280.0,23613.5,23614.9
1748009000665.0,23614.0,23615.4
1748009000900.0,23613.5,23614.9
1748009001238.0,23614.5,23615.9
1748009001286.0,23615.0,23616.4
1748009001785.0,23615.0,23616.4
1748009001909.0,23615.5,23616.9
1748009002116.0,23619.0,23620.4
1748009002356.0,23618.5,23619.9
1748009003634.0,23617.5,23618.9
1748009003894.0,23618.0,23619.4
1748009003942.0,23618.5,23619.9
1748009005516.0,23618.0,23619.4
1748009005704.0,23618.5,23619.9
1748009005948.0,23618.0,23619.4
1748009006546.0,23616.5,23617.9
1748009006609.0,23616.0,23617.4
1748009009211.0,23617.5,23618.9
1748009009361.0,23618.5,23619.9
1748009009653.0,23618.5,23619.9
1748009010213.0,23618.0,23619.4
1748009010714.0,23619.0,23620.4
1748009011355.0,23618.5,23619.9
1748009012118.0,23621.0,23622.4
1748009012389.0,23620.5,23621.9
1748009013190.0,23619.5,23620.9
1748009013418.0,23618.5,23619.9
1748009013775.0,23619.0,23620.4
1748009014244.0,23619.5,23620.9
1748009014341.0,23619.0,23620.4
1748009014829.0,23618.5,23619.9
1748009014874.0,23618.0,23619.4
1748009015377.0,23617.5,23618.9
1748009015425.0,23617.0,23618.4
1748009016818.0,23617.5,23618.9
1748009017171.0,23616.0,23617.4
1748009017220.0,23616.5,23617.9
1748009017707.0,23616.5,23617.9
1748009017855.0,23616.5,23617.9
1748009018397.0,23615.5,23616.9
1748009018978.0,23615.5,23616.9
1748009019076.0,23615.0,23616.4
1748009019491.0,23616.5,23617.9
1748009020092.0,23615.5,23616.9
1748009020193.0,23615.0,23616.4
1748009020640.0,23613.0,23614.4
1748009020780.0,23613.0,23614.4
1748009021883.0,23612.5,23613.9
1748009022214.0,23613.5,23614.9
1748009022262.0,23614.0,23615.4
1748009022787.0,23614.5,23615.9
1748009022834.0,23615.0,23616.4
1748009023063.0,23614.5,23615.9
1748009023270.0,23612.5,23613.9
1748009024266.0,23615.0,23616.4
1748009024626.0,23614.0,23615.4
1748009024726.0,23614.0,23615.4
1748009025259.0,23613.0,23614.4
1748009025658.0,23613.5,23614.9
1748009026329.0,23613.0,23614.4
1748009028052.0,23610.0,23611.4
1748009028460.0,23609.5,23610.9
1748009028828.0,23610.5,23611.9
1748009028954.0,23611.0,23612.4
1748009029581.0,23614.0,23615.4
1748009029753.0,23613.5,23614.9
1748009030989.0,23614.0,23615.4
1748009031093.0,23613.5,23614.9
1748009031307.0,23614.0,23615.4
1748009031782.0,23616.0,23617.4
1748009032024.0,23616.0,23617.4
1748009032317.0,23616.5,23617.9
1748009032424.0,23617.0,23618.4
1748009033944.0,23616.5,23617.9
1748009034055.0,23617.0,23618.4
1748009035081.0,23617.0,23618.4
1748009036265.0,23615.5,23616.9
1748009036514.0,23614.5,23615.9
1748009036827.0,23615.0,23616.4
1748009037105.0,23612.5,23613.9
1748009037155.0,23612.0,23613.4
1748009037408.0,23612.5,23613.9
1748009037943.0,23613.0,23614.4
1748009038469.0,23612.5,23613.9
1748009038689.0,23613.0,23614.4
1748009040239.0,23611.5,23612.9
1748009040443.0,23609.5,23610.9
1748009040819.0,23609.5,23610.9
1748009040873.0,23610.0,23611.4
1748009041075.0,23611.5,23612.9
1748009041299.0,23611.5,23612.9
1748009041552.0,23612.0,23613.4
1748009041721.0,23614.0,23615.4
1748009042141.0,23616.0,23617.4
1748009042238.0,23617.5,23618.9
1748009042473.0,23617.0,23618.4
1748009043366.0,23617.0,23618.4
1748009043682.0,23619.0,23620.4
1748009043784.0,23618.5,23619.9
1748009043831.0,23618.0,23619.4
1748009044527.0,23617.0,23618.4
1748009044729.0,23617.5,23618.9
1748009045008.0,23618.5,23619.9
1748009045127.0,23618.0,23619.4
1748009045786.0,23619.0,23620.4
1748009045955.0,23618.5,23619.9
1748009046171.0,23618.0,23619.4
1748009046344.0,23618.0,23619.4
1748009046569.0,23618.5,23619.9
1748009046846.0,23618.5,23619.9
1748009046945.0,23619.0,23620.4
1748009047406.0,23620.0,23621.4
1748009047940.0,23619.0,23620.4
1748009048168.0,23618.5,23619.9
1748009049051.0,23621.0,23622.4
1748009049251.0,23621.0,23622.4
1748009050052.0,23622.0,23623.4
1748009050364.0,23621.5,23622.9
1748009051365.0,23621.5,23622.9
1748009052665.0,23621.0,23622.4
1748009052821.0,23621.5,23622.9
1748009053141.0,23621.0,23622.4
1748009053388.0,23620.5,23621.9
1748009053782.0,23620.0,23621.4
1748009054072.0,23620.0,23621.4
1748009054121.0,23619.5,23620.9
1748009054407.0,23619.0,23620.4
1748009054555.0,23619.0,23620.4
1748009054721.0,23619.5,23620.9
1748009055168.0,23620.0,23621.4
1748009055824.0,23619.5,23620.9
1748009055989.0,23620.0,23621.4
1748009056774.0,23619.0,23620.4
1748009056872.0,23618.5,23619.9
1748009057195.0,23618.0,23619.4
1748009057594.0,23617.5,23618.9
1748009057798.0,23617.0,23618.4
1748009058098.0,23616.5,23617.9
1748009058297.0,23615.5,23616.9
1748009058393.0,23615.0,23616.4
1748009058885.0,23615.5,23616.9
1748009059413.0,23615.5,23616.9
1748009059827.0,23615.5,23616.9
1748009060080.0,23615.5,23616.9
1748009060352.0,23614.5,23615.9
1748009060706.0,23614.5,23615.9
1748009061268.0,23616.0,23617.4
1748009061464.0,23615.5,23616.9
1748009061778.0,23614.5,23615.9
1748009062406.0,23615.0,23616.4
1748009062770.0,23616.0,23617.4
1748009063167.0,23616.5,23617.9
1748009063262.0,23615.5,23616.9
1748009063896.0,23616.0,23617.4
1748009064061.0,23616.0,23617.4
1748009064392.0,23617.0,23618.4
1748009064550.0,23619.0,23620.4
1748009064980.0,23615.5,23616.9
1748009065275.0,23614.0,23615.4
1748009065728.0,23614.5,23615.9
1748009066333.0,23615.0,23616.4
1748009066579.0,23615.0,23616.4
1748009066824.0,23614.5,23615.9
1748009067557,,
1748009069798.0,23615.5,23616.9
1748009070070,,
1748009070205.0,23615.0,23616.4
1748009070323.0,23615.5,23616.9
1748009070370,,
1748009071036.0,23613.0,23614.4
1748009071576.0,23613.5,23614.9
1748009071851.0,23613.0,23614.4
1748009072154.0,23627.0,23628.4
1748009072405.0,23622.5,23623.9
1748009072619.0,23618.5,23619.9
1748009072714.0,23619.0,23620.4
1748009072938.0,23619.0,23620.4
1748009073189.0,23620.0,23621.4
1748009073469.0,23619.0,23620.4
1748009073732.0,23620.0,23621.4
1748009073782.0,23620.5,23621.9
1748009073993.0,23619.0,23620.4
1748009074280.0,23622.5,23623.9
1748009074442.0,23627.0,23628.4
1748009074593.0,23627.5,23628.9
1748009074792.0,23627.5,23628.9
1748009075068.0,23627.5,23628.9
1748009075275.0,23627.5,23628.9
1748009075575.0,23629.0,23630.4
1748009075826.0,23628.5,23629.9
1748009076143.0,23627.5,23628.9
1748009076410.0,23627.0,23628.4
1748009076633.0,23627.5,23628.9
1748009076824.0,23627.0,23628.4
1748009077449.0,23623.0,23624.4
1748009077501.0,23623.5,23624.9
1748009078005.0,23623.0,23624.4
1748009078209,,
1748009078514.0,23622.5,23623.9
1748009078718.0,23622.5,23623.9
1748009079312.0,23621.0,23622.4
1748009079359.0,23621.5,23622.9
1748009079864.0,23616.5,23617.9
1748009080081.0,23619.5,23620.9
1748009080181.0,23618.5,23619.9
1748009080232.0,23618.0,23619.4
1748009080668,,
1748009080914.0,23618.0,23619.4
1748009081060.0,23618.5,23619.9
1748009081618.0,23619.5,23620.9
1748009081859.0,23620.0,23621.4
1748009082118.0,23622.0,23623.4
1748009082413.0,23619.5,23620.9
1748009082745,,
1748009083036.0,23619.5,23620.9
1748009084174.0,23620.0,23621.4
1748009084390.0,23619.0,23620.4
1748009084438.0,23619.5,23620.9
1748009084653.0,23620.0,23621.4
1748009084704.0,23620.5,23621.9
1748009084960.0,23621.0,23622.4
1748009085055.0,23620.5,23621.9
1748009085354.0,23621.0,23622.4
1748009085563.0,23620.5,23621.9
1748009085942.0,23620.0,23621.4
1748009086786.0,23621.0,23622.4
1748009087057.0,23620.5,23621.9
1748009087105.0,23620.0,23621.4
1748009087261.0,23618.5,23619.9
1748009087475.0,23617.0,23618.4
1748009087837.0,23614.5,23615.9
1748009087992.0,23615.0,23616.4
1748009088376.0,23614.5,23615.9
1748009088628.0,23615.5,23616.9
1748009088882.0,23617.0,23618.4
1748009089048.0,23616.0,23617.4
1748009089377.0,23616.5,23617.9
1748009089690.0,23617.0,23618.4
1748009089906.0,23618.5,23619.9
1748009090369.0,23616.5,23617.9
1748009091091.0,23616.0,23617.4
1748009091189.0,23617.0,23618.4
1748009091680.0,23618.0,23619.4
1748009092034.0,23618.0,23619.4
1748009092544.0,23617.0,23618.4
1748009092930.0,23617.5,23618.9
1748009093685.0,23615.0,23616.4
1748009093787.0,23616.5,23617.9
1748009094018.0,23616.0,23617.4
1748009094166.0,23616.0,23617.4
1748009094418.0,23615.5,23616.9
1748009094728.0,23615.5,23616.9
1748009094814.0,23615.0,23616.4
1748009094863.0,23614.5,23615.9
1748009095306.0,23615.5,23616.9
1748009095552.0,23616.0,23617.4
1748009095698.0,23616.0,23617.4
1748009096874.0,23616.0,23617.4
1748009097138.0,23616.0,23617.4
1748009097275.0,23615.5,23616.9
1748009097666.0,23616.0,23617.4
1748009097995.0,23615.5,23616.9
1748009098879.0,23615.5,23616.9
1748009099249.0,23616.0,23617.4
1748009099748.0,23615.5,23616.9
1748009100070.0,23616.0,23617.4
1748009100122.0,23617.0,23618.4
1748009100612.0,23617.5,23618.9
1748009100851.0,23617.0,23618.4
1748009101123.0,23617.5,23618.9
1748009101423.0,23618.5,23619.9
1748009101472.0,23619.0,23620.4
1748009102279.0,23619.5,23620.9
1748009102461.0,23618.5,23619.9
1748009102674.0,23618.5,23619.9
1748009102882.0,23618.0,23619.4
1748009103055.0,23618.5,23619.9
1748009103577.0,23619.0,23620.4
1748009104537.0,23616.5,23617.9
1748009104860.0,23617.0,23618.4
1748009105029.0,23617.5,23618.9
1748009105385.0,23617.5,23618.9
1748009105656.0,23616.5,23617.9
1748009105949.0,23616.5,23617.9
1748009106055.0,23616.0,23617.4
1748009106423.0,23617.5,23618.9
1748009106694.0,23617.5,23618.9
1748009106868.0,23617.0,23618.4
1748009107254.0,23617.0,23618.4
1748009107420.0,23617.5,23618.9
1748009108030.0,23618.5,23619.9
1748009108272.0,23620.5,23621.9
1748009108364.0,23620.0,23621.4
1748009109054.0,23619.5,23620.9
1748009109399.0,23618.5,23619.9
1748009109573.0,23620.0,23621.4
1748009109931.0,23619.0,23620.4
1748009110118.0,23619.0,23620.4
1748009111579.0,23619.5,23620.9
1748009111627.0,23618.5,23619.9
1748009112068.0,23618.5,23619.9
1748009112280.0,23618.5,23619.9
1748009112591.0,23619.0,23620.4
1748009112692.0,23619.5,23620.9
1748009113147.0,23619.0,23620.4
1748009113941.0,23621.5,23622.9
1748009113991,,
1748009114141.0,23623.0,23624.4
1748009114336.0,23624.5,23625.9
1748009115156.0,23623.0,23624.4
1748009115395.0,23622.5,23623.9
1748009116088.0,23624.5,23625.9
1748009116260.0,23624.5,23625.9
1748009116549.0,23624.0,23625.4
1748009116985.0,23623.0,23624.4
1748009117399.0,23622.0,23623.4
1748009117449.0,23622.5,23623.9
1748009117912.0,23623.5,23624.9
1748009118187.0,23625.0,23626.4
1748009118389.0,23625.5,23626.9
1748009118730.0,23626.0,23627.4
1748009118779.0,23625.5,23626.9
1748009118979,,
1748009119171.0,23625.0,23626.4
1748009119537.0,23626.5,23627.9
1748009119763.0,23626.0,23627.4
1748009120023.0,23626.5,23627.9
1748009120227.0,23626.5,23627.9
1748009120445.0,23626.0,23627.4
1748009120713.0,23621.5,23622.9
1748009121104.0,23622.0,23623.4
1748009121249.0,23621.0,23622.4
1748009121477.0,23622.0,23623.4
1748009122207.0,23621.0,23622.4
1748009122295.0,23621.5,23622.9
1748009122520.0,23621.0,23622.4
1748009122666.0,23621.5,23622.9
1748009123257.0,23621.0,23622.4
1748009123429.0,23620.5,23621.9
1748009123778.0,23620.0,23621.4
1748009124043.0,23618.5,23619.9
1748009124215.0,23617.5,23618.9
1748009124548.0,23617.0,23618.4
1748009124822.0,23616.5,23617.9
1748009124909.0,23616.0,23617.4
1748009125107.0,23615.5,23616.9
1748009125160.0,23614.5,23615.9
1748009125406.0,23616.5,23617.9
1748009125451.0,23616.0,23617.4
1748009126342.0,23616.5,23617.9
1748009126644.0,23616.0,23617.4
1748009126818.0,23615.5,23616.9
1748009127269.0,23616.0,23617.4
1748009127549.0,23616.5,23617.9
1748009127785.0,23617.0,23618.4
1748009128022.0,23616.5,23617.9
1748009128340.0,23616.0,23617.4
1748009128503.0,23616.5,23617.9
1748009129175.0,23617.0,23618.4
1748009130128.0,23616.0,23617.4
1748009130421.0,23617.0,23618.4
1748009130472.0,23617.5,23618.9
1748009130659,,
1748009130960.0,23618.5,23619.9
1748009131463.0,23618.5,23619.9
1748009131686.0,23618.5,23619.9
1748009131905.0,23617.0,23618.4
1748009132213.0,23617.5,23618.9
1748009132432.0,23617.0,23618.4
1748009133075.0,23618.5,23619.9
1748009133616.0,23618.0,23619.4
1748009134136.0,23618.0,23619.4
1748009134343.0,23618.5,23619.9
1748009134627.0,23619.5,23620.9
1748009134844.0,23619.0,23620.4
1748009135190.0,23618.5,23619.9
1748009135288.0,23619.0,23620.4
1748009135439.0,23618.5,23619.9
1748009135728.0,23618.0,23619.4
1748009136294.0,23618.0,23619.4
1748009136737.0,23618.5,23619.9
1748009137382.0,23619.0,23620.4
1748009137479.0,23620.0,23621.4
1748009138134.0,23620.5,23621.9
1748009138343.0,23621.0,23622.4
1748009138689.0,23621.5,23622.9
1748009138740.0,23622.0,23623.4
1748009138942.0,23621.5,23622.9
1748009139044.0,23621.0,23622.4
1748009139459.0,23622.5,23623.9
1748009140436.0,23622.0,23623.4
1748009140662.0,23621.0,23622.4
1748009141075.0,23622.5,23623.9
1748009141591.0,23621.5,23622.9
1748009142144.0,23621.5,23622.9
1748009142356.0,23622.5,23623.9
1748009143107.0,23621.0,23622.4
1748009143274.0,23622.5,23623.9
1748009144547.0,23623.0,23624.4
1748009144645.0,23624.5,23625.9
1748009145019.0,23624.0,23625.4
1748009145158.0,23623.5,23624.9
1748009145828.0,23623.0,23624.4
1748009146152.0,23622.5,23623.9
1748009146205.0,23623.0,23624.4
1748009146678.0,23623.0,23624.4
1748009147439.0,23623.5,23624.9
1748009148016.0,23624.0,23625.4
1748009148965.0,23624.5,23625.9
1748009149305.0,23624.0,23625.4
1748009150432.0,23627.5,23628.9
1748009150481.0,23628.0,23629.4
1748009151234.0,23625.5,23626.9
1748009151455.0,23623.5,23624.9
1748009151773.0,23625.5,23626.9
1748009152577.0,23625.5,23626.9
1748009153123.0,23625.0,23626.4
1748009153174.0,23624.5,23625.9
1748009153659,,
1748009153866.0,23625.5,23626.9
1748009154528.0,23626.5,23627.9
1748009154898.0,23626.5,23627.9
1748009155158.0,23626.0,23627.4
1748009155564.0,23626.5,23627.9
1748009155770.0,23627.0,23628.4
1748009155818.0,23626.5,23627.9
1748009156583.0,23627.0,23628.4
1748009157407.0,23626.5,23627.9
1748009157615.0,23624.0,23625.4
1748009157897.0,23637.0,23638.4
1748009158195.0,23635.0,23636.4
1748009158247.0,23633.0,23634.4
1748009158458.0,23635.5,23636.9
1748009158557.0,23634.5,23635.9
1748009158995.0,23634.5,23635.9
1748009159050.0,23633.0,23634.4
1748009159098.0,23633.5,23634.9
1748009159286.0,23633.0,23634.4
1748009159699.0,23635.0,23636.4
1748009159919.0,23635.0,23636.4
1748009160567.0,23633.0,23634.4
1748009160852.0,23632.5,23633.9
1748009160998,,
1748009161582.0,23629.0,23630.4
1748009161969.0,23628.5,23629.9
1748009162180.0,23627.5,23628.9
1748009162377.0,23627.0,23628.4
1748009163509,,
1748009163755.0,23627.5,23628.9
1748009163911.0,23628.0,23629.4
1748009164492.0,23627.5,23628.9
1748009164957.0,23628.0,23629.4
1748009165387.0,23628.5,23629.9
1748009165434.0,23628.0,23629.4
1748009167376.0,23627.5,23628.9
1748009167717.0,23624.0,23625.4
1748009168813.0,23625.5,23626.9
1748009168909.0,23624.5,23625.9
1748009169179.0,23625.0,23626.4
1748009169533.0,23627.0,23628.4
1748009170228.0,23626.5,23627.9
1748009170374.0,23629.0,23630.4
1748009170679.0,23629.5,23630.9
1748009170971.0,23632.5,23633.9
1748009171033.0,23633.0,23634.4
1748009171476.0,23632.5,23633.9
1748009171522.0,23632.0,23633.4
1748009172068.0,23631.5,23632.9
1748009172307.0,23633.0,23634.4
1748009172354.0,23632.0,23633.4
1748009173381.0,23634.0,23635.4
1748009173608.0,23639.0,23640.4
1748009173757.0,23637.0,23638.4
1748009174158.0,23636.5,23637.9
1748009174360.0,23635.0,23636.4
1748009174698.0,23636.0,23637.4
1748009174890.0,23637.0,23638.4
1748009175308.0,23636.5,23637.9
1748009175769.0,23636.5,23637.9
1748009175994.0,23636.0,23637.4
1748009176264.0,23635.5,23636.9
1748009176525.0,23635.0,23636.4
1748009176654.0,23634.5,23635.9
1748009177082.0,23634.5,23635.9
1748009177131.0,23635.0,23636.4
1748009177327.0,23635.5,23636.9
1748009177489.0,23637.0,23638.4
1748009178006.0,23637.5,23638.9
1748009178351,,
1748009178464.0,23638.0,23639.4
1748009179227.0,23639.5,23640.9
1748009179277.0,23640.0,23641.4
1748009179796.0,23639.5,23640.9
1748009180388.0,23640.5,23641.9
1748009180719.0,23640.0,23641.4
1748009181080.0,23640.0,23641.4
1748009181444.0,23640.0,23641.4
1748009181814.0,23638.0,23639.4
1748009182209.0,23638.5,23639.9
1748009183172.0,23638.5,23639.9
1748009183479.0,23638.0,23639.4
1748009183724.0,23637.5,23638.9
1748009184056.0,23637.0,23638.4
1748009184157.0,23636.5,23637.9
1748009184466.0,23635.5,23636.9
1748009184564.0,23635.0,23636.4
1748009184786.0,23634.5,23635.9
1748009184832.0,23634.0,23635.4
1748009185326.0,23633.5,23634.9
1748009185477.0,23632.5,23633.9
1748009185792.0,23634.5,23635.9
1748009185993.0,23634.0,23635.4
1748009186246.0,23632.0,23633.4
1748009186765.0,23632.5,23633.9
1748009187107.0,23633.5,23634.9
1748009187210.0,23634.0,23635.4
1748009187585.0,23634.5,23635.9
1748009187811.0,23636.5,23637.9
1748009188117.0,23635.0,23636.4
1748009188343.0,23635.5,23636.9
1748009188605.0,23635.0,23636.4
1748009189053.0,23634.5,23635.9
1748009189306.0,23632.5,23633.9
1748009189551.0,23634.0,23635.4
1748009189609.0,23634.5,23635.9
1748009190020.0,23633.5,23634.9
1748009190159.0,23633.0,23634.4
1748009190360.0,23634.5,23635.9
1748009190591.0,23635.5,23636.9
1748009190681.0,23635.0,23636.4
1748009190731.0,23635.5,23636.9
1748009192045.0,23635.0,23636.4
1748009192086.0,23635.5,23636.9
1748009192381.0,23636.0,23637.4
1748009192648.0,23635.0,23636.4
1748009192838.0,23635.5,23636.9
1748009192886.0,23635.0,23636.4
1748009193236.0,23635.5,23636.9
1748009193444.0,23636.0,23637.4
1748009194627.0,23635.5,23636.9
1748009194742.0,23636.0,23637.4
1748009194938.0,23635.0,23636.4
1748009195654.0,23636.0,23637.4
1748009195993.0,23635.0,23636.4
1748009196197.0,23635.5,23636.9
1748009196541.0,23635.0,23636.4
1748009196714.0,23635.5,23636.9
1748009196812.0,23633.0,23634.4
1748009197235.0,23632.0,23633.4
1748009198006.0,23632.0,23633.4
1748009200050,,
1748009200431.0,23631.5,23632.9
1748009200632.0,23632.0,23633.4
1748009201629.0,23632.5,23633.9
1748009202055.0,23632.0,23633.4
1748009202803.0,23630.5,23631.9
1748009203455.0,23630.0,23631.4
1748009203613.0,23628.0,23629.4
1748009203764.0,23628.0,23629.4
1748009204392.0,23630.0,23631.4
1748009205070.0,23629.5,23630.9
1748009205120.0,23629.0,23630.4
1748009205562.0,23629.5,23630.9
1748009205846.0,23630.0,23631.4
1748009206077.0,23629.5,23630.9
1748009206176.0,23629.5,23630.9
1748009206947.0,23629.0,23630.4
1748009206997.0,23629.5,23630.9
1748009207625.0,23630.0,23631.4
1748009208207.0,23629.0,23630.4
1748009208761.0,23628.5,23629.9
1748009208809.0,23628.0,23629.4
1748009209564.0,23627.5,23628.9
1748009209613.0,23628.0,23629.4
1748009209820.0,23629.0,23630.4
1748009209871.0,23630.0,23631.4
1748009210326.0,23630.0,23631.4
1748009210541.0,23629.5,23630.9
1748009210731.0,23629.0,23630.4
1748009210949.0,23628.5,23629.9
1748009211605.0,23629.5,23630.9
1748009211905.0,23629.0,23630.4
1748009212238.0,23630.0,23631.4
1748009212719.0,23629.5,23630.9
1748009213151.0,23629.5,23630.9
1748009213555.0,23630.0,23631.4
1748009214268.0,23630.0,23631.4
1748009214970.0,23630.5,23631.9
1748009216115.0,23630.0,23631.4
1748009217586.0,23629.5,23630.9
1748009217804.0,23628.5,23629.9
1748009218607.0,23628.0,23629.4
1748009218654.0,23627.0,23628.4
1748009218934.0,23627.5,23628.9
1748009218985.0,23628.5,23629.9
1748009219389.0,23628.5,23629.9
1748009220215.0,23629.0,23630.4
1748009220265.0,23629.5,23630.9
1748009220528.0,23630.0,23631.4
1748009220790.0,23629.5,23630.9
1748009220905.0,23629.5,23630.9
1748009221246.0,23629.5,23630.9
1748009221314.0,23630.0,23631.4
1748009221816.0,23629.5,23630.9
1748009222418.0,23630.0,23631.4
1748009222861.0,23630.5,23631.9
1748009223013.0,23632.0,23633.4
1748009223598.0,23634.5,23635.9
1748009223743.0,23634.0,23635.4
1748009224600.0,23634.5,23635.9
1748009224955.0,23636.0,23637.4
1748009225027.0,23635.5,23636.9
1748009225175.0,23636.0,23637.4
1748009225298.0,23636.5,23637.9
1748009225522.0,23635.5,23636.9
1748009225622.0,23634.0,23635.4
1748009226087.0,23633.0,23634.4
1748009226853.0,23633.5,23634.9
1748009226905.0,23634.5,23635.9
1748009227168.0,23634.0,23635.4
1748009227650.0,23634.5,23635.9
1748009227814.0,23636.0,23637.4
1748009228194.0,23635.0,23636.4
1748009228412.0,23634.5,23635.9
1748009228595.0,23634.0,23635.4
1748009229006.0,23634.5,23635.9
1748009229246.0,23635.5,23636.9
1748009229451.0,23635.5,23636.9
1748009229605.0,23635.0,23636.4
1748009229653.0,23633.5,23634.9
1748009229974.0,23632.0,23633.4
1748009230579.0,23631.5,23632.9
1748009230679.0,23632.5,23633.9
1748009230994.0,23633.5,23634.9
1748009231290.0,23633.0,23634.4
1748009232125.0,23632.5,23633.9
1748009232704.0,23633.0,23634.4
1748009233316.0,23632.5,23633.9
1748009233699.0,23634.5,23635.9
1748009234070,,
1748009234306.0,23634.0,23635.4
1748009234616.0,23634.0,23635.4
1748009234805.0,23635.5,23636.9
1748009235059.0,23634.5,23635.9
1748009235400.0,23634.0,23635.4
1748009235445.0,23633.5,23634.9
1748009236207.0,23630.0,23631.4
1748009236277.0,23630.5,23631.9
1748009236693.0,23630.5,23631.9
1748009237271.0,23631.5,23632.9
1748009237663.0,23630.0,23631.4
1748009237959.0,23629.5,23630.9
1748009238245.0,23627.0,23628.4
1748009238527.0,23626.0,23627.4
1748009238851.0,23624.0,23625.4
1748009238932.0,23624.5,23625.9
1748009239207.0,23625.0,23626.4
1748009239413.0,23624.5,23625.9
1748009240636.0,23626.5,23627.9
1748009240944.0,23626.5,23627.9
1748009241661.0,23627.5,23628.9
1748009242059.0,23626.0,23627.4
1748009242090.0,23625.5,23626.9
1748009242314.0,23625.5,23626.9
1748009242410.0,23626.5,23627.9
1748009242805.0,23626.5,23627.9
1748009243070.0,23628.0,23629.4
1748009243616.0,23628.0,23629.4
1748009243972.0,23627.5,23628.9
1748009244177.0,23625.0,23626.4
1748009244326.0,23626.5,23627.9
1748009244696.0,23624.5,23625.9
1748009245163.0,23624.0,23625.4
1748009245441.0,23624.5,23625.9
1748009245649.0,23624.0,23625.4
1748009246067.0,23625.5,23626.9
1748009246314.0,23624.5,23625.9
1748009246361.0,23624.0,23625.4
1748009246918.0,23624.5,23625.9
1748009247524.0,23624.0,23625.4
1748009247829.0,23622.5,23623.9
1748009248457.0,23622.0,23623.4
1748009248506.0,23622.5,23623.9
1748009249243.0,23622.0,23623.4
1748009249349.0,23622.0,23623.4
1748009249729.0,23621.5,23622.9
1748009250050.0,23622.0,23623.4
1748009250209.0,23621.5,23622.9
1748009250487.0,23620.5,23621.9
1748009251091.0,23622.0,23623.4
1748009252224.0,23621.5,23622.9
1748009252338.0,23620.5,23621.9
1748009253236.0,23621.0,23622.4
1748009253287.0,23622.0,23623.4
1748009254790.0,23623.5,23624.9
1748009254856.0,23623.0,23624.4
1748009254904.0,23622.5,23623.9
1748009255181.0,23622.0,23623.4
1748009255281.0,23622.5,23623.9
1748009255612.0,23624.0,23625.4
1748009255660.0,23623.5,23624.9
1748009255827.0,23622.0,23623.4
1748009255932.0,23622.5,23623.9
1748009256439.0,23623.0,23624.4
1748009256488.0,23624.0,23625.4
1748009256729.0,23624.5,23625.9
1748009257170.0,23625.5,23626.9
1748009257324.0,23624.5,23625.9
1748009257660.0,23624.5,23625.9
1748009257960.0,23624.0,23625.4
1748009258262.0,23623.5,23624.9
1748009258497.0,23623.5,23624.9
1748009258692.0,23623.5,23624.9
1748009258852.0,23624.0,23625.4
1748009258904.0,23623.5,23624.9
1748009259292.0,23623.5,23624.9
1748009259573.0,23623.0,23624.4
1748009259669.0,23623.5,23624.9
1748009260142.0,23624.0,23625.4
1748009260680.0,23623.5,23624.9
1748009260806.0,23624.5,23625.9
1748009261410.0,23626.5,23627.9
1748009261718.0,23628.0,23629.4
1748009261817.0,23627.5,23628.9
1748009262526.0,23627.5,23628.9
1748009262798.0,23627.0,23628.4
1748009262895.0,23627.5,23628.9
1748009263347.0,23628.0,23629.4
1748009263395.0,23628.5,23629.9
1748009263538.0,23627.5,23628.9
1748009263890.0,23629.0,23630.4
1748009265324.0,23628.0,23629.4
1748009265685.0,23628.5,23629.9
1748009266005.0,23628.0,23629.4
1748009266188.0,23627.5,23628.9
1748009268044.0,23627.0,23628.4
1748009268221.0,23627.0,23628.4
1748009268670.0,23626.5,23627.9
1748009268811.0,23627.0,23628.4
1748009269165.0,23627.5,23628.9
1748009269263.0,23628.0,23629.4
1748009269749.0,23628.0,23629.4
1748009270421.0,23627.5,23628.9
1748009270696.0,23628.5,23629.9
1748009270830.0,23628.0,23629.4
1748009271016.0,23627.5,23628.9
1748009271205.0,23627.0,23628.4
1748009271967.0,23627.5,23628.9
1748009272438.0,23628.0,23629.4
1748009273204.0,23627.5,23628.9
1748009273244.0,23628.0,23629.4
1748009274939.0,23628.5,23629.9
1748009275248.0,23629.0,23630.4
1748009275796.0,23629.5,23630.9
1748009275893.0,23629.0,23630.4
1748009276143.0,23629.5,23630.9
1748009276244.0,23629.0,23630.4
1748009278258.0,23628.5,23629.9
1748009278309.0,23623.0,23624.4
1748009278713.0,23622.5,23623.9
1748009279029.0,23622.0,23623.4
1748009279298.0,23622.5,23623.9
1748009279467.0,23623.0,23624.4
1748009279821.0,23623.5,23624.9
1748009279869.0,23624.5,23625.9
1748009280907.0,23625.0,23626.4
1748009281183.0,23625.5,23626.9
1748009281407.0,23629.0,23630.4
1748009281606.0,23628.5,23629.9
1748009281985.0,23630.0,23631.4
1748009282222.0,23631.0,23632.4
1748009282317.0,23630.0,23631.4
1748009282431.0,23630.5,23631.9
1748009282743.0,23630.0,23631.4
1748009283048.0,23630.5,23631.9
1748009283179.0,23630.5,23631.9
1748009283841.0,23631.0,23632.4
1748009283939.0,23630.0,23631.4
1748009285195.0,23629.5,23630.9
1748009286236.0,23629.0,23630.4
1748009286760.0,23628.5,23629.9
1748009286809.0,23629.5,23630.9
1748009288350.0,23630.5,23631.9
1748009289178.0,23629.0,23630.4
1748009289450.0,23630.0,23631.4
1748009289934.0,23630.0,23631.4
1748009290464.0,23629.5,23630.9
1748009290695.0,23629.0,23630.4
1748009290986.0,23629.5,23630.9
1748009291276.0,23630.5,23631.9
1748009291334.0,23630.0,23631.4
1748009291967.0,23629.5,23630.9
1748009292329.0,23629.0,23630.4
1748009292438.0,23629.5,23630.9
1748009293167.0,23629.0,23630.4
1748009293387.0,23626.5,23627.9
1748009293533.0,23626.0,23627.4
1748009293948.0,23625.5,23626.9
1748009294209.0,23625.0,23626.4
1748009294259.0,23624.5,23625.9
1748009294357.0,23624.5,23625.9
1748009294959.0,23624.0,23625.4
1748009295274.0,23625.5,23626.9
1748009295322.0,23626.0,23627.4
1748009295798.0,23625.0,23626.4
1748009296010.0,23624.5,23625.9
1748009296378.0,23624.0,23625.4
1748009296540.0,23624.0,23625.4
1748009296892.0,23623.5,23624.9
1748009297098.0,23622.0,23623.4
1748009297279.0,23622.0,23623.4
1748009297756,,
1748009298190.0,23622.0,23623.4
1748009298535.0,23622.5,23623.9
1748009298658.0,23622.0,23623.4
1748009299592.0,23622.5,23623.9
1748009299819.0,23623.5,23624.9
1748009299867.0,23622.0,23623.4
1748009300316.0,23622.5,23623.9
1748009301387.0,23622.0,23623.4
1748009301750.0,23622.5,23623.9
1748009302187.0,23623.5,23624.9
1748009302235.0,23623.0,23624.4
1748009302313.0,23622.5,23623.9
1748009302997.0,23622.0,23623.4
1748009304768.0,23621.0,23622.4
1748009305181.0,23620.5,23621.9
1748009305390.0,23618.5,23619.9
1748009305662.0,23619.5,23620.9
1748009305786.0,23618.0,23619.4
1748009306412.0,23619.0,23620.4
1748009306725.0,23618.5,23619.9
1748009306772.0,23619.0,23620.4
1748009307491.0,23618.5,23619.9
1748009307797.0,23617.5,23618.9
1748009308067,,
1748009308320.0,23617.0,23618.4
1748009308436.0,23617.0,23618.4
1748009308648.0,23616.5,23617.9
1748009309106.0,23617.5,23618.9
1748009309431.0,23618.0,23619.4
1748009309664.0,23617.0,23618.4
1748009309897.0,23617.0,23618.4
1748009310391.0,23617.5,23618.9
1748009310612.0,23617.0,23618.4
1748009311158.0,23617.5,23618.9
1748009311493.0,23620.5,23621.9
1748009311984.0,23624.0,23625.4
1748009312282.0,23622.5,23623.9
1748009313031.0,23623.0,23624.4
1748009313337.0,23624.0,23625.4
1748009314183.0,23623.5,23624.9
1748009314416.0,23623.5,23624.9
1748009314467.0,23624.0,23625.4
1748009314943.0,23624.5,23625.9
1748009315226.0,23624.5,23625.9
1748009315419.0,23626.0,23627.4
1748009315695.0,23627.0,23628.4
1748009316018.0,23625.5,23626.9
1748009316128.0,23626.0,23627.4
1748009317035.0,23626.0,23627.4
1748009317317.0,23626.5,23627.9
1748009317415.0,23628.0,23629.4
1748009320053.0,23628.0,23629.4
1748009321225.0,23629.5,23630.9
1748009321624.0,23629.0,23630.4
1748009321827.0,23628.5,23629.9
1748009321972.0,23628.5,23629.9
1748009322448.0,23629.0,23630.4
1748009322495.0,23629.5,23630.9
1748009322922.0,23629.0,23630.4
1748009323592.0,23628.5,23629.9
1748009323834.0,23629.5,23630.9
1748009324099.0,23627.5,23628.9
1748009324961.0,23628.0,23629.4
1748009325294.0,23628.5,23629.9
1748009326174.0,23628.5,23629.9
1748009326434.0,23628.0,23629.4
1748009326691.0,23628.5,23629.9
1748009326740.0,23628.0,23629.4
1748009327034.0,23627.5,23628.9
1748009327926.0,23627.0,23628.4
1748009328236.0,23627.5,23628.9
1748009329312.0,23628.0,23629.4
1748009329425.0,23627.5,23628.9
1748009329883.0,23627.0,23628.4
1748009330153.0,23627.5,23628.9
1748009330375.0,23627.5,23628.9
1748009330497.0,23626.5,23627.9
1748009330894.0,23626.0,23627.4
1748009331084.0,23627.0,23628.4
1748009331649.0,23627.5,23628.9
1748009331992.0,23629.0,23630.4
1748009332261.0,23630.0,23631.4
1748009332470.0,23631.0,23632.4
1748009332854.0,23630.5,23631.9
1748009333207.0,23631.0,23632.4
1748009333860.0,23632.5,23633.9
1748009334131.0,23634.5,23635.9
1748009334182.0,23634.0,23635.4
1748009334371.0,23635.0,23636.4
1748009334486.0,23634.5,23635.9
1748009334537.0,23635.0,23636.4
1748009335138.0,23634.5,23635.9
1748009335607.0,23633.0,23634.4
1748009335784.0,23632.5,23633.9
1748009335880.0,23632.0,23633.4
1748009336297.0,23633.0,23634.4
1748009336498.0,23633.5,23634.9
1748009336596.0,23633.0,23634.4
1748009336767.0,23632.5,23633.9
1748009337092.0,23633.0,23634.4
1748009337204.0,23634.0,23635.4
1748009337652.0,23634.5,23635.9
1748009337888.0,23637.5,23638.9
1748009338059.0,23637.0,23638.4
1748009338205.0,23636.5,23637.9
1748009338250,,
1748009339719.0,23637.5,23638.9
1748009340120.0,23638.0,23639.4
1748009340376.0,23637.5,23638.9
1748009340764.0,23636.0,23637.4
1748009340908.0,23635.5,23636.9
1748009341307.0,23638.0,23639.4
1748009341836.0,23637.5,23638.9
1748009342071.0,23638.0,23639.4
1748009344547.0,23637.5,23638.9
1748009344640.0,23638.0,23639.4
1748009347057.0,23635.0,23636.4
1748009347506.0,23631.0,23632.4
1748009347608.0,23631.0,23632.4
1748009348471.0,23630.5,23631.9
1748009348570.0,23628.5,23629.9
1748009348945.0,23629.5,23630.9
1748009349573.0,23630.0,23631.4
1748009350636.0,23630.5,23631.9
1748009351145.0,23630.5,23631.9
1748009351352.0,23630.0,23631.4
1748009354627.0,23631.0,23632.4
1748009354724.0,23631.5,23632.9
1748009355177.0,23633.0,23634.4
1748009355277.0,23632.0,23633.4
1748009356197.0,23631.5,23632.9
1748009356371.0,23630.0,23631.4
1748009356730.0,23631.0,23632.4
1748009357784.0,23630.5,23631.9
1748009357941.0,23631.0,23632.4
1748009358942.0,23630.5,23631.9
1748009359169,,
1748009359450.0,23629.5,23630.9
1748009359864.0,23629.0,23630.4
1748009361206.0,23630.5,23631.9
1748009361549.0,23630.5,23631.9
1748009361782.0,23630.5,23631.9
1748009362085.0,23630.5,23631.9
1748009362458.0,23631.0,23632.4
1748009362567.0,23630.5,23631.9
1748009362833.0,23631.0,23632.4
1748009364338.0,23632.5,23633.9
1748009364783.0,23633.0,23634.4
1748009364929.0,23634.5,23635.9
1748009365304.0,23633.5,23634.9
1748009365352.0,23634.0,23635.4
1748009365804.0,23633.5,23634.9
1748009366045.0,23632.5,23633.9
1748009366153.0,23633.0,23634.4
1748009366249.0,23633.5,23634.9
1748009367624.0,23633.0,23634.4
1748009369003.0,23631.0,23632.4
1748009369173.0,23632.0,23633.4
1748009369792.0,23630.0,23631.4
1748009370054.0,23630.0,23631.4
1748009370324.0,23630.5,23631.9
1748009370618.0,23631.5,23632.9
1748009370713.0,23632.5,23633.9
1748009370928.0,23632.0,23633.4
1748009371026.0,23632.5,23633.9
1748009371663.0,23634.0,23635.4
1748009371883.0,23637.0,23638.4
1748009371992.0,23636.5,23637.9
1748009372048.0,23636.0,23637.4
1748009372405.0,23635.5,23636.9
1748009372676.0,23633.5,23634.9
1748009374308.0,23630.0,23631.4
1748009374603.0,23629.5,23630.9
1748009374649.0,23629.0,23630.4
1748009375119.0,23628.0,23629.4
1748009375167.0,23628.5,23629.9
1748009375779.0,23629.0,23630.4
1748009376666.0,23626.5,23627.9
1748009377342.0,23627.0,23628.4
1748009377492.0,23627.5,23628.9
1748009378366.0,23628.5,23629.9
1748009378605.0,23629.0,23630.4
1748009378835.0,23629.5,23630.9
1748009379050.0,23628.0,23629.4
1748009379393.0,23628.5,23629.9
1748009379630.0,23628.0,23629.4
1748009380542.0,23628.5,23629.9
1748009380913.0,23627.0,23628.4
1748009381211.0,23624.0,23625.4
1748009382024.0,23623.5,23624.9
1748009382323.0,23624.0,23625.4
1748009384237.0,23624.0,23625.4
1748009385267.0,23624.5,23625.9
1748009385451.0,23624.0,23625.4
1748009385628.0,23623.5,23624.9
1748009385836.0,23623.5,23624.9
1748009386066.0,23625.5,23626.9
1748009386350.0,23625.0,23626.4
1748009386400.0,23624.0,23625.4
1748009386645.0,23624.5,23625.9
1748009386883.0,23624.5,23625.9
1748009388624.0,23624.0,23625.4
1748009389067.0,23623.5,23624.9
1748009389341.0,23623.0,23624.4
1748009389389.0,23622.5,23623.9
1748009389638.0,23622.0,23623.4
1748009390385.0,23622.5,23623.9
1748009391644.0,23623.0,23624.4
1748009392706.0,23623.0,23624.4
1748009393229.0,23623.0,23624.4
1748009394377.0,23622.5,23623.9
1748009395085,,
1748009395944.0,23623.0,23624.4
1748009396384.0,23622.5,23623.9
1748009397259.0,23621.5,23622.9
1748009397410.0,23621.5,23622.9
1748009397839.0,23622.0,23623.4
1748009397886.0,23622.5,23623.9
1748009398496.0,23621.5,23622.9
1748009398644.0,23622.0,23623.4
1748009399119.0,23621.0,23622.4
1748009399295.0,23621.5,23622.9
1748009399485.0,23620.0,23621.4
1748009399770.0,23619.5,23620.9
1748009400106.0,23616.6,23618.0
1748009400233.0,23617.6,23619.0
1748009401786.0,23617.6,23619.0
1748009401892.0,23619.1,23620.5
1748009402735.0,23617.1,23618.5
1748009403281.0,23617.6,23619.0
1748009403904.0,23616.6,23618.0
1748009404073.0,23617.1,23618.5
1748009404395.0,23616.6,23618.0
1748009404725.0,23617.6,23619.0
1748009405262.0,23618.6,23620.0
1748009405493.0,23618.6,23620.0
1748009405566.0,23619.1,23620.5
1748009406045.0,23619.1,23620.5
1748009406837.0,23618.6,23620.0
1748009407168.0,23619.1,23620.5
1748009408348.0,23620.6,23622.0
1748009408730.0,23621.6,23623.0
1748009409137.0,23622.1,23623.5
1748009409369.0,23624.1,23625.5
1748009409570,,
1748009409735.0,23625.1,23626.5
1748009409822.0,23624.6,23626.0
1748009410058.0,23625.1,23626.5
1748009410290.0,23625.1,23626.5
1748009410505.0,23625.6,23627.0
1748009410707.0,23624.6,23626.0
1748009411034,,
1748009411772.0,23624.6,23626.0
1748009412123.0,23625.1,23626.5
1748009412422.0,23624.1,23625.5
1748009412552.0,23624.6,23626.0
1748009412795.0,23624.1,23625.5
1748009413199.0,23623.6,23625.0
1748009413396.0,23623.6,23625.0
1748009413947.0,23624.1,23625.5
1748009414197.0,23623.1,23624.5
1748009414362.0,23622.6,23624.0
1748009414562.0,23621.6,23623.0
1748009414776.0,23621.6,23623.0
1748009415094.0,23620.6,23622.0
1748009415280.0,23621.1,23622.5
1748009415573.0,23622.1,23623.5
1748009415760.0,23621.1,23622.5
1748009416420.0,23620.1,23621.5
1748009416609.0,23618.1,23619.5
1748009417405.0,23616.6,23618.0
1748009418005.0,23615.6,23617.0
1748009418287.0,23615.1,23616.5
1748009418839.0,23614.6,23616.0
1748009418886.0,23614.1,23615.5
1748009419330.0,23613.6,23615.0
1748009419605.0,23614.1,23615.5
1748009420054.0,23614.6,23616.0
1748009421173,,
1748009421482.0,23614.6,23616.0
1748009421887.0,23614.1,23615.5
1748009422269.0,23616.1,23617.5
1748009422564.0,23615.1,23616.5
1748009422899.0,23615.6,23617.0
1748009423364.0,23616.1,23617.5
1748009423412.0,23616.6,23618.0
1748009424313.0,23616.6,23618.0
1748009424672.0,23617.6,23619.0
1748009424887.0,23617.6,23619.0
1748009425419.0,23618.6,23620.0
1748009426014.0,23618.6,23620.0
1748009426061.0,23618.1,23619.5
1748009426918.0,23620.6,23622.0
1748009427116.0,23620.1,23621.5
1748009428188.0,23620.6,23622.0
1748009428436.0,23620.1,23621.5
1748009428838.0,23620.6,23622.0
1748009429172.0,23620.1,23621.5
1748009429476.0,23621.1,23622.5
1748009429982.0,23618.6,23620.0
1748009430066.0,23618.1,23619.5
1748009430478.0,23620.1,23621.5
1748009430705.0,23618.6,23620.0
1748009430931.0,23619.6,23621.0
1748009431639.0,23618.6,23620.0
1748009431686.0,23618.1,23619.5
1748009432063.0,23618.1,23619.5
1748009432374.0,23618.1,23619.5
1748009432805.0,23617.1,23618.5
1748009433030.0,23617.6,23619.0
1748009433825.0,23618.6,23620.0
1748009434862.0,23618.1,23619.5
1748009435320.0,23618.1,23619.5
1748009435472.0,23618.1,23619.5
1748009435866.0,23617.6,23619.0
1748009436516.0,23617.6,23619.0
1748009437391.0,23618.1,23619.5
1748009438537.0,23617.6,23619.0
1748009438774.0,23618.1,23619.5
1748009439067.0,23617.6,23619.0
1748009439247.0,23616.6,23618.0
1748009440304.0,23617.1,23618.5
1748009440729.0,23617.6,23619.0
1748009442151.0,23617.1,23618.5
1748009442603.0,23617.6,23619.0
1748009443045.0,23620.1,23621.5
1748009443217.0,23620.1,23621.5
1748009443832.0,23619.6,23621.0
1748009444095.0,23617.6,23619.0
1748009444224.0,23615.1,23616.5
1748009444637.0,23615.6,23617.0
1748009444905.0,23616.1,23617.5
1748009444949.0,23616.6,23618.0
1748009445386.0,23616.1,23617.5
1748009445628.0,23618.1,23619.5
1748009446615.0,23618.6,23620.0
1748009447794.0,23618.1,23619.5
1748009448053.0,23618.1,23619.5
1748009448146.0,23618.6,23620.0
1748009449154.0,23619.1,23620.5
1748009449880.0,23621.1,23622.5
1748009450459.0,23622.6,23624.0
1748009450576.0,23623.1,23624.5
1748009450905.0,23624.1,23625.5
1748009451396.0,23623.6,23625.0
1748009451578.0,23624.1,23625.5
1748009452840.0,23622.1,23623.5
1748009453141.0,23616.6,23618.0
1748009453373.0,23616.6,23618.0
1748009453473.0,23616.6,23618.0
1748009453780.0,23616.1,23617.5
1748009454107.0,23615.6,23617.0
1748009454481.0,23614.6,23616.0
1748009454583.0,23614.1,23615.5
1748009454770.0,23614.6,23616.0
1748009455134.0,23614.1,23615.5
1748009455538.0,23613.6,23615.0
1748009455777.0,23612.6,23614.0
1748009455870.0,23612.1,23613.5
1748009456305.0,23612.1,23613.5
1748009456814.0,23613.1,23614.5
1748009457134.0,23612.6,23614.0
1748009457184.0,23612.1,23613.5
1748009457428.0,23612.6,23614.0
1748009457647.0,23613.1,23614.5
1748009457746.0,23612.1,23613.5
1748009458696.0,23611.6,23613.0
1748009459004.0,23612.1,23613.5
1748009459127.0,23611.6,23613.0
1748009459307.0,23612.1,23613.5
1748009459458.0,23610.6,23612.0
1748009459738.0,23610.1,23611.5
1748009459862.0,23610.6,23612.0
1748009460086.0,23610.1,23611.5
1748009460368.0,23609.6,23611.0
1748009460566.0,23609.1,23610.5
1748009460847.0,23607.1,23608.5
1748009461025.0,23606.1,23607.5
1748009461428,,
1748009461527.0,23606.1,23607.5
1748009462167.0,23605.6,23607.0
1748009462421.0,23605.1,23606.5
1748009463442.0,23604.6,23606.0
1748009464008.0,23605.6,23607.0
1748009464521.0,23607.1,23608.5
1748009464806.0,23606.1,23607.5
1748009465108.0,23602.6,23604.0
1748009465387.0,23603.6,23605.0
1748009465557.0,23603.6,23605.0
1748009465920.0,23604.6,23606.0
1748009465969.0,23604.1,23605.5
1748009466145.0,23604.6,23606.0
1748009466422.0,23605.6,23607.0
1748009466511.0,23605.1,23606.5
1748009466881.0,23602.6,23604.0
1748009467196.0,23604.1,23605.5
1748009467517.0,23604.6,23606.0
1748009467715.0,23605.1,23606.5
1748009468037.0,23605.6,23607.0
1748009469086.0,23606.1,23607.5
1748009469847.0,23606.1,23607.5
1748009470713.0,23605.1,23606.5
1748009470931.0,23605.6,23607.0
1748009471206.0,23606.1,23607.5
1748009471753.0,23606.1,23607.5
1748009472328.0,23605.1,23606.5
1748009472762.0,23603.6,23605.0
1748009472876.0,23604.1,23605.5
1748009473291.0,23604.6,23606.0
1748009474093.0,23603.1,23604.5
1748009474454.0,23601.6,23603.0
1748009475243.0,23600.6,23602.0
1748009475988.0,23601.6,23603.0
1748009476530.0,23602.6,23604.0
1748009476731,,
1748009477366.0,23604.6,23606.0
1748009478098.0,23604.1,23605.5
1748009478195.0,23603.6,23605.0
1748009478317.0,23604.6,23606.0
1748009478583.0,23605.6,23607.0
1748009478961.0,23606.6,23608.0
1748009479010.0,23606.1,23607.5
1748009479928.0,23605.6,23607.0
1748009480426.0,23606.1,23607.5
1748009480836.0,23605.6,23607.0
1748009480884.0,23603.6,23605.0
1748009480951.0,23603.1,23604.5
1748009481882.0,23603.6,23605.0
1748009482127.0,23605.1,23606.5
1748009482426.0,23605.6,23607.0
1748009482670.0,23604.6,23606.0
1748009482720.0,23605.1,23606.5
1748009483765.0,23606.1,23607.5
1748009483951.0,23606.6,23608.0
1748009484224.0,23607.1,23608.5
1748009484773.0,23606.6,23608.0
1748009485106.0,23606.1,23607.5
1748009485259.0,23605.1,23606.5
1748009485598.0,23605.1,23606.5
1748009485768.0,23606.1,23607.5
1748009486680.0,23605.6,23607.0
1748009486948.0,23602.1,23603.5
1748009487169.0,23598.1,23599.5
1748009488277.0,23597.1,23598.5
1748009488326.0,23598.1,23599.5
1748009488480.0,23598.6,23600.0
1748009488829.0,23597.6,23599.0
1748009491406.0,23597.1,23598.5
1748009491617.0,23596.6,23598.0
1748009492142.0,23597.1,23598.5
1748009493075.0,23598.6,23600.0
1748009493326.0,23599.1,23600.5
1748009493506.0,23598.6,23600.0
1748009494126.0,23598.1,23599.5
1748009494437.0,23597.1,23598.5
1748009494612.0,23597.6,23599.0
1748009495457.0,23598.1,23599.5
1748009495504.0,23598.6,23600.0
1748009496738.0,23600.1,23601.5
1748009496894.0,23600.6,23602.0
1748009497742.0,23601.6,23603.0
1748009498344.0,23602.6,23604.0
1748009498642.0,23601.6,23603.0
1748009498923.0,23601.1,23602.5
1748009499419.0,23601.6,23603.0
1748009499641.0,23602.1,23603.5
1748009499856.0,23601.1,23602.5
1748009500330.0,23601.6,23603.0
1748009500704.0,23601.1,23602.5
1748009500878.0,23601.1,23602.5
1748009501827.0,23601.1,23602.5
1748009502614.0,23601.1,23602.5
1748009503160.0,23602.6,23604.0
1748009503982.0,23602.1,23603.5
1748009504215.0,23602.1,23603.5
1748009505522.0,23601.1,23602.5
1748009505645.0,23601.6,23603.0
1748009506127.0,23601.1,23602.5
1748009506698.0,23601.6,23603.0
1748009507612.0,23602.6,23604.0
1748009507710.0,23603.1,23604.5
1748009522758.0,23605.1,23606.5
1748009522975.0,23606.1,23607.5
1748009523064.0,23606.6,23608.0
1748009523119.0,23607.6,23609.0
1748009523557.0,23608.6,23610.0
1748009523761.0,23608.6,23610.0
1748009523975.0,23608.6,23610.0
1748009524344.0,23608.1,23609.5
1748009524553.0,23609.1,23610.5
1748009524673.0,23608.6,23610.0
1748009525377.0,23605.6,23607.0
1748009525582.0,23606.6,23608.0
1748009525867.0,23606.1,23607.5
1748009526996.0,23605.6,23607.0
1748009527049.0,23604.6,23606.0
1748009527555.0,23604.1,23605.5
1748009527721.0,23602.1,23603.5
1748009529633.0,23605.1,23606.5
1748009530137.0,23605.6,23607.0
1748009530236.0,23606.1,23607.5
1748009530476.0,23605.6,23607.0
1748009530671.0,23606.1,23607.5
1748009530907.0,23608.6,23610.0
1748009531222.0,23608.1,23609.5
1748009531369.0,23606.1,23607.5
1748009531667.0,23604.6,23606.0
1748009531787.0,23605.1,23606.5
1748009532043,,
1748009532284.0,23607.1,23608.5
1748009532433.0,23606.1,23607.5
1748009532921.0,23606.6,23608.0
1748009533397.0,23608.1,23609.5
1748009533605.0,23607.6,23609.0
1748009533777.0,23608.1,23609.5
1748009534114.0,23609.1,23610.5
1748009534346.0,23609.6,23611.0
1748009534495.0,23609.1,23610.5
1748009535215.0,23608.1,23609.5
1748009535453.0,23609.1,23610.5
1748009535519.0,23608.6,23610.0
1748009535760.0,23609.1,23610.5
1748009536028.0,23609.6,23611.0
1748009537842.0,23612.6,23614.0
1748009538130.0,23612.6,23614.0
1748009538487.0,23612.1,23613.5
1748009538918.0,23618.1,23619.5
1748009539123.0,23618.1,23619.5
1748009539220.0,23616.1,23617.5
1748009539270.0,23615.1,23616.5
1748009539715.0,23618.1,23619.5
1748009539918.0,23620.1,23621.5
1748009540026.0,23622.1,23623.5
1748009540231.0,23622.1,23623.5
1748009540507.0,23625.6,23627.0
1748009540753.0,23625.6,23627.0
1748009540806.0,23626.1,23627.5
1748009541009.0,23625.1,23626.5
1748009541299.0,23625.6,23627.0
1748009541536.0,23625.6,23627.0
1748009541810.0,23627.6,23629.0
1748009542048.0,23628.6,23630.0
1748009542242.0,23626.6,23628.0
1748009542570.0,23625.6,23627.0
1748009542646.0,23626.1,23627.5
1748009542931.0,23625.6,23627.0
1748009543100.0,23624.6,23626.0
1748009543246.0,23624.1,23625.5
1748009543648.0,23624.6,23626.0
1748009543948.0,23625.1,23626.5
1748009543996.0,23625.6,23627.0
1748009544426.0,23624.6,23626.0
1748009545444.0,23625.6,23627.0
1748009546030.0,23625.1,23626.5
1748009546317.0,23625.6,23627.0
1748009546545.0,23628.1,23629.5
1748009546857.0,23627.6,23629.0
1748009546957.0,23626.6,23628.0
1748009547544.0,23627.6,23629.0
1748009547894.0,23626.6,23628.0
1748009548124.0,23627.1,23628.5
1748009548228.0,23626.6,23628.0
1748009548506.0,23628.6,23630.0
1748009548916.0,23627.1,23628.5
1748009549483.0,23626.6,23628.0
1748009549984.0,23627.1,23628.5
1748009550259.0,23623.6,23625.0
1748009550358,,
1748009551775.0,23625.1,23626.5
1748009552064.0,23628.1,23629.5
1748009552259.0,23626.6,23628.0
1748009552683.0,23628.6,23630.0
1748009552832.0,23632.1,23633.5
1748009553026.0,23633.6,23635.0
1748009553341.0,23632.1,23633.5
1748009553994.0,23632.6,23634.0
1748009554045.0,23633.1,23634.5
1748009555065.0,23633.6,23635.0
1748009555106.0,23634.6,23636.0
1748009555848.0,23636.1,23637.5
1748009556070.0,23637.1,23638.5
1748009556296.0,23636.1,23637.5
1748009557106.0,23635.6,23637.0
1748009557293.0,23636.1,23637.5
1748009557548.0,23636.6,23638.0
1748009557964.0,23637.6,23639.0
1748009558169.0,23638.1,23639.5
1748009558564.0,23638.6,23640.0
1748009558936.0,23639.1,23640.5
1748009559244.0,23640.6,23642.0
1748009559342.0,23641.1,23642.5
1748009560309.0,23641.1,23642.5
1748009561035,,
1748009561706.0,23642.1,23643.5
1748009561899.0,23643.1,23644.5
1748009562439.0,23641.6,23643.0
1748009562618.0,23641.1,23642.5
1748009562782.0,23641.6,23643.0
1748009562973.0,23642.1,23643.5
1748009563254.0,23643.1,23644.5
1748009563425.0,23641.1,23642.5
1748009563795.0,23642.1,23643.5
1748009564071.0,23641.6,23643.0
1748009564283.0,23642.6,23644.0
1748009564375.0,23642.1,23643.5
1748009565383.0,23641.6,23643.0
1748009565732.0,23642.1,23643.5
1748009566156.0,23641.6,23643.0
1748009566314.0,23642.1,23643.5
1748009566677.0,23643.1,23644.5
1748009566728.0,23645.1,23646.5
1748009566935.0,23647.1,23648.5
1748009566979.0,23646.6,23648.0
1748009567051.0,23646.1,23647.5
1748009567404.0,23646.6,23648.0
1748009567504.0,23646.1,23647.5
1748009567983.0,23646.6,23648.0
1748009568255.0,23646.1,23647.5
1748009568487.0,23646.6,23648.0
1748009569088.0,23647.1,23648.5
1748009569256.0,23646.1,23647.5
1748009569535.0,23646.6,23648.0
1748009569692.0,23647.1,23648.5
1748009570409.0,23647.6,23649.0
1748009570943.0,23644.6,23646.0
1748009570996.0,23645.1,23646.5
1748009571236.0,23645.6,23647.0
1748009571286.0,23646.1,23647.5
1748009571709.0,23647.6,23649.0
1748009572007.0,23646.6,23648.0
1748009572234.0,23646.6,23648.0
1748009572451.0,23646.1,23647.5
1748009572759.0,23647.1,23648.5
1748009573553,,
1748009573688.0,23648.1,23649.5
1748009574054.0,23647.6,23649.0
1748009574909.0,23648.1,23649.5
1748009575178.0,23649.6,23651.0
1748009575228.0,23650.1,23651.5
1748009575940.0,23650.6,23652.0
1748009576206.0,23651.1,23652.5
1748009576271.0,23651.6,23653.0
1748009576625.0,23649.6,23651.0
1748009576916.0,23649.1,23650.5
1748009577290.0,23651.1,23652.5
1748009578752.0,23651.1,23652.5
1748009579967.0,23650.6,23652.0
1748009580066.0,23648.6,23650.0
1748009580475.0,23649.6,23651.0
1748009580739.0,23647.1,23648.5
1748009580787.0,23648.1,23649.5
1748009580853.0,23648.6,23650.0
1748009581205,,
1748009581469.0,23651.1,23652.5
1748009581925.0,23648.6,23650.0
1748009582355.0,23651.1,23652.5
1748009582508.0,23650.6,23652.0
1748009582735.0,23650.6,23652.0
1748009582946.0,23651.1,23652.5
1748009583390.0,23649.1,23650.5
1748009583448.0,23648.6,23650.0
1748009583843.0,23649.6,23651.0
1748009584261,,
1748009584695.0,23650.1,23651.5
1748009584793.0,23650.1,23651.5
1748009585057.0,23650.6,23652.0
1748009586008.0,23650.1,23651.5
1748009586159.0,23649.1,23650.5
1748009586540.0,23650.1,23651.5
1748009586693.0,23651.1,23652.5
1748009586892.0,23651.6,23653.0
1748009586986.0,23651.1,23652.5
1748009587115.0,23651.6,23653.0
1748009587216.0,23652.6,23654.0
1748009587596.0,23653.1,23654.5
1748009587893.0,23654.1,23655.5
1748009588105.0,23654.6,23656.0
1748009588505.0,23655.1,23656.5
1748009588928.0,23655.6,23657.0
1748009588978.0,23655.1,23656.5
1748009589368.0,23653.6,23655.0
1748009589607.0,23654.1,23655.5
1748009590163.0,23649.1,23650.5
1748009590720.0,23651.1,23652.5
1748009591305.0,23650.1,23651.5
1748009591347.0,23649.1,23650.5
1748009591949.0,23647.1,23648.5
1748009592363.0,23648.1,23649.5
1748009592505.0,23648.6,23650.0
1748009592765.0,23648.1,23649.5
1748009593141.0,23645.1,23646.5
1748009593947.0,23642.6,23644.0
1748009594178.0,23643.1,23644.5
1748009594510.0,23644.1,23645.5
1748009594813.0,23644.6,23646.0
1748009594935.0,23644.1,23645.5
1748009595516.0,23645.1,23646.5
1748009595617.0,23645.6,23647.0
1748009595863.0,23645.1,23646.5
1748009596388.0,23644.6,23646.0
1748009596548.0,23644.6,23646.0
1748009596641,,
1748009596815.0,23645.6,23647.0
1748009596996.0,23646.1,23647.5
1748009597427.0,23645.6,23647.0
1748009597584.0,23644.1,23645.5
1748009597788.0,23643.6,23645.0
1748009598070.0,23644.6,23646.0
1748009598783.0,23644.1,23645.5
1748009598832.0,23642.6,23644.0
1748009599283.0,23641.6,23643.0
1748009600207.0,23642.1,23643.5
1748009600444.0,23643.1,23644.5
1748009600621.0,23642.1,23643.5
1748009600757.0,23641.6,23643.0
1748009601262.0,23641.1,23642.5
1748009601525.0,23642.1,23643.5
1748009602123.0,23641.6,23643.0
1748009602832,,
1748009603189.0,23642.6,23644.0
1748009603291.0,23641.1,23642.5
1748009603404.0,23641.6,23643.0
1748009603673.0,23641.1,23642.5
1748009603887.0,23641.6,23643.0
1748009604068.0,23642.1,23643.5
1748009604381.0,23641.6,23643.0
1748009604752.0,23637.6,23639.0
1748009605055.0,23638.6,23640.0
1748009605526.0,23639.1,23640.5
1748009605690.0,23638.1,23639.5
1748009605739.0,23637.1,23638.5
1748009607670.0,23637.6,23639.0
1748009607997.0,23637.1,23638.5
1748009609828.0,23636.6,23638.0
1748009610067.0,23636.6,23638.0
1748009610266.0,23634.1,23635.5
1748009610850.0,23634.6,23636.0
1748009610949.0,23634.1,23635.5
1748009611653.0,23634.1,23635.5
1748009612490.0,23634.1,23635.5
1748009613491.0,23633.6,23635.0
1748009613850.0,23635.6,23637.0
1748009614457.0,23635.1,23636.5
1748009615115.0,23633.6,23635.0
1748009616059.0,23636.1,23637.5
1748009616766.0,23634.1,23635.5
1748009616864.0,23633.1,23634.5
1748009617134.0,23632.6,23634.0
1748009619054.0,23633.1,23634.5
1748009619398.0,23633.1,23634.5
1748009619548.0,23633.6,23635.0
1748009620238.0,23634.1,23635.5
1748009620335.0,23634.6,23636.0
1748009620613.0,23634.1,23635.5
1748009620805.0,23634.6,23636.0
1748009621244.0,23636.1,23637.5
1748009621489.0,23636.1,23637.5
1748009621539.0,23636.6,23638.0
1748009622487.0,23639.6,23641.0
1748009622592.0,23639.1,23640.5
1748009622910.0,23639.6,23641.0
1748009623324.0,23637.6,23639.0
1748009623530.0,23636.6,23638.0
1748009623827.0,23636.1,23637.5
1748009624170.0,23634.1,23635.5
1748009624737.0,23634.6,23636.0
1748009624951.0,23636.6,23638.0
1748009625081.0,23636.1,23637.5
1748009625341.0,23636.6,23638.0
1748009625699.0,23636.1,23637.5
1748009625796.0,23635.6,23637.0
1748009626231.0,23636.6,23638.0
1748009626549.0,23635.6,23637.0
1748009626804.0,23636.1,23637.5
1748009627046.0,23637.1,23638.5
1748009627359.0,23638.1,23639.5
1748009627410.0,23638.6,23640.0
1748009627986.0,23639.6,23641.0
1748009628177.0,23639.1,23640.5
1748009628425.0,23638.1,23639.5
1748009628472.0,23637.6,23639.0
1748009629437.0,23638.6,23640.0
1748009629926.0,23636.6,23638.0
1748009630038.0,23637.1,23638.5
1748009630730.0,23636.6,23638.0
1748009630953.0,23636.6,23638.0
1748009631438.0,23635.6,23637.0
1748009631633.0,23636.1,23637.5
1748009632098.0,23634.6,23636.0
1748009632312.0,23634.1,23635.5
1748009632519.0,23634.6,23636.0
1748009633130.0,23633.6,23635.0
1748009634204.0,23634.1,23635.5
1748009634456.0,23633.6,23635.0
1748009635497.0,23633.1,23634.5
1748009636077.0,23631.1,23632.5
1748009636334.0,23632.1,23633.5
1748009636377.0,23631.6,23633.0
1748009637631.0,23630.1,23631.5
1748009638235.0,23629.6,23631.0
1748009638283.0,23629.1,23630.5
1748009638593.0,23625.6,23627.0
1748009638974.0,23625.6,23627.0
1748009639219.0,23626.1,23627.5
1748009639265.0,23626.6,23628.0
1748009639478.0,23627.1,23628.5
1748009640051.0,23627.6,23629.0
1748009640207.0,23627.6,23629.0
1748009640505.0,23627.1,23628.5
1748009640605.0,23626.1,23627.5
1748009641017.0,23625.1,23626.5
1748009641769.0,23627.1,23628.5
1748009641944.0,23627.6,23629.0
1748009642043.0,23627.1,23628.5
1748009642630.0,23627.6,23629.0
1748009642923.0,23627.6,23629.0
1748009643044.0,23627.1,23628.5
1748009643495.0,23626.1,23627.5
1748009644030.0,23627.1,23628.5
1748009644071.0,23627.6,23629.0
1748009644677.0,23627.1,23628.5
1748009645304.0,23627.6,23629.0
1748009645560.0,23627.6,23629.0
1748009645880.0,23627.6,23629.0
1748009645943.0,23627.1,23628.5
1748009646439.0,23626.6,23628.0
1748009646488.0,23625.6,23627.0
1748009646903.0,23626.1,23627.5
1748009647057.0,23626.6,23628.0
1748009647497.0,23623.1,23624.5
1748009647595.0,23623.1,23624.5
1748009647955.0,23623.6,23625.0
1748009648184.0,23623.6,23625.0
1748009648456.0,23623.6,23625.0
1748009648971.0,23624.1,23625.5
1748009649565.0,23623.6,23625.0
1748009650097.0,23624.1,23625.5
1748009650412.0,23623.6,23625.0
1748009651333.0,23624.1,23625.5
1748009651646.0,23627.6,23629.0
1748009651871.0,23628.6,23630.0
1748009652199.0,23632.1,23633.5
1748009652495,,
1748009653299.0,23631.6,23633.0
1748009653516.0,23628.1,23629.5
1748009653793.0,23628.6,23630.0
1748009654086.0,23629.6,23631.0
1748009655049.0,23631.6,23633.0
1748009655653.0,23632.6,23634.0
1748009655980.0,23632.1,23633.5
1748009656031.0,23631.6,23633.0
1748009656435.0,23632.6,23634.0
1748009656718.0,23632.6,23634.0
1748009657661.0,23633.1,23634.5
1748009657971.0,23631.6,23633.0
1748009658572.0,23630.6,23632.0
1748009658727.0,23627.6,23629.0
1748009659046.0,23627.6,23629.0
1748009659355.0,23625.6,23627.0
1748009659656.0,23625.1,23626.5
1748009659706.0,23624.1,23625.5
1748009660208.0,23623.6,23625.0
1748009660525.0,23623.1,23624.5
1748009660923.0,23621.6,23623.0
1748009661334.0,23621.6,23623.0
1748009661737.0,23622.1,23623.5
1748009661940.0,23621.1,23622.5
1748009662037.0,23621.6,23623.0
1748009662139.0,23620.1,23621.5
1748009662498.0,23619.6,23621.0
1748009662710.0,23619.6,23621.0
1748009662899.0,23620.6,23622.0
1748009663561.0,23621.1,23622.5
1748009663823.0,23621.6,23623.0
1748009664126.0,23621.6,23623.0
1748009664180.0,23622.1,23623.5
1748009664279.0,23621.1,23622.5
1748009664579.0,23619.6,23621.0
1748009664725.0,23620.1,23621.5
1748009664994.0,23620.6,23622.0
1748009665628.0,23619.1,23620.5
1748009665930.0,23618.6,23620.0
1748009666159.0,23619.1,23620.5
1748009666284.0,23618.6,23620.0
1748009667459.0,23618.1,23619.5
1748009667876.0,23618.6,23620.0
1748009668529.0,23619.1,23620.5
1748009669649.0,23620.1,23621.5
1748009669747.0,23620.6,23622.0
1748009670177.0,23620.6,23622.0
1748009670789.0,23621.1,23622.5
1748009670838.0,23619.6,23621.0
1748009671296.0,23620.1,23621.5
1748009671487.0,23622.1,23623.5
1748009671721.0,23622.1,23623.5
1748009672024.0,23621.6,23623.0
1748009672182.0,23622.1,23623.5
1748009672412.0,23622.6,23624.0
1748009672735.0,23623.1,23624.5
1748009673368.0,23623.6,23625.0
1748009673883.0,23624.6,23626.0
1748009674095.0,23624.1,23625.5
1748009674639.0,23623.1,23624.5
1748009675410.0,23623.6,23625.0
1748009675513.0,23623.1,23624.5
1748009676147.0,23623.6,23625.0
1748009676739.0,23623.1,23624.5
1748009677022.0,23623.6,23625.0
1748009677516.0,23624.1,23625.5
1748009678123.0,23624.6,23626.0
1748009678657.0,23624.6,23626.0
1748009679190.0,23624.6,23626.0
1748009679238.0,23624.1,23625.5
1748009679571.0,23623.6,23625.0
1748009679806,,
1748009680124.0,23625.1,23626.5
1748009680375.0,23625.1,23626.5
1748009680541.0,23625.6,23627.0
1748009681034.0,23626.1,23627.5
1748009681331.0,23627.1,23628.5
1748009681454.0,23628.1,23629.5
1748009681735.0,23627.6,23629.0
1748009682361.0,23627.6,23629.0
1748009682506.0,23627.1,23628.5
1748009682678.0,23627.6,23629.0
1748009682778.0,23628.1,23629.5
1748009683163.0,23628.1,23629.5
1748009684140.0,23627.6,23629.0
1748009684973.0,23627.6,23629.0
1748009685095.0,23628.1,23629.5
1748009685258.0,23629.6,23631.0
1748009685484.0,23629.6,23631.0
1748009685587.0,23629.1,23630.5
1748009685788.0,23629.1,23630.5
1748009686013.0,23628.6,23630.0
1748009686110.0,23629.1,23630.5
1748009686879.0,23631.1,23632.5
1748009686927.0,23630.6,23632.0
1748009687056.0,23630.1,23631.5
1748009687938.0,23628.1,23629.5
1748009688281.0,23628.6,23630.0
1748009688873.0,23627.6,23629.0
1748009689504.0,23626.6,23628.0
1748009690191.0,23627.6,23629.0
1748009690528.0,23626.6,23628.0
1748009692185.0,23627.6,23629.0
1748009692297.0,23628.1,23629.5
1748009693492.0,23626.1,23627.5
1748009693669.0,23626.1,23627.5
1748009694075.0,23625.6,23627.0
1748009694535.0,23624.6,23626.0
1748009694788.0,23624.6,23626.0
1748009695057.0,23625.1,23626.5
1748009695106.0,23626.1,23627.5
1748009695417.0,23625.6,23627.0
1748009696039.0,23624.6,23626.0
1748009696778.0,23625.1,23626.5
1748009697012.0,23624.6,23626.0
1748009697250.0,23625.1,23626.5
1748009697508.0,23624.6,23626.0
1748009697662.0,23624.1,23625.5
1748009697770.0,23625.1,23626.5
1748009698003.0,23623.6,23625.0
1748009698269.0,23622.6,23624.0
1748009698503.0,23622.1,23623.5
1748009698704.0,23622.6,23624.0
1748009699150.0,23623.1,23624.5
1748009699496.0,23622.6,23624.0
1748009700123.0,23621.1,23622.5
1748009700822.0,23622.6,23624.0
1748009700921.0,23622.1,23623.5
1748009701096.0,23622.6,23624.0
1748009703010.0,23622.6,23624.0
1748009703566.0,23624.1,23625.5
1748009703707.0,23624.1,23625.5
1748009705122.0,23624.6,23626.0
1748009705299.0,23625.1,23626.5
1748009705657.0,23627.6,23629.0
1748009705956.0,23628.1,23629.5
1748009706736.0,23627.1,23628.5
1748009706913.0,23627.6,23629.0
1748009707011.0,23628.6,23630.0
1748009708024.0,23628.1,23629.5
1748009708314.0,23624.6,23626.0
1748009708362.0,23624.1,23625.5
1748009708612.0,23624.6,23626.0
1748009708727.0,23625.6,23627.0
1748009709777.0,23625.1,23626.5
1748009709939.0,23625.6,23627.0
1748009710296.0,23625.1,23626.5
1748009710958.0,23626.1,23627.5
1748009711005.0,23625.6,23627.0
1748009711722.0,23625.1,23626.5
1748009712522.0,23625.1,23626.5
1748009712784.0,23625.1,23626.5
1748009712886.0,23625.6,23627.0
1748009713134.0,23626.1,23627.5
1748009713593.0,23626.6,23628.0
1748009714332.0,23625.6,23627.0
1748009714488.0,23625.1,23626.5
1748009714955.0,23625.6,23627.0
1748009715319.0,23625.6,23627.0
1748009715603.0,23625.6,23627.0
1748009716256.0,23626.6,23628.0
1748009717312.0,23628.6,23630.0
1748009717524.0,23628.6,23630.0
1748009717624.0,23628.1,23629.5
1748009718049.0,23628.6,23630.0
1748009718918.0,23628.1,23629.5
1748009719016.0,23628.6,23630.0
1748009719842.0,23629.1,23630.5
1748009720613.0,23630.1,23631.5
1748009720916.0,23630.6,23632.0
1748009721072.0,23631.1,23632.5
1748009721221.0,23631.1,23632.5
1748009721815.0,23632.6,23634.0
1748009721865.0,23633.1,23634.5
1748009722188.0,23633.6,23635.0
1748009722407.0,23635.6,23637.0
1748009723122.0,23635.1,23636.5
1748009723270.0,23632.6,23634.0
1748009723920.0,23631.6,23633.0
1748009724120.0,23630.1,23631.5
1748009724717.0,23627.1,23628.5
1748009724767.0,23627.6,23629.0
1748009725437.0,23627.6,23629.0
1748009726048.0,23625.1,23626.5
1748009726287.0,23624.6,23626.0
1748009726511.0,23625.1,23626.5
1748009732122.0,23623.1,23624.5
1748009732843.0,23623.1,23624.5
1748009733438.0,23622.6,23624.0
1748009733633.0,23622.6,23624.0
1748009733880.0,23621.6,23623.0
1748009734153.0,23621.1,23622.5
1748009734514.0,23621.6,23623.0
1748009735072.0,23621.1,23622.5
1748009735122.0,23620.6,23622.0
1748009735466.0,23620.1,23621.5
1748009736238.0,23619.6,23621.0
1748009737767.0,23623.1,23624.5
1748009740251.0,23621.6,23623.0
1748009741153.0,23622.6,23624.0
1748009741207.0,23623.1,23624.5
1748009741675.0,23623.1,23624.5
1748009742125.0,23622.1,23623.5
1748009743006.0,23621.6,23623.0
1748009743306.0,23614.6,23616.0
1748009743531.0,23615.6,23617.0
1748009743896.0,23615.1,23616.5
1748009744354.0,23612.1,23613.5
1748009744406.0,23611.1,23612.5
1748009744887.0,23611.6,23613.0
1748009744933.0,23612.1,23613.5
1748009746333.0,23612.1,23613.5
1748009747011,,
1748009747271.0,23614.6,23616.0
1748009747508.0,23615.1,23616.5
1748009747891.0,23614.6,23616.0
1748009748433.0,23614.1,23615.5
1748009748993.0,23614.6,23616.0
1748009750095.0,23614.1,23615.5
1748009750591.0,23614.6,23616.0
1748009750931.0,23615.1,23616.5
1748009751153.0,23614.1,23615.5
1748009753131.0,23613.6,23615.0
1748009753181.0,23612.1,23613.5
1748009754644.0,23611.6,23613.0
1748009754855.0,23611.1,23612.5
1748009755518.0,23611.6,23613.0
1748009755750.0,23612.1,23613.5
1748009755798,,
1748009756250.0,23613.1,23614.5
1748009756861.0,23613.6,23615.0
1748009756910.0,23613.1,23614.5
1748009757816.0,23613.1,23614.5
1748009758116.0,23614.1,23615.5
1748009759978.0,23612.6,23614.0
1748009760143.0,23613.6,23615.0
1748009760486.0,23612.1,23613.5
1748009761571,,
1748009761696.0,23610.6,23612.0
1748009763707.0,23610.1,23611.5
1748009763881.0,23608.6,23610.0
1748009764084.0,23609.1,23610.5
1748009764379.0,23608.1,23609.5
1748009765851.0,23607.6,23609.0
1748009765897.0,23608.1,23609.5
1748009767135.0,23609.1,23610.5
1748009767447.0,23608.6,23610.0
1748009767599.0,23606.6,23608.0
1748009768077.0,23607.6,23609.0
1748009768761.0,23607.1,23608.5
1748009768806.0,23606.6,23608.0
1748009770278.0,23607.6,23609.0
1748009770419.0,23608.1,23609.5
1748009772164.0,23608.6,23610.0
1748009772263.0,23609.1,23610.5
1748009772515.0,23608.6,23610.0
1748009772851.0,23609.1,23610.5
1748009773014.0,23608.6,23610.0
1748009773063.0,23607.6,23609.0
1748009774085.0,23607.1,23608.5
1748009774581.0,23606.6,23608.0
1748009774760,,
1748009775063.0,23607.1,23608.5
1748009775308.0,23606.1,23607.5
1748009776155.0,23607.1,23608.5
1748009776205.0,23607.6,23609.0
1748009777344.0,23607.1,23608.5
1748009778261.0,23607.6,23609.0
1748009778985.0,23606.6,23608.0
1748009780951.0,23607.1,23608.5
1748009781055.0,23606.6,23608.0
1748009781484.0,23606.1,23607.5
1748009781607.0,23605.6,23607.0
1748009782221.0,23606.1,23607.5
1748009782269.0,23605.6,23607.0
1748009782504.0,23606.6,23608.0
1748009782761.0,23615.6,23617.0
1748009783006.0,23616.1,23617.5
1748009783206.0,23613.1,23614.5
1748009783453,,
1748009783586,,
1748009783823.0,23612.1,23613.5
1748009784259.0,23612.6,23614.0
1748009786358.0,23613.1,23614.5
1748009786572.0,23614.1,23615.5
1748009786936.0,23612.6,23614.0
1748009787474.0,23609.6,23611.0
1748009787603.0,23609.1,23610.5
1748009787900.0,23608.6,23610.0
1748009789008.0,23609.1,23610.5
1748009789333.0,23608.1,23609.5
1748009790141.0,23607.6,23609.0
1748009790187.0,23607.1,23608.5
1748009790240.0,23606.1,23607.5
1748009790610.0,23606.6,23608.0
1748009791186.0,23607.1,23608.5
1748009791953.0,23607.6,23609.0
1748009792790.0,23607.1,23608.5
1748009792840.0,23606.6,23608.0
1748009795004.0,23605.1,23606.5
1748009796253,,
1748009796717.0,23606.6,23608.0
1748009796978.0,23606.6,23608.0
1748009797357.0,23606.1,23607.5
1748009797559.0,23608.1,23609.5
1748009798107.0,23607.1,23608.5
1748009798256.0,23604.6,23606.0
1748009798968.0,23604.1,23605.5
1748009799065.0,23604.6,23606.0
1748009799727.0,23605.6,23607.0
1748009799991.0,23604.6,23606.0
1748009800785.0,23606.1,23607.5
1748009801023.0,23606.1,23607.5
1748009801335.0,23606.6,23608.0
1748009801507.0,23607.1,23608.5
1748009801807.0,23607.6,23609.0
1748009801944.0,23608.1,23609.5
1748009802203.0,23607.6,23609.0
1748009802376.0,23607.6,23609.0
1748009803223.0,23607.1,23608.5
1748009803445.0,23606.6,23608.0
1748009803492.0,23606.1,23607.5
1748009803740.0,23605.6,23607.0
1748009803837.0,23606.1,23607.5
1748009804094,,
1748009804936.0,23605.1,23606.5
1748009805327.0,23604.6,23606.0
1748009805426.0,23604.1,23605.5
1748009805834.0,23603.6,23605.0
1748009808017.0,23602.1,23603.5
1748009809027.0,23601.1,23602.5
1748009809542.0,23601.6,23603.0
1748009809664.0,23600.6,23602.0
1748009810551.0,23601.1,23602.5
1748009811078.0,23600.6,23602.0
1748009811212.0,23601.1,23602.5
1748009811708.0,23600.1,23601.5
1748009811977.0,23600.6,23602.0
1748009812252.0,23600.1,23601.5
1748009814643.0,23600.6,23602.0
1748009815077,,
1748009815457.0,23604.6,23606.0
1748009815508.0,23603.6,23605.0
1748009815727.0,23603.1,23604.5
1748009816015.0,23604.6,23606.0
1748009816278.0,23603.1,23604.5
1748009816549.0,23602.1,23603.5
1748009817274.0,23601.1,23602.5
1748009817579.0,23602.1,23603.5
1748009818279.0,23600.1,23601.5
1748009818853.0,23598.6,23600.0
1748009819160.0,23598.1,23599.5
1748009819628.0,23598.6,23600.0
1748009819961.0,23598.1,23599.5
1748009820638.0,23598.6,23600.0
1748009821332.0,23599.6,23601.0
1748009821452.0,23599.1,23600.5
1748009822153.0,23600.1,23601.5
1748009822818.0,23599.1,23600.5
1748009823004.0,23599.6,23601.0
1748009824004.0,23598.6,23600.0
1748009824679.0,23599.1,23600.5
1748009825671.0,23598.6,23600.0
1748009825720.0,23596.1,23597.5
1748009826425.0,23596.6,23598.0
1748009826706.0,23592.6,23594.0
1748009827381.0,23595.6,23597.0
1748009827832.0,23595.1,23596.5
1748009827883.0,23593.1,23594.5
1748009828349.0,23593.6,23595.0
1748009828495.0,23595.6,23597.0
1748009828918.0,23596.1,23597.5
1748009830030.0,23595.6,23597.0
1748009832523.0,23596.1,23597.5
1748009833004.0,23596.6,23598.0
1748009833696.0,23596.1,23597.5
1748009834125.0,23594.1,23595.5
1748009834274.0,23593.6,23595.0
1748009834706.0,23593.1,23594.5
1748009834799.0,23592.1,23593.5
1748009835070.0,23592.6,23594.0
1748009835365.0,23592.1,23593.5
1748009835746.0,23591.1,23592.5
1748009835799.0,23592.1,23593.5
1748009836252.0,23591.6,23593.0
1748009836493.0,23592.1,23593.5
1748009836884.0,23594.6,23596.0
1748009837289.0,23595.1,23596.5
1748009837578.0,23595.6,23597.0
1748009837771.0,23594.6,23596.0
1748009838155.0,23596.1,23597.5
1748009838466.0,23596.6,23598.0
1748009838613.0,23596.1,23597.5
1748009838788.0,23596.6,23598.0
1748009839514.0,23597.1,23598.5
1748009841026.0,23597.1,23598.5
1748009841308.0,23596.6,23598.0
1748009841511.0,23596.1,23597.5
1748009841809.0,23596.6,23598.0
1748009842231.0,23597.1,23598.5
1748009842556.0,23596.1,23597.5
1748009842917.0,23596.1,23597.5
1748009844939.0,23595.6,23597.0
1748009845817.0,23596.6,23598.0
1748009846206.0,23596.1,23597.5
1748009846655.0,23595.6,23597.0
1748009846804.0,23595.6,23597.0
1748009847025.0,23595.1,23596.5
1748009847249.0,23595.1,23596.5
1748009847484.0,23595.6,23597.0
1748009847661.0,23596.6,23598.0
1748009847948.0,23597.1,23598.5
1748009848452.0,23597.1,23598.5
1748009850151.0,23597.1,23598.5
1748009852317.0,23597.6,23599.0
1748009852492.0,23598.6,23600.0
1748009852865.0,23598.1,23599.5
1748009853254.0,23594.6,23596.0
1748009854337.0,23595.1,23596.5
1748009854457.0,23595.6,23597.0
1748009854509.0,23596.1,23597.5
1748009854956.0,23595.6,23597.0
1748009855184.0,23596.1,23597.5
1748009855461.0,23596.1,23597.5
1748009856313.0,23596.6,23598.0
1748009856536.0,23596.1,23597.5
1748009856590.0,23595.6,23597.0
1748009856831.0,23596.1,23597.5
1748009857273.0,23596.6,23598.0
1748009857395.0,23596.1,23597.5
1748009858716.0,23598.1,23599.5
1748009858908.0,23598.6,23600.0
1748009858972.0,23599.1,23600.5
1748009859950.0,23597.6,23599.0
1748009860159.0,23598.1,23599.5
1748009860984.0,23597.6,23599.0
1748009861239.0,23597.1,23598.5
1748009862570.0,23598.1,23599.5
1748009863713.0,23598.6,23600.0
1748009864011.0,23599.1,23600.5
1748009864244.0,23600.1,23601.5
1748009864304.0,23600.6,23602.0
1748009864524.0,23602.1,23603.5
1748009864777.0,23602.1,23603.5
1748009864838.0,23602.6,23604.0
1748009865314.0,23602.6,23604.0
1748009865557.0,23602.1,23603.5
1748009865716.0,23603.1,23604.5
1748009866114.0,23602.1,23603.5
1748009866569.0,23603.1,23604.5
1748009866796.0,23603.1,23604.5
1748009868049.0,23602.6,23604.0
1748009868475.0,23602.1,23603.5
1748009868786.0,23601.6,23603.0
1748009869024.0,23601.1,23602.5
1748009869084.0,23600.6,23602.0
1748009869538.0,23601.1,23602.5
1748009870281.0,23600.1,23601.5
1748009870926.0,23599.6,23601.0
1748009871640.0,23599.1,23600.5
1748009872132.0,23598.6,23600.0
1748009872758.0,23600.1,23601.5
1748009873006.0,23600.6,23602.0
1748009873901.0,23600.1,23601.5
1748009874643.0,23601.6,23603.0
1748009875429.0,23603.1,23604.5
1748009875741.0,23602.1,23603.5
1748009875938.0,23600.1,23601.5
1748009876234.0,23599.6,23601.0
1748009876283.0,23600.1,23601.5
1748009876534.0,23599.1,23600.5
1748009876584.0,23598.6,23600.0
1748009876937.0,23598.6,23600.0
1748009877418.0,23598.1,23599.5
1748009877814.0,23596.1,23597.5
1748009878575.0,23595.6,23597.0
1748009879415.0,23595.1,23596.5
1748009880304.0,23594.6,23596.0
1748009880404.0,23594.6,23596.0
1748009880803.0,23595.1,23596.5
1748009881094.0,23594.6,23596.0
1748009881825.0,23595.1,23596.5
1748009881933.0,23594.6,23596.0
1748009883030.0,23595.1,23596.5
1748009883716.0,23594.6,23596.0
1748009884133.0,23595.1,23596.5
1748009884745.0,23596.1,23597.5
1748009884945.0,23596.6,23598.0
1748009885399.0,23594.6,23596.0
1748009885897.0,23595.1,23596.5
1748009886370.0,23595.6,23597.0
1748009886636.0,23595.6,23597.0
1748009887163.0,23595.1,23596.5
1748009887594.0,23595.1,23596.5
1748009888259.0,23594.6,23596.0
1748009888691.0,23595.1,23596.5
1748009889305.0,23594.6,23596.0
1748009889678.0,23595.1,23596.5
1748009890387.0,23595.1,23596.5
1748009891327.0,23595.6,23597.0
1748009891705.0,23594.1,23595.5
1748009891755,,
1748009893228.0,23595.1,23596.5
1748009894616.0,23594.1,23595.5
1748009895053.0,23595.1,23596.5
1748009896225,,
1748009897173.0,23596.1,23597.5
1748009897442.0,23595.1,23596.5
1748009897798.0,23596.1,23597.5
1748009898568.0,23595.6,23597.0
1748009899147.0,23595.6,23597.0
1748009899746.0,23596.1,23597.5
1748009904046.0,23594.1,23595.5
1748009904334.0,23593.6,23595.0
1748009904758.0,23593.6,23595.0
1748009905326.0,23594.1,23595.5
1748009905452.0,23593.6,23595.0
1748009906312.0,23594.1,23595.5
1748009906566.0,23594.6,23596.0
1748009907150.0,23594.1,23595.5
1748009907306.0,23593.6,23595.0
1748009908441.0,23594.1,23595.5
1748009909270.0,23593.6,23595.0
1748009910037.0,23594.1,23595.5
1748009910325.0,23594.1,23595.5
1748009910703.0,23594.6,23596.0
1748009911082.0,23593.6,23595.0
1748009911262.0,23594.1,23595.5
1748009911653.0,23594.6,23596.0
1748009912254.0,23594.1,23595.5
1748009912300.0,23593.6,23595.0
1748009912592.0,23593.1,23594.5
1748009913431,,
1748009913778.0,23594.1,23595.5
1748009913915.0,23593.6,23595.0
1748009914562.0,23594.1,23595.5
1748009915823.0,23592.1,23593.5
1748009917574.0,23591.6,23593.0
1748009918272.0,23590.6,23592.0
1748009920205.0,23591.1,23592.5
1748009920659.0,23591.6,23593.0
1748009921245.0,23589.1,23590.5
1748009921382.0,23591.1,23592.5
1748009921565,,
1748009922463.0,23591.1,23592.5
1748009922832.0,23591.1,23592.5
1748009923905.0,23591.6,23593.0
1748009924412.0,23589.6,23591.0
1748009924578.0,23589.1,23590.5
1748009927321.0,23588.1,23589.5
1748009927602.0,23586.6,23588.0
1748009927854.0,23587.1,23588.5
1748009928574.0,23586.6,23588.0
1748009928908.0,23586.6,23588.0
1748009929778.0,23586.1,23587.5
1748009930076.0,23587.1,23588.5
1748009930270.0,23586.1,23587.5
1748009931096.0,23586.6,23588.0
1748009931407.0,23586.1,23587.5
1748009932852.0,23586.1,23587.5
1748009936600.0,23585.6,23587.0
1748009936940.0,23581.6,23583.0
1748009937204.0,23581.1,23582.5
1748009937536.0,23580.6,23582.0
1748009937586.0,23579.1,23580.5
1748009937805.0,23578.6,23580.0
1748009939217,,
1748009940687.0,23579.1,23580.5
1748009940867.0,23583.1,23584.5
1748009941385.0,23583.6,23585.0
1748009941753.0,23584.6,23586.0
1748009941821.0,23584.1,23585.5
1748009942805.0,23583.6,23585.0
1748009942852.0,23584.1,23585.5
1748009943756.0,23581.6,23583.0
1748009944754.0,23580.1,23581.5
1748009945374.0,23581.1,23582.5
1748009945758.0,23581.6,23583.0
1748009945915.0,23581.1,23582.5
1748009946044.0,23580.6,23582.0
1748009946289.0,23579.1,23580.5
1748009946580.0,23578.6,23580.0
1748009946755.0,23579.1,23580.5
1748009947052.0,23578.6,23580.0
1748009947618.0,23578.6,23580.0
1748009947721.0,23579.1,23580.5
1748009948356.0,23580.6,23582.0
1748009948644.0,23582.1,23583.5
1748009948768.0,23582.6,23584.0
1748009949048.0,23582.1,23583.5
1748009950004.0,23582.6,23584.0
1748009950099.0,23583.1,23584.5
1748009950527.0,23583.6,23585.0
1748009951164.0,23583.1,23584.5
1748009951742.0,23583.6,23585.0
1748009952027.0,23584.1,23585.5
1748009952360.0,23583.1,23584.5
1748009952527.0,23584.1,23585.5
1748009953213.0,23584.6,23586.0
1748009953728.0,23584.1,23585.5
1748009954016.0,23584.6,23586.0
1748009954442.0,23584.6,23586.0
1748009955038.0,23584.1,23585.5
1748009957816.0,23583.6,23585.0
1748009958914.0,23584.1,23585.5
1748009960158.0,23584.6,23586.0
1748009960368.0,23585.1,23586.5
1748009960564.0,23585.1,23586.5
1748009960921.0,23584.1,23585.5
1748009961204.0,23584.1,23585.5
1748009961248.0,23584.6,23586.0
1748009961458.0,23584.1,23585.5
1748009961506.0,23584.6,23586.0
1748009961763.0,23584.1,23585.5
1748009961812.0,23584.6,23586.0
1748009962256.0,23583.6,23585.0
1748009962438.0,23583.6,23585.0
1748009963117.0,23584.1,23585.5
1748009963362.0,23584.6,23586.0
1748009963458.0,23584.1,23585.5
1748009963699.0,23584.6,23586.0
1748009964099.0,23584.1,23585.5
1748009964405.0,23584.6,23586.0
1748009964555.0,23584.6,23586.0
1748009965382.0,23584.6,23586.0
1748009965512.0,23585.1,23586.5
1748009965992.0,23587.1,23588.5
1748009966143.0,23588.1,23589.5
1748009966430.0,23587.6,23589.0
1748009967304.0,23587.1,23588.5
1748009968055.0,23583.6,23585.0
1748009970792.0,23581.1,23582.5
1748009970994.0,23583.1,23584.5
1748009971089.0,23583.6,23585.0
1748009972132.0,23582.1,23583.5
1748009972560.0,23582.6,23584.0
1748009972905.0,23582.1,23583.5
1748009973004.0,23582.6,23584.0
1748009973632.0,23582.1,23583.5
1748009974544.0,23583.6,23585.0
1748009974592.0,23584.1,23585.5
1748009975084.0,23583.6,23585.0
1748009976496.0,23584.1,23585.5
1748009977095.0,23583.6,23585.0
1748009977714.0,23581.1,23582.5
1748009977985.0,23581.1,23582.5
1748009978174.0,23581.1,23582.5
1748009978497.0,23582.1,23583.5
1748009978559.0,23582.6,23584.0
1748009979875.0,23582.1,23583.5
1748009980033.0,23582.1,23583.5
1748009981891.0,23578.6,23580.0
1748009982422.0,23578.1,23579.5
1748009982791.0,23578.1,23579.5
1748009982998.0,23579.1,23580.5
1748009983300.0,23577.6,23579.0
1748009983822.0,23577.1,23578.5
1748009983920.0,23577.1,23578.5
1748009984340.0,23577.6,23579.0
1748009984662.0,23578.1,23579.5
1748009985075.0,23577.6,23579.0
1748009985221.0,23578.1,23579.5
1748009986002.0,23577.6,23579.0
1748009986253.0,23576.1,23577.5
1748009986303.0,23577.6,23579.0
1748009986350.0,23578.1,23579.5
1748009987583.0,23577.6,23579.0
1748009987757.0,23574.6,23576.0
1748009987908.0,23575.1,23576.5
1748009990349.0,23574.6,23576.0
1748009990952.0,23572.6,23574.0
1748009991893.0,23572.1,23573.5
1748009992098.0,23572.1,23573.5
1748009992677.0,23572.6,23574.0
1748009993345.0,23573.1,23574.5
1748009994209.0,23574.6,23576.0
1748009994676.0,23574.1,23575.5
1748009994822.0,23573.6,23575.0
1748009995246.0,23573.1,23574.5
1748009998524.0,23571.1,23572.5
1748009998634.0,23570.6,23572.0
1748009999298.0,23571.1,23572.5
1748009999547.0,23571.6,23573.0
1748009999595.0,23570.6,23572.0
1748009999740.0,23571.1,23572.5
1748010000076.0,23572.1,23573.5
1748010001207.0,23572.6,23574.0
1748010001256.0,23572.1,23573.5
1748010001552.0,23571.6,23573.0
1748010001754.0,23570.6,23572.0
1748010002481.0,23572.1,23573.5
1748010002746.0,23571.1,23572.5
1748010002845.0,23570.6,23572.0
1748010003487.0,23571.6,23573.0
1748010004345.0,23572.6,23574.0
1748010004886.0,23575.6,23577.0
1748010005150.0,23576.6,23578.0
1748010005260.0,23578.1,23579.5
1748010005673.0,23576.1,23577.5
1748010005807.0,23576.1,23577.5
1748010006438,,
1748010006542.0,23569.1,23570.5
1748010006767.0,23569.6,23571.0
1748010007230.0,23567.6,23569.0
1748010007295.0,23567.1,23568.5
1748010007345.0,23567.6,23569.0
1748010007569.0,23567.1,23568.5
1748010007873.0,23567.6,23569.0
1748010008234.0,23567.6,23569.0
1748010008593.0,23568.1,23569.5
1748010009076.0,23569.1,23570.5
1748010009515.0,23569.6,23571.0
1748010009920.0,23570.1,23571.5
1748010010136.0,23570.1,23571.5
1748010010377.0,23570.6,23572.0
1748010010742.0,23572.1,23573.5
1748010010969.0,23572.6,23574.0
1748010011136.0,23572.6,23574.0
1748010011387.0,23573.1,23574.5
1748010012835.0,23569.6,23571.0
1748010013028.0,23570.6,23572.0
1748010013209.0,23571.1,23572.5
1748010013520.0,23572.1,23573.5
1748010013890.0,23574.1,23575.5
1748010014421.0,23575.1,23576.5
1748010014963.0,23573.6,23575.0
1748010015163.0,23573.6,23575.0
1748010015347.0,23574.6,23576.0
1748010016017.0,23574.1,23575.5
1748010016839.0,23575.1,23576.5
1748010017554.0,23575.1,23576.5
1748010018377.0,23574.6,23576.0
1748010018473.0,23575.1,23576.5
1748010018541.0,23575.6,23577.0
1748010019007.0,23572.6,23574.0
1748010019121.0,23571.1,23572.5
1748010019421.0,23570.6,23572.0
1748010019813.0,23571.1,23572.5
1748010020116.0,23570.6,23572.0
1748010020359.0,23571.1,23572.5
1748010020724.0,23570.6,23572.0
1748010021417.0,23570.1,23571.5
1748010021465.0,23570.6,23572.0
1748010022193.0,23571.1,23572.5
1748010022484.0,23570.6,23572.0
1748010022583.0,23569.1,23570.5
1748010023076.0,23568.1,23569.5
1748010025068.0,23569.1,23570.5
1748010025366.0,23568.6,23570.0
1748010026147.0,23569.6,23571.0
1748010026196.0,23569.1,23570.5
1748010027180.0,23569.6,23571.0
1748010027511.0,23570.1,23571.5
1748010027772.0,23571.6,23573.0
1748010028052.0,23572.1,23573.5
1748010028295.0,23573.6,23575.0
1748010028529.0,23576.6,23578.0
1748010028578.0,23577.1,23578.5
1748010028641.0,23576.6,23578.0
1748010029361.0,23577.6,23579.0
1748010029412.0,23577.1,23578.5
1748010029578.0,23577.6,23579.0
1748010030154.0,23577.6,23579.0
1748010030931.0,23577.6,23579.0
1748010031198.0,23578.6,23580.0
1748010031673.0,23578.6,23580.0
1748010032305.0,23578.1,23579.5
1748010032405.0,23578.6,23580.0
1748010033061.0,23579.1,23580.5
1748010033110.0,23580.1,23581.5
1748010033887.0,23579.6,23581.0
1748010033990.0,23580.1,23581.5
1748010034467.0,23581.1,23582.5
1748010034574.0,23582.1,23583.5
1748010034843.0,23581.6,23583.0
1748010035013.0,23580.1,23581.5
1748010036365.0,23579.1,23580.5
1748010037051.0,23579.6,23581.0
1748010037149.0,23580.1,23581.5
1748010038125.0,23579.1,23580.5
1748010038272.0,23578.1,23579.5
1748010040177.0,23576.1,23577.5
1748010042103.0,23577.6,23579.0
1748010042671.0,23578.1,23579.5
1748010043464.0,23580.1,23581.5
1748010044905.0,23579.1,23580.5
1748010045078.0,23579.6,23581.0
1748010045412.0,23580.1,23581.5
1748010045774.0,23578.6,23580.0
1748010045977.0,23577.6,23579.0
1748010047103.0,23578.1,23579.5
1748010049448.0,23576.6,23578.0
1748010049711.0,23577.1,23578.5
1748010049962.0,23576.6,23578.0
1748010050863.0,23575.1,23576.5
1748010051189.0,23575.6,23577.0
1748010052029.0,23576.1,23577.5
1748010052134.0,23577.1,23578.5
1748010052319.0,23576.6,23578.0
1748010052549.0,23576.1,23577.5
1748010052596.0,23576.6,23578.0
1748010053056.0,23577.1,23578.5
1748010053736.0,23576.6,23578.0
1748010055429.0,23576.1,23577.5
1748010055709.0,23574.1,23575.5
1748010055760.0,23574.6,23576.0
1748010056204.0,23576.6,23578.0
1748010058022.0,23580.6,23582.0
1748010058198.0,23581.1,23582.5
1748010058496.0,23580.6,23582.0
1748010059137,,
1748010059355.0,23581.6,23583.0
1748010059605.0,23581.1,23582.5
1748010059966.0,23581.6,23583.0
1748010060898.0,23581.6,23583.0
1748010061314.0,23580.6,23582.0
1748010061361.0,23578.6,23580.0
1748010061833.0,23579.1,23580.5
1748010062337.0,23580.1,23581.5
1748010062913.0,23581.6,23583.0
1748010062961,,
1748010063085.0,23580.6,23582.0
1748010063567.0,23578.6,23580.0
1748010064434.0,23579.1,23580.5
