1748008705881.0,20830.2,20831.2
1748008706130.0,20828.4,20829.4
1748008706405.0,20828.8,20829.8
1748008706595.0,20828.7,20829.7
1748008706884.0,20828.5,20829.5
1748008707195,,
1748008707456.0,20829.2,20830.2
1748008707706.0,20828.5,20829.5
1748008708006.0,20829.7,20830.7
1748008708055.0,20829.8,20830.8
1748008708246.0,20829.5,20830.5
1748008708405.0,20829.7,20830.7
1748008708554.0,20829.4,20830.4
1748008708793.0,20829.2,20830.2
1748008708843.0,20829.0,20830.0
1748008709058.0,20828.9,20829.9
1748008709361.0,20828.8,20829.8
1748008709629.0,20827.3,20828.3
1748008709696.0,20827.4,20828.4
1748008709798.0,20827.2,20828.2
1748008709903.0,20827.5,20828.5
1748008710150.0,20826.9,20827.9
1748008710199.0,20827.2,20828.2
1748008710370.0,20826.9,20827.9
1748008710470.0,20827.3,20828.3
1748008710570.0,20826.9,20827.9
1748008710822.0,20827.0,20828.0
1748008710929.0,20827.4,20828.4
1748008711152.0,20829.5,20830.5
1748008711464.0,20830.2,20831.2
1748008711543,,
1748008711714.0,20829.8,20830.8
1748008711950.0,20830.4,20831.4
1748008712207.0,20831.5,20832.5
1748008712535.0,20831.4,20832.4
1748008712607.0,20831.3,20832.3
1748008712785.0,20831.4,20832.4
1748008713005,,
1748008713390.0,20831.0,20832.0
1748008713573.0,20831.4,20832.4
1748008713673.0,20831.0,20832.0
1748008713872.0,20831.3,20832.3
1748008714190.0,20830.9,20831.9
1748008714238.0,20830.8,20831.8
1748008714289.0,20831.3,20832.3
1748008714645.0,20831.3,20832.3
1748008714963.0,20830.2,20831.2
1748008715266.0,20830.9,20831.9
1748008715316.0,20830.7,20831.7
1748008715529.0,20830.5,20831.5
1748008715798.0,20831.3,20832.3
1748008716052.0,20830.4,20831.4
1748008716360.0,20830.2,20831.2
1748008716407.0,20830.9,20831.9
1748008716605.0,20829.0,20830.0
1748008716655.0,20828.8,20829.8
1748008716813.0,20828.2,20829.2
1748008716912.0,20828.0,20829.0
1748008717081.0,20828.5,20829.5
1748008717389.0,20828.8,20829.8
1748008717455.0,20828.5,20829.5
1748008717568.0,20828.8,20829.8
1748008717938.0,20830.3,20831.3
1748008718219.0,20829.8,20830.8
1748008718280.0,20830.0,20831.0
1748008718468.0,20831.0,20832.0
1748008718758.0,20830.3,20831.3
1748008719021.0,20830.2,20831.2
1748008719069.0,20830.3,20831.3
1748008719185.0,20830.3,20831.3
1748008719397.0,20830.4,20831.4
1748008719556.0,20831.2,20832.2
1748008719605.0,20831.0,20832.0
1748008719829.0,20829.5,20830.5
1748008720079.0,20829.9,20830.9
1748008720307.0,20829.5,20830.5
1748008720649.0,20830.7,20831.7
1748008720704.0,20831.3,20832.3
1748008721022.0,20830.3,20831.3
1748008721285.0,20830.3,20831.3
1748008721385.0,20830.2,20831.2
1748008721535.0,20831.3,20832.3
1748008721585.0,20831.2,20832.2
1748008721834.0,20830.8,20831.8
1748008722086.0,20827.9,20828.9
1748008722365.0,20826.8,20827.8
1748008722518.0,20828.4,20829.4
1748008722947.0,20828.0,20829.0
1748008723152.0,20827.4,20828.4
1748008723458.0,20826.5,20827.5
1748008723661.0,20826.3,20827.3
1748008723983.0,20826.3,20827.3
1748008724032.0,20826.8,20827.8
1748008724270.0,20825.3,20826.3
1748008724548.0,20825.4,20826.4
1748008724804.0,20825.9,20826.9
1748008725094.0,20827.5,20828.5
1748008725167.0,20827.8,20828.8
1748008725439.0,20827.7,20828.7
1748008725638.0,20828.7,20829.7
1748008725831.0,20828.9,20829.9
1748008726188.0,20828.5,20829.5
1748008726660.0,20828.5,20829.5
1748008726964.0,20828.0,20829.0
1748008727013.0,20828.3,20829.3
1748008727116.0,20826.8,20827.8
1748008727503.0,20826.3,20827.3
1748008727552.0,20826.4,20827.4
1748008727785.0,20826.8,20827.8
1748008727871.0,20826.7,20827.7
1748008728018.0,20826.5,20827.5
1748008728219.0,20826.8,20827.8
1748008728569,,
1748008728838.0,20827.8,20828.8
1748008728903.0,20827.7,20828.7
1748008729115.0,20827.5,20828.5
1748008729315.0,20827.8,20828.8
1748008729430.0,20827.8,20828.8
1748008729607.0,20827.3,20828.3
1748008729657.0,20827.5,20828.5
1748008729894.0,20827.4,20828.4
1748008729943.0,20827.2,20828.2
1748008730143.0,20827.5,20828.5
1748008730243.0,20827.7,20828.7
1748008730443.0,20827.8,20828.8
1748008730689.0,20827.9,20828.9
1748008730941.0,20827.9,20828.9
1748008730994.0,20827.5,20828.5
1748008731258.0,20828.0,20829.0
1748008731307.0,20827.8,20828.8
1748008731523.0,20828.3,20829.3
1748008731804.0,20828.2,20829.2
1748008732060.0,20828.5,20829.5
1748008732159.0,20828.8,20829.8
1748008732297.0,20828.4,20829.4
1748008732395.0,20828.5,20829.5
1748008732521.0,20827.9,20828.9
1748008732622.0,20828.5,20829.5
1748008732808.0,20828.3,20829.3
1748008732906.0,20828.5,20829.5
1748008733076.0,20828.5,20829.5
1748008733177.0,20828.4,20829.4
1748008733387.0,20828.5,20829.5
1748008733435.0,20829.0,20830.0
1748008733584.0,20828.7,20829.7
1748008733781.0,20829.2,20830.2
1748008733947.0,20829.3,20830.3
1748008734194.0,20829.3,20830.3
1748008734463.0,20829.4,20830.4
1748008734513.0,20829.3,20830.3
1748008734722.0,20829.2,20830.2
1748008734837.0,20829.3,20830.3
1748008734988.0,20829.4,20830.4
1748008735055,,
1748008735208.0,20828.5,20829.5
1748008735509,,
1748008735710.0,20828.9,20829.9
1748008735872,,
1748008736064.0,20829.7,20830.7
1748008736113.0,20829.5,20830.5
1748008736314.0,20829.5,20830.5
1748008736363.0,20830.5,20831.5
1748008736604,,
1748008736736.0,20829.9,20830.9
1748008737114.0,20830.3,20831.3
1748008737353,,
1748008737399.0,20830.0,20831.0
1748008737648.0,20830.8,20831.8
1748008737849.0,20831.8,20832.8
1748008738140.0,20831.3,20832.3
1748008738397.0,20830.0,20831.0
1748008738604,,
1748008738753.0,20831.3,20832.3
1748008738982.0,20830.8,20831.8
1748008739030.0,20830.7,20831.7
1748008739231.0,20830.5,20831.5
1748008739424.0,20830.5,20831.5
1748008739569.0,20830.4,20831.4
1748008739757,,
1748008739809.0,20831.2,20832.2
1748008740015.0,20830.8,20831.8
1748008740066.0,20831.0,20832.0
1748008740376.0,20830.9,20831.9
1748008740427.0,20830.3,20831.3
1748008740608.0,20829.0,20830.0
1748008740937.0,20829.8,20830.8
1748008741150.0,20829.8,20830.8
1748008741429.0,20827.7,20828.7
1748008741660.0,20826.3,20827.3
1748008741980.0,20825.8,20826.8
1748008742267.0,20826.2,20827.2
1748008742510.0,20825.8,20826.8
1748008742762.0,20825.0,20826.0
1748008743057.0,20824.0,20825.0
1748008743305.0,20825.3,20826.3
1748008743353.0,20825.0,20826.0
1748008743507.0,20826.9,20827.9
1748008743865,,
1748008743916.0,20827.5,20828.5
1748008744097.0,20827.5,20828.5
1748008744294.0,20827.5,20828.5
1748008744426.0,20827.7,20828.7
1748008744479.0,20827.5,20828.5
1748008744808.0,20827.4,20828.4
1748008744906.0,20826.9,20827.9
1748008745176.0,20827.4,20828.4
1748008745224.0,20827.3,20828.3
1748008745665.0,20825.4,20826.4
1748008745899.0,20825.3,20826.3
1748008746255.0,20826.3,20827.3
1748008746305.0,20826.0,20827.0
1748008746492.0,20825.9,20826.9
1748008746540.0,20825.4,20826.4
1748008746794.0,20825.2,20826.2
1748008747053.0,20825.2,20826.2
1748008747208.0,20825.0,20826.0
1748008747356.0,20824.9,20825.9
1748008747587.0,20825.2,20826.2
1748008747849.0,20827.0,20828.0
1748008747897.0,20827.2,20828.2
1748008748077.0,20827.0,20828.0
1748008748316.0,20825.5,20826.5
1748008748564.0,20825.4,20826.4
1748008748665.0,20825.7,20826.7
1748008748914.0,20825.8,20826.8
1748008749145.0,20825.0,20826.0
1748008749219.0,20825.2,20826.2
1748008749444.0,20827.4,20828.4
1748008749671.0,20827.3,20828.3
1748008749890,,
1748008750241.0,20827.3,20828.3
1748008750290.0,20827.7,20828.7
1748008750490.0,20830.0,20831.0
1748008750748.0,20831.0,20832.0
1748008750803.0,20829.7,20830.7
1748008751051.0,20826.7,20827.7
1748008751112.0,20827.0,20828.0
1748008751268.0,20826.9,20827.9
1748008751442.0,20827.5,20828.5
1748008751833.0,20827.8,20828.8
1748008751866.0,20827.9,20828.9
1748008752114.0,20827.8,20828.8
1748008752363.0,20827.9,20828.9
1748008752413.0,20827.5,20828.5
1748008752589.0,20825.0,20826.0
1748008752858,,
1748008753139.0,20824.3,20825.3
1748008753243.0,20824.4,20825.4
1748008753417.0,20824.7,20825.7
1748008753706.0,20826.7,20827.7
1748008753752.0,20826.2,20827.2
1748008753947.0,20826.4,20827.4
1748008754211.0,20826.5,20827.5
1748008754259.0,20826.2,20827.2
1748008754495.0,20825.5,20826.5
1748008754754.0,20825.7,20826.7
1748008754965.0,20825.9,20826.9
1748008755273.0,20826.0,20827.0
1748008755541.0,20827.9,20828.9
1748008755622.0,20827.2,20828.2
1748008755822.0,20826.4,20827.4
1748008755873.0,20827.5,20828.5
1748008756086.0,20828.3,20829.3
1748008756336.0,20829.3,20830.3
1748008756495.0,20829.7,20830.7
1748008756686.0,20829.3,20830.3
1748008757057.0,20829.7,20830.7
1748008757177.0,20829.8,20830.8
1748008757427.0,20830.4,20831.4
1748008757689.0,20830.3,20831.3
1748008757790.0,20829.7,20830.7
1748008758218.0,20829.0,20830.0
1748008758481.0,20828.9,20829.9
1748008758531.0,20828.7,20829.7
1748008758730.0,20828.8,20829.8
1748008758971.0,20830.9,20831.9
1748008759288.0,20830.9,20831.9
1748008759543.0,20831.2,20832.2
1748008759790,,
1748008759838.0,20829.7,20830.7
1748008760057.0,20829.8,20830.8
1748008760255.0,20829.3,20830.3
1748008760590.0,20828.9,20829.9
1748008760639.0,20828.5,20829.5
1748008760843.0,20829.3,20830.3
1748008761151.0,20829.0,20830.0
1748008761406.0,20828.2,20829.2
1748008761659.0,20828.3,20829.3
1748008761914.0,20828.2,20829.2
1748008762063.0,20828.2,20829.2
1748008762464.0,20830.2,20831.2
1748008762511.0,20829.9,20830.9
1748008762561.0,20830.0,20831.0
1748008762754.0,20830.2,20831.2
1748008762953.0,20829.5,20830.5
1748008763074.0,20829.4,20830.4
1748008763252.0,20830.3,20831.3
1748008763297.0,20830.2,20831.2
1748008763450.0,20830.7,20831.7
1748008763694.0,20831.9,20832.9
1748008764077.0,20832.3,20833.3
1748008764310,,
1748008764607.0,20832.9,20833.9
1748008764860.0,20831.5,20832.5
1748008765059.0,20831.8,20832.8
1748008765157.0,20832.0,20833.0
1748008765367.0,20831.9,20832.9
1748008765552.0,20831.8,20832.8
1748008765777.0,20832.3,20833.3
1748008766186.0,20832.3,20833.3
1748008766247.0,20832.2,20833.2
1748008766448.0,20832.2,20833.2
1748008766498.0,20831.9,20832.9
1748008766647.0,20831.7,20832.7
1748008766983.0,20830.0,20831.0
1748008767235.0,20831.5,20832.5
1748008767520.0,20831.3,20832.3
1748008767774.0,20831.9,20832.9
1748008767979.0,20831.8,20832.8
1748008768090.0,20831.7,20832.7
1748008768309.0,20830.4,20831.4
1748008768544.0,20830.9,20831.9
1748008768744.0,20830.9,20831.9
1748008769127.0,20830.9,20831.9
1748008769369.0,20828.0,20829.0
1748008769648.0,20827.7,20828.7
1748008769903.0,20826.7,20827.7
1748008770155.0,20828.7,20829.7
1748008770456.0,20828.4,20829.4
1748008770698.0,20829.0,20830.0
1748008770996.0,20828.8,20829.8
1748008771263.0,20828.0,20829.0
1748008771314.0,20828.4,20829.4
1748008771590.0,20828.5,20829.5
1748008771638.0,20829.8,20830.8
1748008772066.0,20828.9,20829.9
1748008772259.0,20829.7,20830.7
1748008772614.0,20830.2,20831.2
1748008772876.0,20829.3,20830.3
1748008773205.0,20829.2,20830.2
1748008773367.0,20829.2,20830.2
1748008773684.0,20828.8,20829.8
1748008773952.0,20830.2,20831.2
1748008774004.0,20829.7,20830.7
1748008774206.0,20825.3,20826.3
1748008774474.0,20829.0,20830.0
1748008774525.0,20828.8,20829.8
1748008774577.0,20828.9,20829.9
1748008775006.0,20828.7,20829.7
1748008775256.0,20828.8,20829.8
1748008775563.0,20828.7,20829.7
1748008775660.0,20828.3,20829.3
1748008776106.0,20828.4,20829.4
1748008776369,,
1748008776542.0,20829.3,20830.3
1748008777059.0,20829.3,20830.3
1748008777428.0,20829.4,20830.4
1748008777687.0,20830.5,20831.5
1748008777958.0,20830.5,20831.5
1748008778107.0,20829.8,20830.8
1748008778482.0,20829.5,20830.5
1748008778531.0,20828.5,20829.5
1748008778827,,
1748008778881.0,20828.7,20829.7
1748008779123.0,20829.0,20830.0
1748008779287.0,20829.2,20830.2
1748008779691.0,20829.8,20830.8
1748008779899.0,20829.9,20830.9
1748008780197.0,20828.7,20829.7
1748008780247.0,20828.3,20829.3
1748008780460.0,20828.4,20829.4
1748008780509.0,20828.7,20829.7
1748008780641.0,20828.4,20829.4
1748008781017.0,20826.4,20827.4
1748008781232.0,20826.4,20827.4
1748008781411.0,20826.5,20827.5
1748008781592.0,20826.7,20827.7
1748008781834,,
1748008782086.0,20832.3,20833.3
1748008782295.0,20831.2,20832.2
1748008782633.0,20831.3,20832.3
1748008782895.0,20830.4,20831.4
1748008782946.0,20830.3,20831.3
1748008783107.0,20830.7,20831.7
1748008783333.0,20830.4,20831.4
1748008783659.0,20829.9,20830.9
1748008783976,,
1748008784192.0,20828.9,20829.9
1748008784242.0,20829.4,20830.4
1748008784454.0,20829.3,20830.3
1748008784710.0,20828.8,20829.8
1748008784810.0,20829.0,20830.0
1748008785003.0,20830.7,20831.7
1748008785152.0,20830.7,20831.7
1748008785296.0,20830.4,20831.4
1748008785479.0,20830.5,20831.5
1748008786452.0,20829.5,20830.5
1748008786847.0,20829.4,20830.4
1748008786897.0,20829.2,20830.2
1748008787152.0,20828.7,20829.7
1748008787367.0,20830.4,20831.4
1748008787574.0,20830.3,20831.3
1748008788120.0,20830.2,20831.2
1748008788716.0,20828.9,20829.9
1748008788957.0,20828.8,20829.8
1748008789207.0,20828.8,20829.8
1748008789505,,
1748008789657.0,20828.7,20829.7
1748008790041.0,20829.0,20830.0
1748008790344.0,20828.5,20829.5
1748008790581.0,20827.7,20828.7
1748008790862.0,20828.8,20829.8
1748008791115.0,20829.0,20830.0
1748008791381.0,20828.9,20829.9
1748008791536.0,20828.9,20829.9
1748008791845.0,20828.8,20829.8
1748008792148.0,20827.7,20828.7
1748008792361,,
1748008792547.0,20827.5,20828.5
1748008792745.0,20827.5,20828.5
1748008792849.0,20827.7,20828.7
1748008793239,,
1748008793488.0,20828.7,20829.7
1748008794016.0,20828.5,20829.5
1748008794284.0,20828.7,20829.7
1748008795093.0,20829.2,20830.2
1748008795368.0,20829.0,20830.0
1748008795415,,
1748008795616.0,20830.3,20831.3
1748008795907.0,20828.4,20829.4
1748008796138.0,20827.2,20828.2
1748008796331.0,20827.3,20828.3
1748008796695,,
1748008796904.0,20829.3,20830.3
1748008797249.0,20829.9,20830.9
1748008797427.0,20830.3,20831.3
1748008797794.0,20827.4,20828.4
1748008797844.0,20827.3,20828.3
1748008797973.0,20826.9,20827.9
1748008798317.0,20830.7,20831.7
1748008798344.0,20830.4,20831.4
1748008798503.0,20830.3,20831.3
1748008798832.0,20830.3,20831.3
1748008799084.0,20829.7,20830.7
1748008799383.0,20831.5,20832.5
1748008799455.0,20831.7,20832.7
1748008799614.0,20832.0,20833.0
1748008799862.0,20829.9,20830.9
1748008799949.0,20829.8,20830.8
1748008800167.0,20831.0,20832.0
1748008800468.0,20830.8,20831.8
1748008800516.0,20832.7,20833.7
1748008800767.0,20830.3,20831.3
1748008801069.0,20829.5,20830.5
1748008801118.0,20828.8,20829.8
1748008801342.0,20827.7,20828.7
1748008801536.0,20827.2,20828.2
1748008801863.0,20830.5,20831.5
1748008802146.0,20831.5,20832.5
1748008802398.0,20830.0,20831.0
1748008802648.0,20827.2,20828.2
1748008802946.0,20833.3,20834.3
1748008803197.0,20834.0,20835.0
1748008803454.0,20833.8,20834.8
1748008803705.0,20834.7,20835.7
1748008804006.0,20837.1,20838.1
1748008804254.0,20838.6,20839.6
1748008804513.0,20837.2,20838.2
1748008804769.0,20836.5,20837.5
1748008804818.0,20836.7,20837.7
1748008805051,,
1748008805324.0,20837.0,20838.0
1748008805352.0,20836.8,20837.8
1748008805554.0,20838.1,20839.1
1748008805853.0,20837.0,20838.0
1748008805911.0,20837.1,20838.1
1748008806080.0,20837.5,20838.5
1748008806387.0,20837.8,20838.8
1748008806535,,
1748008806892.0,20838.6,20839.6
1748008807092.0,20840.6,20841.6
1748008807229,,
1748008807405.0,20839.8,20840.8
1748008807519.0,20840.0,20841.0
1748008807655.0,20840.0,20841.0
1748008807822.0,20840.6,20841.6
1748008807980.0,20840.6,20841.6
1748008808020.0,20840.5,20841.5
1748008808228.0,20840.2,20841.2
1748008808487.0,20839.1,20840.1
1748008808538.0,20839.2,20840.2
1748008808760,,
1748008809019.0,20840.3,20841.3
1748008809270.0,20841.2,20842.2
1748008809454.0,20840.8,20841.8
1748008809824.0,20844.2,20845.2
1748008810096.0,20842.5,20843.5
1748008810384.0,20844.7,20845.7
1748008810634.0,20845.2,20846.2
1748008810905.0,20844.1,20845.1
1748008810957.0,20848.8,20849.8
1748008811163.0,20846.6,20847.6
1748008811361.0,20846.7,20847.7
1748008811724.0,20839.0,20840.0
1748008811970.0,20839.0,20840.0
1748008812242,,
1748008812305.0,20843.0,20844.0
1748008812519.0,20841.2,20842.2
1748008812784.0,20842.3,20843.3
1748008813034.0,20840.7,20841.7
1748008813285.0,20841.7,20842.7
1748008813341.0,20843.3,20844.3
1748008813559.0,20845.2,20846.2
1748008813609.0,20845.6,20846.6
1748008813830.0,20845.2,20846.2
1748008814086.0,20844.3,20845.3
1748008814381.0,20843.7,20844.7
1748008814450.0,20843.8,20844.8
1748008814651.0,20844.3,20845.3
1748008814906.0,20845.3,20846.3
1748008815188.0,20844.7,20845.7
1748008815422.0,20845.7,20846.7
1748008815470.0,20845.5,20846.5
1748008815727.0,20845.1,20846.1
1748008815778.0,20845.2,20846.2
1748008815977.0,20845.5,20846.5
1748008816227.0,20842.5,20843.5
1748008816527.0,20843.5,20844.5
1748008816785.0,20842.5,20843.5
1748008816952.0,20843.5,20844.5
1748008817306.0,20843.5,20844.5
1748008817335.0,20843.7,20844.7
1748008817586.0,20842.3,20843.3
1748008817735.0,20843.6,20844.6
1748008818107.0,20842.8,20843.8
1748008818319.0,20843.5,20844.5
1748008818591.0,20843.3,20844.3
1748008818883.0,20842.8,20843.8
1748008819160.0,20841.7,20842.7
1748008819443.0,20842.6,20843.6
1748008819493.0,20843.6,20844.6
1748008819696.0,20843.2,20844.2
1748008819748.0,20842.8,20843.8
1748008819913.0,20842.3,20843.3
1748008820035.0,20842.6,20843.6
1748008820216,,
1748008820417.0,20842.6,20843.6
1748008820518.0,20842.5,20843.5
1748008820719.0,20842.6,20843.6
1748008820805.0,20842.7,20843.7
1748008821005.0,20842.6,20843.6
1748008821255.0,20842.6,20843.6
1748008821511.0,20840.1,20841.1
1748008821812.0,20841.7,20842.7
1748008822093.0,20841.7,20842.7
1748008822118.0,20842.1,20843.1
1748008822325.0,20842.5,20843.5
1748008822628.0,20847.3,20848.3
1748008822827.0,20848.0,20849.0
1748008823123,,
1748008823375.0,20848.5,20849.5
1748008823694.0,20851.2,20852.2
1748008823896.0,20851.0,20852.0
1748008824224.0,20855.1,20856.1
1748008824456.0,20856.2,20857.2
1748008824506.0,20856.0,20857.0
1748008824755.0,20856.0,20857.0
1748008825008.0,20856.0,20857.0
1748008825057.0,20855.5,20856.5
1748008825287.0,20853.0,20854.0
1748008825555.0,20853.2,20854.2
1748008825608,,
1748008825806.0,20852.5,20853.5
1748008826055.0,20853.0,20854.0
1748008826317.0,20852.0,20853.0
1748008826389.0,20849.5,20850.5
1748008826616.0,20850.2,20851.2
1748008826670.0,20851.3,20852.3
1748008826866.0,20850.3,20851.3
1748008826917.0,20851.0,20852.0
1748008827116.0,20851.0,20852.0
1748008827369.0,20851.2,20852.2
1748008827646.0,20851.0,20852.0
1748008827694.0,20850.7,20851.7
1748008827946.0,20850.0,20851.0
1748008828197.0,20847.8,20848.8
1748008828396.0,20849.1,20850.1
1748008828496.0,20848.8,20849.8
1748008828754.0,20848.7,20849.7
1748008828795.0,20848.6,20849.6
1748008828996.0,20848.5,20849.5
1748008829246.0,20848.6,20849.6
1748008829544.0,20848.8,20849.8
1748008829592.0,20848.5,20849.5
1748008829692.0,20848.6,20849.6
1748008829866.0,20847.5,20848.5
1748008830065,,
1748008830344.0,20848.2,20849.2
1748008830394.0,20848.3,20849.3
1748008830594.0,20848.6,20849.6
1748008830643.0,20848.5,20849.5
1748008830841.0,20851.1,20852.1
1748008830897.0,20851.0,20852.0
1748008831092.0,20850.2,20851.2
1748008831406.0,20849.0,20850.0
1748008831451.0,20848.5,20849.5
1748008831676.0,20849.5,20850.5
1748008831855.0,20849.5,20850.5
1748008832205.0,20849.5,20850.5
1748008832450.0,20850.2,20851.2
1748008832505.0,20850.1,20851.1
1748008832705.0,20849.8,20850.8
1748008832780.0,20849.3,20850.3
1748008832981.0,20847.8,20848.8
1748008833262.0,20849.2,20850.2
1748008833313.0,20849.0,20850.0
1748008833522.0,20849.5,20850.5
1748008833770.0,20849.0,20850.0
1748008834066.0,20849.5,20850.5
1748008834116.0,20848.8,20849.8
1748008834318.0,20849.6,20850.6
1748008834542.0,20848.8,20849.8
1748008834643.0,20849.0,20850.0
1748008834863.0,20848.7,20849.7
1748008835115.0,20849.6,20850.6
1748008835166.0,20848.7,20849.7
1748008835388.0,20848.6,20849.6
1748008835637.0,20847.5,20848.5
1748008835938.0,20845.5,20846.5
1748008835988.0,20846.2,20847.2
1748008836188.0,20845.6,20846.6
1748008836392.0,20846.6,20847.6
1748008836738.0,20846.0,20847.0
1748008836988.0,20843.2,20844.2
1748008837239.0,20843.2,20844.2
1748008837538.0,20843.0,20844.0
1748008837791.0,20840.3,20841.3
1748008838072.0,20839.5,20840.5
1748008838097.0,20839.3,20840.3
1748008838291.0,20841.5,20842.5
1748008838588.0,20841.8,20842.8
1748008838837.0,20843.2,20844.2
1748008839088.0,20844.3,20845.3
1748008839368.0,20844.2,20845.2
1748008839427.0,20844.3,20845.3
1748008839629.0,20844.3,20845.3
1748008839936.0,20844.2,20845.2
1748008839986.0,20843.6,20844.6
1748008840186.0,20844.1,20845.1
1748008840237.0,20843.6,20844.6
1748008840436.0,20844.0,20845.0
1748008840750.0,20845.3,20846.3
1748008840785.0,20845.6,20846.6
1748008840987,,
1748008841240.0,20843.3,20844.3
1748008841546.0,20842.8,20843.8
1748008841645.0,20842.7,20843.7
1748008841796,,
1748008842047.0,20844.8,20845.8
1748008842305.0,20845.8,20846.8
1748008842604.0,20848.1,20849.1
1748008842859.0,20848.3,20849.3
1748008843150.0,20847.5,20848.5
1748008843350.0,20847.8,20848.8
1748008843651.0,20846.7,20847.7
1748008843906.0,20845.0,20846.0
1748008843950.0,20845.5,20846.5
1748008844204.0,20845.3,20846.3
1748008844400,,
1748008844700.0,20845.2,20846.2
1748008844749,,
1748008845006.0,20845.2,20846.2
1748008845269.0,20844.5,20845.5
1748008845527.0,20844.6,20845.6
1748008845576,,
1748008845804.0,20844.5,20845.5
1748008846054.0,20844.2,20845.2
1748008846304.0,20844.0,20845.0
1748008846592.0,20843.6,20844.6
1748008846845.0,20842.2,20843.2
1748008847143.0,20842.2,20843.2
1748008847404.0,20842.5,20843.5
1748008847451,,
1748008847604.0,20840.3,20841.3
1748008847908.0,20836.7,20837.7
1748008848183,,
1748008848463.0,20835.3,20836.3
1748008848715.0,20831.5,20832.5
1748008848980.0,20831.2,20832.2
1748008849016.0,20830.2,20831.2
1748008849263.0,20831.1,20832.1
1748008849514.0,20831.7,20832.7
1748008849563.0,20832.0,20833.0
1748008849765.0,20832.0,20833.0
1748008850015.0,20829.2,20830.2
1748008850330.0,20830.5,20831.5
1748008850582.0,20830.5,20831.5
1748008850781.0,20828.3,20829.3
1748008851131.0,20827.5,20828.5
1748008851180.0,20827.7,20828.7
1748008851633.0,20829.0,20830.0
1748008851880.0,20829.5,20830.5
1748008851930.0,20829.6,20830.6
1748008852143.0,20829.5,20830.5
1748008852445.0,20829.5,20830.5
1748008852696.0,20828.7,20829.7
1748008852963.0,20829.7,20830.7
1748008853011.0,20829.6,20830.6
1748008853160.0,20829.7,20830.7
1748008853517.0,20829.8,20830.8
1748008853754.0,20830.0,20831.0
1748008853952.0,20830.1,20831.1
1748008854251.0,20830.7,20831.7
1748008854323,,
1748008854543.0,20830.2,20831.2
1748008854844.0,20834.8,20835.8
1748008855101.0,20834.0,20835.0
1748008855143.0,20834.3,20835.3
1748008855370.0,20834.3,20835.3
1748008855419.0,20834.0,20835.0
1748008855620.0,20833.7,20834.7
1748008855668,,
1748008855870.0,20833.6,20834.6
1748008856170.0,20834.1,20835.1
1748008856233.0,20833.5,20834.5
1748008856324.0,20832.7,20833.7
1748008856687.0,20831.6,20832.6
1748008856937.0,20830.6,20831.6
1748008857248.0,20828.6,20829.6
1748008857519.0,20828.3,20829.3
1748008857568.0,20828.6,20829.6
1748008857781.0,20829.5,20830.5
1748008858034.0,20831.7,20832.7
1748008858281.0,20832.5,20833.5
1748008858530.0,20833.2,20834.2
1748008858586.0,20832.6,20833.6
1748008858641.0,20832.5,20833.5
1748008859097.0,20832.5,20833.5
1748008859351.0,20831.2,20832.2
1748008859605.0,20832.5,20833.5
1748008859867.0,20832.5,20833.5
1748008860175.0,20830.8,20831.8
1748008860417.0,20831.2,20832.2
1748008860667.0,20831.0,20832.0
1748008860716.0,20830.6,20831.6
1748008860949.0,20831.1,20832.1
1748008861237.0,20831.8,20832.8
1748008861286.0,20831.7,20832.7
1748008861486.0,20832.1,20833.1
1748008861786.0,20831.7,20832.7
1748008861934.0,20831.7,20832.7
1748008862316.0,20833.6,20834.6
1748008862361.0,20834.5,20835.5
1748008862561.0,20835.7,20836.7
1748008862796.0,20835.5,20836.5
1748008863117.0,20833.8,20834.8
1748008863347.0,20834.0,20835.0
1748008863594.0,20834.5,20835.5
1748008863660.0,20834.6,20835.6
1748008863914.0,20833.7,20834.7
1748008864160.0,20833.2,20834.2
1748008864410.0,20833.5,20834.5
1748008864463.0,20834.1,20835.1
1748008864683.0,20833.5,20834.5
1748008864734.0,20832.7,20833.7
1748008864939,,
1748008864991.0,20831.2,20832.2
1748008865247.0,20830.5,20831.5
1748008865476.0,20831.7,20832.7
1748008865720.0,20830.6,20831.6
1748008865965.0,20830.0,20831.0
1748008866269.0,20830.1,20831.1
1748008866519.0,20832.0,20833.0
1748008866821.0,20831.3,20832.3
1748008867072.0,20830.3,20831.3
1748008867271.0,20829.7,20830.7
1748008867628.0,20829.7,20830.7
1748008867678.0,20829.5,20830.5
1748008867878.0,20831.5,20832.5
1748008868128.0,20831.5,20832.5
1748008868178,,
1748008868398.0,20830.0,20831.0
1748008868689.0,20830.1,20831.1
1748008868738.0,20829.8,20830.8
1748008868939.0,20827.7,20828.7
1748008869226.0,20828.0,20829.0
1748008869427.0,20829.2,20830.2
1748008869727.0,20831.0,20832.0
1748008869778.0,20831.2,20832.2
1748008869997.0,20829.6,20830.6
1748008870049.0,20829.3,20830.3
1748008870254.0,20829.6,20830.6
1748008870521,,
1748008870575.0,20828.6,20829.6
1748008870749.0,20828.6,20829.6
1748008871079.0,20827.3,20828.3
1748008871339.0,20827.7,20828.7
1748008871596.0,20827.6,20828.6
1748008871675.0,20827.2,20828.2
1748008871895,,
1748008872148.0,20830.8,20831.8
1748008872398.0,20830.2,20831.2
1748008872446,,
1748008872646.0,20830.3,20831.3
1748008872951.0,20831.7,20832.7
1748008872998.0,20832.7,20833.7
1748008873205.0,20832.5,20833.5
1748008873253.0,20832.7,20833.7
1748008873453.0,20834.2,20835.2
1748008873718.0,20834.5,20835.5
1748008874021.0,20837.7,20838.7
1748008874268.0,20835.6,20836.6
1748008874509.0,20836.5,20837.5
1748008874605.0,20837.2,20838.2
1748008874807.0,20840.8,20841.8
1748008875079.0,20842.8,20843.8
1748008875110.0,20842.6,20843.6
1748008875309.0,20844.6,20845.6
1748008875607.0,20847.8,20848.8
1748008875657.0,20848.2,20849.2
1748008875858.0,20848.2,20849.2
1748008876113.0,20848.0,20849.0
1748008876258.0,20847.7,20848.7
1748008876671.0,20849.0,20850.0
1748008876919.0,20849.3,20850.3
1748008876970.0,20849.6,20850.6
1748008877169.0,20850.7,20851.7
1748008877468.0,20850.5,20851.5
1748008877718.0,20850.3,20851.3
1748008877769.0,20850.2,20851.2
1748008877968.0,20849.2,20850.2
1748008878243.0,20848.0,20849.0
1748008878520.0,20848.0,20849.0
1748008878567,,
1748008878720.0,20849.3,20850.3
1748008879071.0,20848.6,20849.6
1748008879119.0,20848.7,20849.7
1748008879268.0,20849.2,20850.2
1748008879520.0,20847.5,20848.5
1748008879630.0,20847.2,20848.2
1748008879848.0,20846.8,20847.8
1748008880124.0,20847.7,20848.7
1748008880372.0,20847.7,20848.7
1748008880669.0,20851.0,20852.0
1748008880921.0,20851.2,20852.2
1748008880971.0,20851.1,20852.1
1748008881172.0,20849.7,20850.7
1748008881443.0,20850.6,20851.6
1748008881731.0,20851.2,20852.2
1748008881782.0,20851.3,20852.3
1748008881982.0,20850.5,20851.5
1748008882034.0,20850.1,20851.1
1748008882251.0,20849.3,20850.3
1748008882283.0,20849.5,20850.5
1748008882480.0,20849.5,20850.5
1748008882748.0,20849.5,20850.5
1748008883042.0,20850.0,20851.0
1748008883293.0,20850.2,20851.2
1748008883542.0,20850.7,20851.7
1748008883844.0,20850.0,20851.0
1748008884111.0,20850.0,20851.0
1748008884353.0,20849.8,20850.8
1748008884404.0,20850.1,20851.1
1748008884607.0,20850.0,20851.0
1748008884655.0,20850.5,20851.5
1748008884918.0,20850.0,20851.0
1748008885170.0,20849.7,20850.7
1748008885419.0,20849.3,20850.3
1748008885471.0,20850.8,20851.8
1748008885671.0,20849.2,20850.2
1748008885977.0,20849.3,20850.3
1748008886229.0,20850.1,20851.1
1748008886478.0,20849.2,20850.2
1748008886528.0,20849.3,20850.3
1748008886774.0,20845.8,20846.8
1748008887028.0,20845.7,20846.7
1748008887276.0,20846.0,20847.0
1748008887572.0,20847.0,20848.0
1748008887622.0,20847.2,20848.2
1748008887822.0,20847.6,20848.6
1748008887927.0,20847.7,20848.7
1748008888028.0,20849.5,20850.5
1748008888135.0,20849.6,20850.6
1748008888329.0,20850.5,20851.5
1748008888627.0,20850.7,20851.7
1748008888676.0,20850.5,20851.5
1748008888878.0,20850.0,20851.0
1748008889136.0,20850.0,20851.0
1748008889190.0,20850.7,20851.7
1748008889438.0,20850.3,20851.3
1748008889688.0,20850.5,20851.5
1748008889939.0,20849.7,20850.7
1748008889997.0,20850.0,20851.0
1748008890188.0,20849.2,20850.2
1748008890292.0,20849.3,20850.3
1748008890441,,
1748008890708.0,20849.3,20850.3
1748008891006.0,20849.0,20850.0
1748008891268.0,20848.8,20849.8
1748008891554.0,20847.5,20848.5
1748008891792.0,20848.3,20849.3
1748008892043.0,20849.0,20850.0
1748008892294.0,20849.0,20850.0
1748008892598.0,20849.3,20850.3
1748008892645.0,20849.5,20850.5
1748008892752.0,20850.5,20851.5
1748008892897.0,20850.0,20851.0
1748008893153.0,20849.6,20850.6
1748008893404.0,20848.7,20849.7
1748008893659.0,20849.0,20850.0
1748008893909.0,20849.0,20850.0
1748008894208.0,20848.8,20849.8
1748008894259.0,20849.2,20850.2
1748008894408.0,20849.0,20850.0
1748008894711.0,20847.1,20848.1
1748008894942.0,20848.7,20849.7
1748008895252.0,20848.0,20849.0
1748008895541.0,20847.5,20848.5
1748008895767.0,20847.5,20848.5
1748008896069.0,20847.5,20848.5
1748008896293.0,20847.5,20848.5
1748008896599,,
1748008896843.0,20848.5,20849.5
1748008897080.0,20848.8,20849.8
1748008897155.0,20849.0,20850.0
1748008897370.0,20848.8,20849.8
1748008897420.0,20848.7,20849.7
1748008897622.0,20848.0,20849.0
1748008897886.0,20848.1,20849.1
1748008897936.0,20848.0,20849.0
1748008898090.0,20848.5,20849.5
1748008898253,,
1748008898424.0,20848.2,20849.2
1748008898725.0,20848.7,20849.7
1748008898975,,
1748008899225.0,20846.6,20847.6
1748008899475.0,20846.5,20847.5
1748008899575.0,20847.5,20848.5
1748008899788,,
1748008899877.0,20846.7,20847.7
1748008900025,,
1748008900305.0,20848.0,20849.0
1748008900498.0,20848.0,20849.0
1748008900797.0,20848.0,20849.0
1748008901079.0,20847.5,20848.5
1748008901330.0,20846.7,20847.7
1748008901630.0,20846.0,20847.0
1748008901878,,
1748008901928.0,20846.2,20847.2
1748008902183.0,20847.0,20848.0
1748008902411.0,20845.7,20846.7
1748008902696.0,20846.3,20847.3
1748008902738.0,20846.7,20847.7
1748008902938.0,20845.6,20846.6
1748008903215.0,20845.5,20846.5
1748008903513.0,20845.7,20846.7
1748008903736.0,20845.8,20846.8
1748008903787.0,20845.7,20846.7
1748008903836.0,20846.2,20847.2
1748008904049.0,20846.2,20847.2
1748008904303.0,20842.8,20843.8
1748008904550.0,20843.0,20844.0
1748008904840.0,20843.1,20844.1
1748008904890.0,20843.0,20844.0
1748008905070.0,20843.1,20844.1
1748008905268.0,20843.0,20844.0
1748008905622.0,20843.1,20844.1
1748008905875.0,20839.5,20840.5
1748008906173.0,20836.5,20837.5
1748008906373.0,20836.6,20837.6
1748008906675.0,20836.2,20837.2
1748008906720,,
1748008906923.0,20836.5,20837.5
1748008907022.0,20836.0,20837.0
1748008907223.0,20836.1,20837.1
1748008907474.0,20836.5,20837.5
1748008907724.0,20835.3,20836.3
1748008908023.0,20835.6,20836.6
1748008908273.0,20836.5,20837.5
1748008908322.0,20836.0,20837.0
1748008908544.0,20836.6,20837.6
1748008908799.0,20835.1,20836.1
1748008908848.0,20835.3,20836.3
1748008909050.0,20835.3,20836.3
1748008909350.0,20836.3,20837.3
1748008909600.0,20836.6,20837.6
1748008909823.0,20836.7,20837.7
1748008910136.0,20835.7,20836.7
1748008910408.0,20835.7,20836.7
1748008910464.0,20835.8,20836.8
1748008910664.0,20837.5,20838.5
1748008910863.0,20837.6,20838.6
1748008910999.0,20837.3,20838.3
1748008911198.0,20839.1,20840.1
1748008911478.0,20840.8,20841.8
1748008911729.0,20840.5,20841.5
1748008911779.0,20840.2,20841.2
1748008911979.0,20840.3,20841.3
1748008912282.0,20837.8,20838.8
1748008912536.0,20838.1,20839.1
1748008912585.0,20838.5,20839.5
1748008912787.0,20837.8,20838.8
1748008912836.0,20838.1,20839.1
1748008912995.0,20838.5,20839.5
1748008913094.0,20838.7,20839.7
1748008913305.0,20838.5,20839.5
1748008913350.0,20838.7,20839.7
1748008913606.0,20840.2,20841.2
1748008913657.0,20840.5,20841.5
1748008913855.0,20840.3,20841.3
1748008914056.0,20839.2,20840.2
1748008914183.0,20840.0,20841.0
1748008914382.0,20842.6,20843.6
1748008914433.0,20845.5,20846.5
1748008914632.0,20844.1,20845.1
1748008914682.0,20843.7,20844.7
1748008914931.0,20843.7,20844.7
1748008915089.0,20843.6,20844.6
1748008915188.0,20842.8,20843.8
1748008915438.0,20842.2,20843.2
1748008915488.0,20842.6,20843.6
1748008915693.0,20843.7,20844.7
1748008915737,,
1748008915961.0,20843.5,20844.5
1748008916220.0,20843.8,20844.8
1748008916470.0,20845.2,20846.2
1748008916721.0,20843.8,20844.8
1748008916804.0,20844.0,20845.0
1748008917054.0,20842.8,20843.8
1748008917198.0,20841.2,20842.2
1748008917344.0,20841.1,20842.1
1748008917580.0,20840.3,20841.3
1748008917850.0,20841.7,20842.7
1748008918105.0,20841.6,20842.6
1748008918150.0,20841.5,20842.5
1748008918387.0,20841.7,20842.7
1748008918633.0,20841.7,20842.7
1748008918885.0,20840.5,20841.5
1748008918934.0,20841.1,20842.1
1748008919183.0,20841.6,20842.6
1748008919444.0,20841.3,20842.3
1748008919494.0,20841.2,20842.2
1748008919694.0,20842.2,20843.2
1748008919899.0,20842.3,20843.3
1748008920244.0,20842.0,20843.0
1748008920492.0,20841.8,20842.8
1748008920733.0,20841.3,20842.3
1748008920783.0,20840.5,20841.5
1748008921032.0,20839.8,20840.8
1748008921285.0,20841.3,20842.3
1748008921573.0,20842.5,20843.5
1748008921839.0,20842.8,20843.8
1748008922094.0,20842.7,20843.7
1748008922147.0,20842.2,20843.2
1748008922343.0,20841.8,20842.8
1748008922382.0,20842.0,20843.0
1748008922626.0,20843.0,20844.0
1748008922878.0,20842.3,20843.3
1748008923157.0,20842.5,20843.5
1748008923339.0,20842.3,20843.3
1748008923442.0,20842.7,20843.7
1748008923689.0,20843.7,20844.7
1748008923940.0,20844.2,20845.2
1748008924162.0,20843.7,20844.7
1748008924478.0,20843.6,20844.6
1748008924527.0,20844.5,20845.5
1748008924750.0,20845.7,20846.7
1748008924996.0,20846.7,20847.7
1748008925246.0,20848.6,20849.6
1748008925425.0,20849.0,20850.0
1748008925796.0,20848.2,20849.2
1748008925845.0,20848.0,20849.0
1748008926046.0,20849.3,20850.3
1748008926345.0,20850.0,20851.0
1748008926396.0,20849.5,20850.5
1748008926606.0,20848.7,20849.7
1748008926857.0,20848.3,20849.3
1748008926909.0,20849.0,20850.0
1748008927108.0,20849.5,20850.5
1748008927208.0,20849.2,20850.2
1748008927366.0,20849.7,20850.7
1748008927465.0,20849.5,20850.5
1748008927626.0,20849.8,20850.8
1748008927724.0,20850.0,20851.0
1748008927924.0,20850.8,20851.8
1748008928174.0,20851.6,20852.6
1748008928474.0,20849.7,20850.7
1748008928523.0,20849.5,20850.5
1748008928724.0,20850.7,20851.7
1748008928987.0,20850.8,20851.8
1748008929036.0,20851.6,20852.6
1748008929237.0,20850.8,20851.8
1748008929510.0,20851.0,20852.0
1748008929760.0,20850.5,20851.5
1748008929861.0,20850.6,20851.6
1748008930062.0,20850.0,20851.0
1748008930311.0,20847.2,20848.2
1748008930464.0,20846.7,20847.7
1748008930827.0,20848.3,20849.3
1748008930876.0,20848.0,20849.0
1748008931104.0,20847.7,20848.7
1748008931377.0,20847.7,20848.7
1748008931646.0,20846.5,20847.5
1748008931882.0,20847.2,20848.2
1748008932153.0,20846.0,20847.0
1748008932427.0,20846.1,20847.1
1748008932690.0,20844.3,20845.3
1748008932766.0,20844.1,20845.1
1748008932994.0,20842.2,20843.2
1748008933206.0,20842.5,20843.5
1748008933269.0,20842.3,20843.3
1748008933520.0,20842.2,20843.2
1748008933770.0,20842.1,20843.1
1748008934027.0,20841.5,20842.5
1748008934130.0,20841.1,20842.1
1748008934277.0,20841.2,20842.2
1748008934562.0,20840.8,20841.8
1748008934835.0,20839.2,20840.2
1748008935107.0,20838.2,20839.2
1748008935340.0,20838.3,20839.3
1748008935544.0,20839.3,20840.3
1748008935854.0,20842.1,20843.1
1748008936145.0,20842.0,20843.0
1748008936195.0,20842.2,20843.2
1748008936416.0,20842.5,20843.5
1748008936465.0,20842.6,20843.6
1748008936716.0,20842.5,20843.5
1748008936916,,
1748008937037.0,20840.7,20841.7
1748008937242.0,20840.2,20841.2
1748008937517.0,20839.6,20840.6
1748008937566.0,20840.2,20841.2
1748008937768.0,20839.7,20840.7
1748008938019.0,20842.2,20843.2
1748008938291.0,20843.2,20844.2
1748008938540.0,20843.2,20844.2
1748008938757.0,20842.5,20843.5
1748008939066.0,20842.7,20843.7
1748008939162.0,20842.5,20843.5
1748008939365.0,20842.6,20843.6
1748008939616.0,20842.0,20843.0
1748008939664.0,20841.5,20842.5
1748008939819.0,20841.1,20842.1
1748008939950.0,20841.0,20842.0
1748008940119.0,20840.7,20841.7
1748008940403.0,20841.3,20842.3
1748008940454.0,20841.2,20842.2
1748008940692.0,20841.3,20842.3
1748008940946.0,20842.7,20843.7
1748008940986.0,20842.8,20843.8
1748008941205.0,20842.6,20843.6
1748008941278.0,20842.7,20843.7
1748008941479.0,20841.7,20842.7
1748008941737.0,20840.7,20841.7
1748008942016.0,20841.6,20842.6
1748008942287.0,20841.2,20842.2
1748008942539.0,20842.0,20843.0
1748008942814.0,20841.8,20842.8
1748008943089.0,20843.6,20844.6
1748008943114.0,20843.5,20844.5
1748008943317.0,20845.2,20846.2
1748008943368.0,20845.0,20846.0
1748008943616.0,20846.1,20847.1
1748008943866.0,20846.8,20847.8
1748008943939.0,20847.0,20848.0
1748008944112.0,20846.2,20847.2
1748008944159,,
1748008944407.0,20845.8,20846.8
1748008944458.0,20846.1,20847.1
1748008944681.0,20846.1,20847.1
1748008944731.0,20845.6,20846.6
1748008944886.0,20845.8,20846.8
1748008945195.0,20846.1,20847.1
1748008945473.0,20844.8,20845.8
1748008945734.0,20840.6,20841.6
1748008945982.0,20839.2,20840.2
1748008946237.0,20839.8,20840.8
1748008946312.0,20839.6,20840.6
1748008946485.0,20839.1,20840.1
1748008946790.0,20840.3,20841.3
1748008946985.0,20840.8,20841.8
1748008947252.0,20840.6,20841.6
1748008947594.0,20840.8,20841.8
1748008947873.0,20840.1,20841.1
1748008948126.0,20841.0,20842.0
1748008948373.0,20840.0,20841.0
1748008948665.0,20841.0,20842.0
1748008948878.0,20840.8,20841.8
1748008949175.0,20839.6,20840.6
1748008949463,,
1748008949711.0,20838.1,20839.1
1748008949989.0,20837.0,20838.0
1748008950228.0,20836.6,20837.6
1748008950278.0,20836.8,20837.8
1748008950529.0,20838.7,20839.7
1748008950780.0,20837.2,20838.2
1748008950826.0,20837.6,20838.6
1748008951051.0,20837.6,20838.6
1748008951284.0,20837.1,20838.1
1748008951334.0,20837.7,20838.7
1748008951585.0,20838.8,20839.8
1748008951835.0,20838.5,20839.5
1748008952034.0,20838.3,20839.3
1748008952336.0,20838.7,20839.7
1748008952647.0,20839.6,20840.6
1748008952690.0,20840.0,20841.0
1748008952893.0,20839.7,20840.7
1748008953159.0,20838.3,20839.3
1748008953433.0,20839.2,20840.2
1748008953482.0,20839.0,20840.0
1748008953582.0,20839.0,20840.0
1748008953946.0,20838.8,20839.8
1748008954146.0,20839.5,20840.5
1748008954519.0,20839.3,20840.3
1748008954774.0,20836.3,20837.3
1748008955041.0,20835.6,20836.6
1748008955239.0,20836.1,20837.1
1748008955324.0,20836.2,20837.2
1748008955489.0,20836.3,20837.3
1748008955838.0,20836.5,20837.5
1748008956009.0,20836.2,20837.2
1748008956261.0,20835.5,20836.5
1748008956439.0,20835.7,20836.7
1748008956589.0,20835.8,20836.8
1748008956638.0,20835.6,20836.6
1748008956888.0,20835.7,20836.7
1748008957139.0,20835.7,20836.7
1748008957188.0,20836.0,20837.0
1748008957413.0,20835.7,20836.7
1748008957462.0,20836.0,20837.0
1748008957665.0,20837.0,20838.0
1748008957919.0,20837.0,20838.0
1748008958205.0,20838.6,20839.6
1748008958488.0,20838.2,20839.2
1748008958667.0,20838.2,20839.2
1748008959007.0,20838.5,20839.5
1748008959253.0,20838.5,20839.5
1748008959405.0,20837.7,20838.7
1748008959816,,
1748008960068.0,20837.7,20838.7
1748008960317.0,20838.1,20839.1
1748008960584.0,20836.5,20837.5
1748008960869.0,20837.8,20838.8
1748008961126.0,20837.7,20838.7
1748008961374.0,20837.6,20838.6
1748008961660.0,20835.2,20836.2
1748008961909,,
1748008961961.0,20834.8,20835.8
1748008962193.0,20834.7,20835.7
1748008962460.0,20835.8,20836.8
1748008962491.0,20836.2,20837.2
1748008962716.0,20836.1,20837.1
1748008962993.0,20836.3,20837.3
1748008963243.0,20837.2,20838.2
1748008963337.0,20837.1,20838.1
1748008963486.0,20837.5,20838.5
1748008963586.0,20837.2,20838.2
1748008963805.0,20837.2,20838.2
1748008964055.0,20837.3,20838.3
1748008964323.0,20838.3,20839.3
1748008964588.0,20838.7,20839.7
1748008964843.0,20837.7,20838.7
1748008965044.0,20838.2,20839.2
1748008965141.0,20838.1,20839.1
1748008965378.0,20839.1,20840.1
1748008965622.0,20840.5,20841.5
1748008965898.0,20839.7,20840.7
1748008965949.0,20839.5,20840.5
1748008966172.0,20838.1,20839.1
1748008966205.0,20839.0,20840.0
1748008966449.0,20838.5,20839.5
1748008966728.0,20838.5,20839.5
1748008966780.0,20838.3,20839.3
1748008966928.0,20837.7,20838.7
1748008967232.0,20838.0,20839.0
1748008967282.0,20837.7,20838.7
1748008967479.0,20837.8,20838.8
1748008967530.0,20838.0,20839.0
1748008967782.0,20838.0,20839.0
1748008967831.0,20838.2,20839.2
1748008967992.0,20838.2,20839.2
1748008968223.0,20838.2,20839.2
1748008968564.0,20838.5,20839.5
1748008968803.0,20838.5,20839.5
1748008968983.0,20838.6,20839.6
1748008969370.0,20839.1,20840.1
1748008969613.0,20838.7,20839.7
1748008969864.0,20839.2,20840.2
1748008970164.0,20839.0,20840.0
1748008970414.0,20839.2,20840.2
1748008970462.0,20839.7,20840.7
1748008970713.0,20840.3,20841.3
1748008970962,,
1748008971065.0,20840.2,20841.2
1748008971504.0,20840.0,20841.0
1748008971553.0,20840.5,20841.5
1748008971757.0,20841.2,20842.2
1748008971804.0,20840.2,20841.2
1748008972002.0,20840.2,20841.2
1748008972055.0,20840.1,20841.1
1748008972256.0,20840.7,20841.7
1748008972392.0,20841.5,20842.5
1748008972785.0,20842.5,20843.5
1748008973083.0,20842.5,20843.5
1748008973332.0,20842.7,20843.7
1748008973385.0,20842.3,20843.3
1748008973632.0,20842.0,20843.0
1748008973836.0,20842.7,20843.7
1748008974075,,
1748008974191.0,20843.2,20844.2
1748008974268.0,20843.5,20844.5
1748008974691.0,20842.0,20843.0
1748008974741.0,20842.5,20843.5
1748008974951.0,20842.5,20843.5
1748008975087.0,20842.2,20843.2
1748008975414.0,20842.5,20843.5
1748008975516.0,20842.7,20843.7
1748008975722.0,20843.5,20844.5
1748008975987.0,20843.7,20844.7
1748008976036.0,20844.0,20845.0
1748008976287.0,20843.7,20844.7
1748008976341.0,20843.5,20844.5
1748008976537.0,20842.6,20843.6
1748008976587.0,20842.7,20843.7
1748008976788.0,20843.2,20844.2
1748008977067.0,20843.1,20844.1
1748008977332.0,20843.1,20844.1
1748008977605.0,20842.2,20843.2
1748008977654.0,20842.1,20843.1
1748008977739.0,20842.2,20843.2
1748008977902.0,20842.3,20843.3
1748008978150.0,20842.2,20843.2
1748008978352,,
1748008978457.0,20840.2,20841.2
1748008978622.0,20841.2,20842.2
1748008978919,,
1748008979169.0,20838.8,20839.8
1748008979443.0,20839.5,20840.5
1748008979743.0,20840.7,20841.7
1748008979961.0,20839.5,20840.5
1748008980252.0,20839.0,20840.0
1748008980307.0,20838.7,20839.7
1748008980449.0,20839.0,20840.0
1748008980790.0,20839.0,20840.0
1748008980993.0,20837.0,20838.0
1748008981291.0,20836.7,20837.7
1748008981554.0,20835.7,20836.7
1748008981855.0,20835.2,20836.2
1748008981906.0,20835.0,20836.0
1748008982116.0,20834.2,20835.2
1748008982165.0,20833.7,20834.7
1748008982366.0,20833.5,20834.5
1748008982615.0,20830.3,20831.3
1748008982920.0,20830.8,20831.8
1748008982965.0,20830.7,20831.7
1748008983166.0,20835.7,20836.7
1748008983417.0,20833.2,20834.2
1748008983716.0,20834.0,20835.0
1748008983916.0,20834.5,20835.5
1748008984030.0,20834.3,20835.3
1748008984219.0,20836.0,20837.0
1748008984518.0,20838.1,20839.1
1748008984746.0,20837.6,20838.6
1748008984805.0,20837.5,20838.5
1748008984996.0,20838.8,20839.8
1748008985250.0,20838.1,20839.1
1748008985503.0,20836.0,20837.0
1748008985808.0,20836.7,20837.7
1748008986106.0,20836.5,20837.5
1748008986316.0,20836.7,20837.7
1748008986598.0,20836.7,20837.7
1748008986892.0,20836.8,20837.8
1748008986940.0,20837.2,20838.2
1748008987139.0,20837.5,20838.5
1748008987440.0,20837.5,20838.5
1748008987674.0,20836.7,20837.7
1748008987923.0,20834.7,20835.7
1748008988237.0,20834.6,20835.6
1748008988467.0,20833.2,20834.2
1748008988518.0,20832.2,20833.2
1748008988768.0,20833.2,20834.2
1748008988998.0,20834.7,20835.7
1748008989049.0,20834.0,20835.0
1748008989305.0,20834.5,20835.5
1748008989557.0,20832.7,20833.7
1748008989808.0,20833.5,20834.5
1748008989857.0,20833.6,20834.6
1748008990097.0,20832.7,20833.7
1748008990297.0,20832.5,20833.5
1748008990595.0,20832.2,20833.2
1748008990695.0,20832.0,20833.0
1748008990897.0,20834.2,20835.2
1748008990945.0,20834.3,20835.3
1748008990999.0,20834.5,20835.5
1748008991170.0,20834.3,20835.3
1748008991371.0,20833.5,20834.5
1748008991498.0,20833.6,20834.6
1748008991695.0,20833.1,20834.1
1748008991909.0,20833.2,20834.2
1748008992158.0,20832.7,20833.7
1748008992419.0,20832.8,20833.8
1748008992518.0,20833.0,20834.0
1748008992718.0,20833.0,20834.0
1748008992766.0,20833.3,20834.3
1748008993003.0,20833.7,20834.7
1748008993049.0,20833.5,20834.5
1748008993204.0,20833.2,20834.2
1748008993428.0,20834.5,20835.5
1748008993781.0,20839.6,20840.6
1748008994082.0,20838.5,20839.5
1748008994306.0,20839.0,20840.0
1748008994552.0,20837.8,20838.8
1748008994648.0,20838.0,20839.0
1748008994846.0,20837.7,20838.7
1748008994915.0,20838.2,20839.2
1748008995097.0,20837.5,20838.5
1748008995197.0,20838.0,20839.0
1748008995398.0,20837.7,20838.7
1748008995657.0,20834.3,20835.3
1748008995897.0,20833.7,20834.7
1748008995947.0,20833.2,20834.2
1748008996154.0,20834.2,20835.2
1748008996465.0,20835.2,20836.2
1748008996729.0,20835.6,20836.6
1748008996780.0,20835.5,20836.5
1748008997007.0,20835.0,20836.0
1748008997260.0,20832.7,20833.7
1748008997284.0,20832.5,20833.5
1748008997529.0,20830.7,20831.7
1748008997778.0,20831.2,20832.2
1748008997841.0,20831.3,20832.3
1748008997991.0,20832.3,20833.3
1748008998327.0,20832.7,20833.7
1748008998377.0,20833.0,20834.0
1748008998580.0,20835.3,20836.3
1748008998861.0,20836.7,20837.7
1748008999079.0,20835.7,20836.7
1748008999178.0,20834.8,20835.8
1748008999379.0,20835.3,20836.3
1748008999583.0,20836.0,20837.0
1748008999679.0,20835.7,20836.7
1748008999890.0,20835.0,20836.0
1748008999977.0,20834.8,20835.8
1748009000177.0,20838.3,20839.3
1748009000427.0,20838.0,20839.0
1748009000656.0,20838.0,20839.0
1748009000955.0,20838.1,20839.1
1748009001006.0,20838.0,20839.0
1748009001106.0,20839.6,20840.6
1748009001510.0,20841.5,20842.5
1748009001755.0,20840.8,20841.8
1748009001957.0,20842.0,20843.0
1748009002258,,
1748009002353.0,20842.5,20843.5
1748009002565.0,20842.2,20843.2
1748009002612.0,20842.5,20843.5
1748009002715.0,20842.0,20843.0
1748009003065.0,20841.8,20842.8
1748009003379.0,20841.0,20842.0
1748009003630,,
1748009003675.0,20840.5,20841.5
1748009003886.0,20841.1,20842.1
1748009003936.0,20840.5,20841.5
1748009004139.0,20840.7,20841.7
1748009004239.0,20840.5,20841.5
1748009004437.0,20840.3,20841.3
1748009004486.0,20840.5,20841.5
1748009004706.0,20840.8,20841.8
1748009004750.0,20841.3,20842.3
1748009004950.0,20839.6,20840.6
1748009005218.0,20840.0,20841.0
1748009005273.0,20839.7,20840.7
1748009005477.0,20839.7,20840.7
1748009005726.0,20840.7,20841.7
1748009005975.0,20840.0,20841.0
1748009006064.0,20840.1,20841.1
1748009006254.0,20840.5,20841.5
1748009006550.0,20836.0,20837.0
1748009006806.0,20836.0,20837.0
1748009007052.0,20835.7,20836.7
1748009007105.0,20834.8,20835.8
1748009007253.0,20834.5,20835.5
1748009007400.0,20834.7,20835.7
1748009007607.0,20835.0,20836.0
1748009007664.0,20835.1,20836.1
1748009007879.0,20835.0,20836.0
1748009007927.0,20834.7,20835.7
1748009008078.0,20834.6,20835.6
1748009008381.0,20835.7,20836.7
1748009008595.0,20836.0,20837.0
1748009008728.0,20836.2,20837.2
1748009008874.0,20836.2,20837.2
1748009009188.0,20839.1,20840.1
1748009009464.0,20839.2,20840.2
1748009009528.0,20839.3,20840.3
1748009009679.0,20839.8,20840.8
1748009009993.0,20840.3,20841.3
1748009010024.0,20840.2,20841.2
1748009010277.0,20838.2,20839.2
1748009010525,,
1748009010775.0,20840.1,20841.1
1748009011004.0,20840.1,20841.1
1748009011108.0,20840.3,20841.3
1748009011329.0,20839.8,20840.8
1748009011586.0,20838.7,20839.7
1748009011636.0,20839.0,20840.0
1748009011842.0,20838.5,20839.5
1748009012115.0,20842.3,20843.3
1748009012379.0,20842.1,20843.1
1748009012430.0,20841.6,20842.6
1748009012630.0,20842.3,20843.3
1748009012910.0,20842.7,20843.7
1748009013110.0,20841.0,20842.0
1748009013227.0,20840.8,20841.8
1748009013476.0,20840.6,20841.6
1748009013541.0,20840.7,20841.7
1748009013741.0,20841.8,20842.8
1748009013926.0,20841.3,20842.3
1748009014241.0,20842.0,20843.0
1748009014490.0,20842.0,20843.0
1748009014765.0,20841.0,20842.0
1748009014950,,
1748009015268.0,20840.2,20841.2
1748009015564.0,20840.0,20841.0
1748009015613.0,20839.7,20840.7
1748009015851.0,20839.7,20840.7
1748009015905.0,20839.8,20840.8
1748009016107.0,20839.8,20840.8
1748009016155.0,20839.7,20840.7
1748009016375.0,20839.7,20840.7
1748009016424.0,20839.5,20840.5
1748009016574,,
1748009016675.0,20840.0,20841.0
1748009016879.0,20839.8,20840.8
1748009017154.0,20838.0,20839.0
1748009017404.0,20837.5,20838.5
1748009017709.0,20837.1,20838.1
1748009017759.0,20837.5,20838.5
1748009017964.0,20838.2,20839.2
1748009018217.0,20836.7,20837.7
1748009018263.0,20836.6,20837.6
1748009018512,,
1748009018758.0,20836.6,20837.6
1748009019008.0,20835.7,20836.7
1748009019236.0,20834.7,20835.7
1748009019546.0,20836.7,20837.7
1748009019795.0,20836.7,20837.7
1748009020071.0,20836.5,20837.5
1748009020368.0,20835.5,20836.5
1748009020469.0,20835.5,20836.5
1748009020898.0,20835.5,20836.5
1748009021120.0,20835.5,20836.5
1748009021432,,
1748009021483.0,20835.2,20836.2
1748009021683.0,20834.7,20835.7
1748009021734.0,20834.6,20835.6
1748009021954.0,20834.2,20835.2
1748009022204.0,20834.8,20835.8
1748009022449.0,20836.0,20837.0
1748009022746.0,20835.7,20836.7
1748009023034,,
1748009023287.0,20837.0,20838.0
1748009023561.0,20836.3,20837.3
1748009023806.0,20837.1,20838.1
1748009024095,,
1748009024358.0,20841.3,20842.3
1748009024588.0,20841.1,20842.1
1748009024884.0,20841.3,20842.3
1748009025110.0,20841.2,20842.2
1748009025358.0,20840.5,20841.5
1748009025636.0,20840.8,20841.8
1748009025737.0,20840.7,20841.7
1748009025836.0,20840.7,20841.7
1748009025988.0,20840.8,20841.8
1748009026167.0,20840.6,20841.6
1748009026473.0,20840.0,20841.0
1748009026724.0,20839.2,20840.2
1748009027010.0,20839.7,20840.7
1748009027255.0,20840.0,20841.0
1748009027540.0,20839.7,20840.7
1748009027796.0,20839.6,20840.6
1748009028042.0,20839.1,20840.1
1748009028300.0,20839.1,20840.1
1748009028385.0,20838.5,20839.5
1748009028604.0,20838.6,20839.6
1748009028671.0,20838.7,20839.7
1748009028821.0,20838.7,20839.7
1748009029117.0,20840.0,20841.0
1748009029364.0,20840.5,20841.5
1748009029629.0,20845.5,20846.5
1748009029829,,
1748009029945.0,20845.6,20846.6
1748009030189.0,20845.7,20846.7
1748009030237.0,20846.1,20847.1
1748009030437.0,20845.2,20846.2
1748009030696.0,20846.2,20847.2
1748009030997.0,20847.3,20848.3
1748009031246.0,20847.5,20848.5
1748009031295.0,20847.2,20848.2
1748009031495.0,20847.7,20848.7
1748009031546.0,20848.0,20849.0
1748009031746.0,20847.0,20848.0
1748009031843,,
1748009032045.0,20847.0,20848.0
1748009032110.0,20847.6,20848.6
1748009032306.0,20847.8,20848.8
1748009032559.0,20847.0,20848.0
1748009032607.0,20847.2,20848.2
1748009032808.0,20847.7,20848.7
1748009033121.0,20847.7,20848.7
1748009033323.0,20847.2,20848.2
1748009033420.0,20847.5,20848.5
1748009033570.0,20847.1,20848.1
1748009033871.0,20848.0,20849.0
1748009034177.0,20848.2,20849.2
1748009034226.0,20847.7,20848.7
1748009034436.0,20847.5,20848.5
1748009034485,,
1748009034707.0,20848.0,20849.0
1748009034772.0,20847.8,20848.8
1748009034921.0,20847.5,20848.5
1748009035033.0,20847.6,20848.6
1748009035233.0,20847.7,20848.7
1748009035503.0,20847.1,20848.1
1748009035736.0,20847.3,20848.3
1748009036015,,
1748009036055.0,20847.0,20848.0
1748009036306.0,20846.7,20847.7
1748009036505.0,20845.7,20846.7
1748009036830.0,20846.2,20847.2
1748009037078.0,20845.7,20846.7
1748009037331,,
1748009037381.0,20844.5,20845.5
1748009037530.0,20844.2,20845.2
1748009037891.0,20844.6,20845.6
1748009038134.0,20845.0,20846.0
1748009038185.0,20845.2,20846.2
1748009038387.0,20845.1,20846.1
1748009038654.0,20845.3,20846.3
1748009038704.0,20845.7,20846.7
1748009038924.0,20845.2,20846.2
1748009039224.0,20844.7,20845.7
1748009039324.0,20845.0,20846.0
1748009039472,,
1748009039721,,
1748009039972.0,20845.3,20846.3
1748009040277.0,20844.5,20845.5
1748009040525.0,20845.6,20846.6
1748009040813.0,20846.8,20847.8
1748009040863.0,20847.0,20848.0
1748009041066.0,20849.7,20850.7
1748009041116.0,20851.5,20852.5
1748009041319.0,20850.3,20851.3
1748009041619.0,20851.6,20852.6
1748009041838.0,20854.6,20855.6
1748009042119.0,20856.0,20857.0
1748009042419.0,20858.0,20859.0
1748009042469.0,20857.5,20858.5
1748009042668.0,20858.3,20859.3
1748009042739.0,20857.8,20858.8
1748009042918.0,20858.6,20859.6
1748009043169.0,20858.0,20859.0
1748009043471.0,20860.2,20861.2
1748009043719.0,20863.3,20864.3
1748009043792.0,20863.2,20864.2
1748009043972.0,20861.2,20862.2
1748009044021.0,20861.0,20862.0
1748009044268,,
1748009044535.0,20859.0,20860.0
1748009044779.0,20859.1,20860.1
1748009044979.0,20861.2,20862.2
1748009045082.0,20861.5,20862.5
1748009045332.0,20860.3,20861.3
1748009045380.0,20860.5,20861.5
1748009045577,,
1748009045637.0,20860.7,20861.7
1748009045829.0,20861.3,20862.3
1748009046137.0,20860.2,20861.2
1748009046181.0,20859.2,20860.2
1748009046379.0,20858.8,20859.8
1748009046428.0,20858.3,20859.3
1748009046629.0,20859.5,20860.5
1748009046680.0,20859.7,20860.7
1748009046929.0,20860.8,20861.8
1748009047180.0,20862.0,20863.0
1748009047229.0,20862.2,20863.2
1748009047429.0,20862.2,20863.2
1748009047616.0,20862.2,20863.2
1748009047752.0,20862.5,20863.5
1748009047959,,
1748009048251.0,20860.7,20861.7
1748009048450.0,20860.8,20861.8
1748009048552,,
1748009048757.0,20861.5,20862.5
1748009048806.0,20861.7,20862.7
1748009049054,,
1748009049306.0,20861.5,20862.5
1748009049551.0,20861.3,20862.3
1748009049799.0,20861.5,20862.5
1748009049899,,
1748009050107.0,20863.8,20864.8
1748009050370.0,20864.5,20865.5
1748009050606.0,20864.2,20865.2
1748009050914.0,20861.5,20862.5
1748009050962.0,20861.7,20862.7
1748009051115.0,20863.0,20864.0
1748009051433.0,20863.6,20864.6
1748009051484.0,20863.5,20864.5
1748009051683.0,20862.7,20863.7
1748009051732.0,20862.0,20863.0
1748009051883.0,20862.5,20863.5
1748009051982.0,20862.0,20863.0
1748009052235.0,20862.7,20863.7
1748009052486.0,20862.0,20863.0
1748009052550.0,20862.2,20863.2
1748009052734.0,20861.7,20862.7
1748009053033.0,20862.3,20863.3
1748009053265.0,20862.0,20863.0
1748009053566.0,20861.5,20862.5
1748009053811.0,20860.3,20861.3
1748009054064.0,20859.7,20860.7
1748009054111.0,20860.0,20861.0
1748009054361.0,20858.5,20859.5
1748009054611.0,20858.7,20859.7
1748009054662.0,20859.1,20860.1
1748009054861.0,20859.7,20860.7
1748009054911.0,20859.6,20860.6
1748009055160.0,20859.7,20860.7
1748009055412.0,20860.8,20861.8
1748009055613.0,20860.0,20861.0
1748009055866.0,20858.5,20859.5
1748009055973.0,20858.6,20859.6
1748009056222,,
1748009056485.0,20859.5,20860.5
1748009056536.0,20860.0,20861.0
1748009056736.0,20859.7,20860.7
1748009056986.0,20859.5,20860.5
1748009057257.0,20859.5,20860.5
1748009057507.0,20857.8,20858.8
1748009057818.0,20855.0,20856.0
1748009058056,,
1748009058257.0,20853.3,20854.3
1748009058593.0,20853.3,20854.3
1748009058651.0,20853.5,20854.5
1748009058813.0,20852.6,20853.6
1748009058913.0,20852.7,20853.7
1748009059133.0,20853.7,20854.7
1748009059181.0,20853.5,20854.5
1748009059385.0,20854.3,20855.3
1748009059632.0,20853.2,20854.2
1748009059933.0,20852.1,20853.1
1748009060184.0,20853.2,20854.2
1748009060465.0,20851.6,20852.6
1748009060718.0,20852.0,20853.0
1748009060965.0,20852.0,20853.0
1748009061017.0,20852.6,20853.6
1748009061270.0,20855.3,20856.3
1748009061484.0,20854.6,20855.6
1748009061791.0,20853.6,20854.6
1748009062034.0,20852.8,20853.8
1748009062284.0,20854.3,20855.3
1748009062551.0,20854.3,20855.3
1748009062604.0,20855.2,20856.2
1748009062851.0,20856.5,20857.5
1748009062899.0,20855.8,20856.8
1748009063100.0,20856.0,20857.0
1748009063370.0,20855.2,20856.2
1748009063399.0,20855.0,20856.0
1748009063604.0,20854.2,20855.2
1748009063904.0,20855.2,20856.2
1748009064107.0,20856.5,20857.5
1748009064452.0,20858.5,20859.5
1748009064606.0,20860.2,20861.2
1748009064941.0,20859.6,20860.6
1748009065230.0,20858.7,20859.7
1748009065498.0,20858.5,20859.5
1748009065550.0,20858.2,20859.2
1748009065766.0,20859.7,20860.7
1748009065809.0,20858.7,20859.7
1748009066010.0,20858.5,20859.5
1748009066281.0,20857.8,20858.8
1748009066551.0,20859.0,20860.0
1748009066606.0,20858.0,20859.0
1748009066705.0,20857.5,20858.5
1748009067109.0,20857.5,20858.5
1748009067364.0,20857.5,20858.5
1748009067577.0,20858.3,20859.3
1748009067660.0,20858.5,20859.5
1748009067833.0,20858.2,20859.2
1748009068134.0,20858.2,20859.2
1748009068236.0,20858.3,20859.3
1748009068435.0,20858.2,20859.2
1748009068485.0,20859.2,20860.2
1748009068635.0,20859.2,20860.2
1748009068883.0,20858.0,20859.0
1748009069217.0,20857.7,20858.7
1748009069473.0,20858.5,20859.5
1748009069575,,
1748009069726.0,20860.3,20861.3
1748009069952.0,20860.5,20861.5
1748009070254.0,20862.0,20863.0
1748009070306.0,20861.5,20862.5
1748009070559.0,20862.1,20863.1
1748009070813.0,20862.1,20863.1
1748009070863.0,20862.2,20863.2
1748009071080.0,20862.3,20863.3
1748009071319.0,20862.6,20863.6
1748009071628.0,20862.3,20863.3
1748009071896.0,20862.2,20863.2
1748009072095.0,20869.0,20870.0
1748009072409.0,20870.2,20871.2
1748009072696.0,20871.6,20872.6
1748009072744.0,20872.1,20873.1
1748009072945.0,20871.7,20872.7
1748009073198.0,20872.7,20873.7
1748009073445.0,20871.0,20872.0
1748009073746.0,20869.1,20870.1
1748009073796.0,20869.5,20870.5
1748009073996.0,20869.0,20870.0
1748009074247.0,20870.7,20871.7
1748009074546.0,20877.0,20878.0
1748009074595.0,20877.8,20878.8
1748009074796.0,20877.5,20878.5
1748009074846.0,20877.1,20878.1
1748009075046.0,20878.2,20879.2
1748009075344.0,20877.6,20878.6
1748009075597.0,20879.0,20880.0
1748009075845.0,20879.1,20880.1
1748009076148.0,20880.0,20881.0
1748009076347.0,20877.7,20878.7
1748009076455.0,20879.1,20880.1
1748009076647.0,20880.5,20881.5
1748009076699.0,20880.3,20881.3
1748009076947.0,20879.3,20880.3
1748009076999.0,20879.5,20880.5
1748009077197,,
1748009077448.0,20875.6,20876.6
1748009077647.0,20876.6,20877.6
1748009077765.0,20876.0,20877.0
1748009077999.0,20875.7,20876.7
1748009078248.0,20876.7,20877.7
1748009078300.0,20876.3,20877.3
1748009078500.0,20876.0,20877.0
1748009078597.0,20875.7,20876.7
1748009078812.0,20876.2,20877.2
1748009078847.0,20875.7,20876.7
1748009078997.0,20875.6,20876.6
1748009079349.0,20873.6,20874.6
1748009079598.0,20873.1,20874.1
1748009079647.0,20874.3,20875.3
1748009079848.0,20873.3,20874.3
1748009080151.0,20868.8,20869.8
1748009080406.0,20868.1,20869.1
1748009080451.0,20869.1,20870.1
1748009080658.0,20868.8,20869.8
1748009080950.0,20869.0,20870.0
1748009081208.0,20868.8,20869.8
1748009081251.0,20870.0,20871.0
1748009081458.0,20869.6,20870.6
1748009081710.0,20870.0,20871.0
1748009082010.0,20871.1,20872.1
1748009082260.0,20871.0,20872.0
1748009082460.0,20870.2,20871.2
1748009082790.0,20871.3,20872.3
1748009083045.0,20871.5,20872.5
1748009083093.0,20871.0,20872.0
1748009083293.0,20871.7,20872.7
1748009083599,,
1748009083859.0,20872.7,20873.7
1748009084138,,
1748009084413.0,20871.2,20872.2
1748009084453.0,20872.2,20873.2
1748009084660.0,20873.2,20874.2
1748009084707.0,20873.0,20874.0
1748009084907.0,20873.5,20874.5
1748009085206.0,20874.3,20875.3
1748009085255.0,20874.2,20875.2
1748009085454.0,20874.2,20875.2
1748009085505.0,20874.1,20875.1
1748009085706.0,20872.7,20873.7
1748009085957.0,20871.5,20872.5
1748009086257.0,20873.2,20874.2
1748009086305.0,20873.5,20874.5
1748009086505.0,20873.5,20874.5
1748009086808.0,20874.8,20875.8
1748009087055.0,20874.0,20875.0
1748009087108.0,20872.8,20873.8
1748009087259.0,20870.8,20871.8
1748009087556.0,20870.7,20871.7
1748009087859.0,20870.2,20871.2
1748009088108.0,20868.8,20869.8
1748009088156.0,20868.2,20869.2
1748009088392.0,20869.5,20870.5
1748009088626.0,20871.5,20872.5
1748009088723,,
1748009088924.0,20871.7,20872.7
1748009089175.0,20872.0,20873.0
1748009089425.0,20873.2,20874.2
1748009089728.0,20875.7,20876.7
1748009089977.0,20875.7,20876.7
1748009090226.0,20875.7,20876.7
1748009090280,,
1748009090526.0,20875.0,20876.0
1748009090724.0,20875.0,20876.0
1748009090827.0,20874.7,20875.7
1748009091025.0,20875.0,20876.0
1748009091328.0,20875.2,20876.2
1748009091574.0,20875.0,20876.0
1748009091826.0,20875.2,20876.2
1748009092080.0,20875.8,20876.8
1748009092381.0,20876.1,20877.1
1748009092427.0,20876.0,20877.0
1748009092631.0,20875.5,20876.5
1748009092689.0,20875.6,20876.6
1748009092878.0,20875.2,20876.2
1748009093188.0,20876.2,20877.2
1748009093230.0,20876.5,20877.5
1748009093430.0,20875.2,20876.2
1748009093679.0,20873.3,20874.3
1748009093931.0,20873.3,20874.3
1748009094032.0,20873.0,20874.0
1748009094229.0,20873.2,20874.2
1748009094488.0,20873.3,20874.3
1748009094529.0,20873.5,20874.5
1748009094785.0,20872.5,20873.5
1748009094832.0,20872.7,20873.7
1748009095029.0,20872.8,20873.8
1748009095231.0,20873.2,20874.2
1748009095331.0,20872.8,20873.8
1748009095582.0,20873.6,20874.6
1748009095785.0,20873.7,20874.7
1748009095854.0,20873.6,20874.6
1748009096106.0,20874.0,20875.0
1748009096282.0,20874.2,20875.2
1748009096432.0,20874.2,20875.2
1748009096632.0,20874.1,20875.1
1748009096884.0,20873.7,20874.7
1748009097133.0,20874.0,20875.0
1748009097433.0,20873.1,20874.1
1748009097483.0,20873.2,20874.2
1748009097684.0,20874.5,20875.5
1748009097949.0,20874.2,20875.2
1748009098151.0,20873.5,20874.5
1748009098273.0,20873.3,20874.3
1748009098464.0,20873.0,20874.0
1748009098540.0,20872.8,20873.8
1748009098692.0,20872.8,20873.8
1748009098792.0,20873.2,20874.2
1748009099025.0,20873.2,20874.2
1748009099076.0,20873.1,20874.1
1748009099280.0,20872.1,20873.1
1748009099326.0,20872.3,20873.3
1748009099551.0,20872.2,20873.2
1748009099604.0,20872.1,20873.1
1748009099805.0,20872.0,20873.0
1748009100060.0,20871.3,20872.3
1748009100359.0,20874.5,20875.5
1748009100617.0,20874.2,20875.2
1748009100889.0,20873.0,20874.0
1748009100939.0,20872.8,20873.8
1748009101140.0,20874.2,20875.2
1748009101338.0,20874.5,20875.5
1748009101686.0,20875.1,20876.1
1748009101945.0,20875.5,20876.5
1748009102144.0,20875.7,20876.7
1748009102450,,
1748009102506.0,20876.0,20877.0
1748009102750.0,20874.7,20875.7
1748009102775.0,20875.5,20876.5
1748009103009.0,20875.0,20876.0
1748009103060.0,20875.7,20876.7
1748009103263.0,20875.0,20876.0
1748009103308,,
1748009103562.0,20875.2,20876.2
1748009103826.0,20875.2,20876.2
1748009104077.0,20875.1,20876.1
1748009104325.0,20874.2,20875.2
1748009104576.0,20872.2,20873.2
1748009104806.0,20873.0,20874.0
1748009104905.0,20872.5,20873.5
1748009105106.0,20873.1,20874.1
1748009105205.0,20873.0,20874.0
1748009105404.0,20872.2,20873.2
1748009105651.0,20873.2,20874.2
1748009105706.0,20872.8,20873.8
1748009105953.0,20870.2,20871.2
1748009106191,,
1748009106491.0,20871.8,20872.8
1748009106748.0,20871.1,20872.1
1748009106993.0,20869.7,20870.7
1748009107254.0,20870.5,20871.5
1748009107518.0,20871.5,20872.5
1748009107720.0,20871.1,20872.1
1748009107830.0,20871.2,20872.2
1748009108080.0,20874.2,20875.2
1748009108279.0,20875.2,20876.2
1748009108580.0,20873.8,20874.8
1748009108631.0,20874.1,20875.1
1748009108878.0,20874.0,20875.0
1748009108960.0,20874.1,20875.1
1748009109112.0,20873.0,20874.0
1748009109411.0,20872.7,20873.7
1748009109560.0,20873.7,20874.7
1748009109941.0,20873.0,20874.0
1748009110143.0,20873.5,20874.5
1748009110449.0,20872.5,20873.5
1748009110713.0,20872.8,20873.8
1748009110983,,
1748009111240.0,20873.1,20874.1
1748009111489.0,20874.0,20875.0
1748009111791.0,20872.5,20873.5
1748009111841.0,20871.7,20872.7
1748009112029.0,20871.2,20872.2
1748009112347.0,20870.5,20871.5
1748009112584.0,20871.0,20872.0
1748009112880.0,20872.0,20873.0
1748009113132.0,20870.6,20871.6
1748009113180,,
1748009113430.0,20870.2,20871.2
1748009113680.0,20870.6,20871.6
1748009113729.0,20870.5,20871.5
1748009113929.0,20869.2,20870.2
1748009113980.0,20869.0,20870.0
1748009114180.0,20869.2,20870.2
1748009114485.0,20870.0,20871.0
1748009114735.0,20870.3,20871.3
1748009114996.0,20869.0,20870.0
1748009115247.0,20867.2,20868.2
1748009115546,,
1748009115796,,
1748009115851.0,20866.7,20867.7
1748009116077.0,20867.8,20868.8
1748009116346.0,20867.1,20868.1
1748009116397.0,20867.2,20868.2
1748009116547.0,20865.7,20866.7
1748009116650.0,20865.2,20866.2
1748009116796.0,20865.0,20866.0
1748009117105,,
1748009117406.0,20863.5,20864.5
1748009117452.0,20863.2,20864.2
1748009117652.0,20864.5,20865.5
1748009117910.0,20865.0,20866.0
1748009118209.0,20869.2,20870.2
1748009118458.0,20870.5,20871.5
1748009118520.0,20870.2,20871.2
1748009118711.0,20871.7,20872.7
1748009118761.0,20871.0,20872.0
1748009119009.0,20869.0,20870.0
1748009119064.0,20869.5,20870.5
1748009119259.0,20869.2,20870.2
1748009119309.0,20869.5,20870.5
1748009119462.0,20870.7,20871.7
1748009119812.0,20870.5,20871.5
1748009119865.0,20870.3,20871.3
1748009120070.0,20870.2,20871.2
1748009120311.0,20870.8,20871.8
1748009120361.0,20871.0,20872.0
1748009120612.0,20870.5,20871.5
1748009120822.0,20868.5,20869.5
1748009120886.0,20868.6,20869.6
1748009121085.0,20868.2,20869.2
1748009121385,,
1748009121635,,
1748009121918.0,20869.2,20870.2
1748009122198.0,20869.2,20870.2
1748009122468.0,20869.5,20870.5
1748009122518.0,20869.2,20870.2
1748009122719.0,20869.8,20870.8
1748009123009,,
1748009123259.0,20868.7,20869.7
1748009123509.0,20868.5,20869.5
1748009123710.0,20868.6,20869.6
1748009124061.0,20863.5,20864.5
1748009124089,,
1748009124338.0,20863.6,20864.6
1748009124437.0,20863.6,20864.6
1748009124866.0,20861.7,20862.7
1748009124918.0,20860.8,20861.8
1748009125118.0,20862.1,20863.1
1748009125179.0,20861.8,20862.8
1748009125371.0,20863.1,20864.1
1748009125417.0,20862.5,20863.5
1748009125667.0,20861.5,20862.5
1748009125716.0,20862.0,20863.0
1748009125917.0,20862.0,20863.0
1748009126170.0,20863.2,20864.2
1748009126223.0,20863.0,20864.0
1748009126465.0,20863.2,20864.2
1748009126516.0,20863.5,20864.5
1748009126718.0,20860.2,20861.2
1748009126783.0,20859.3,20860.3
1748009126968.0,20859.6,20860.6
1748009127217.0,20859.5,20860.5
1748009127518.0,20860.7,20861.7
1748009127789.0,20861.5,20862.5
1748009127819.0,20862.8,20863.8
1748009128019.0,20861.1,20862.1
1748009128072.0,20861.5,20862.5
1748009128318.0,20860.7,20861.7
1748009128519.0,20861.5,20862.5
1748009128827.0,20862.3,20863.3
1748009128870.0,20862.5,20863.5
1748009129120.0,20863.2,20864.2
1748009129168.0,20863.5,20864.5
1748009129320.0,20863.3,20864.3
1748009129628,,
1748009129869.0,20864.8,20865.8
1748009130122.0,20863.0,20864.0
1748009130430.0,20864.7,20865.7
1748009130469.0,20866.7,20867.7
1748009130681.0,20865.0,20866.0
1748009130987.0,20866.0,20867.0
1748009131131,,
1748009131281,,
1748009131482.0,20865.5,20866.5
1748009131683.0,20864.7,20865.7
1748009132030.0,20864.5,20865.5
1748009132279.0,20863.7,20864.7
1748009132529.0,20864.7,20865.7
1748009132631.0,20864.8,20865.8
1748009132842.0,20864.6,20865.6
1748009133081.0,20865.6,20866.6
1748009133132.0,20865.7,20866.7
1748009133332.0,20866.2,20867.2
1748009133583.0,20865.1,20866.1
1748009133881.0,20864.5,20865.5
1748009133930.0,20864.8,20865.8
1748009134109.0,20865.7,20866.7
1748009134182.0,20865.5,20866.5
1748009134409.0,20866.5,20867.5
1748009134448.0,20866.6,20867.6
1748009134663.0,20866.3,20867.3
1748009134712.0,20866.5,20867.5
1748009134963.0,20866.2,20867.2
1748009135207.0,20865.5,20866.5
1748009135255.0,20865.2,20866.2
1748009135469.0,20866.2,20867.2
1748009135522.0,20866.0,20867.0
1748009135777.0,20865.2,20866.2
1748009135875.0,20864.7,20865.7
1748009136230.0,20863.5,20864.5
1748009136522.0,20863.8,20864.8
1748009136823.0,20865.5,20866.5
1748009136874.0,20865.2,20866.2
1748009137076.0,20865.7,20866.7
1748009137124.0,20865.5,20866.5
1748009137325.0,20865.8,20866.8
1748009137627.0,20868.2,20869.2
1748009137876.0,20867.5,20868.5
1748009137925.0,20868.2,20869.2
1748009138149.0,20868.6,20869.6
1748009138379.0,20868.5,20869.5
1748009138693.0,20869.7,20870.7
1748009138744.0,20869.5,20870.5
1748009138946.0,20868.2,20869.2
1748009139193.0,20866.7,20867.7
1748009139494,,
1748009139554.0,20867.6,20868.6
1748009139763.0,20867.7,20868.7
1748009139814.0,20867.5,20868.5
1748009139963.0,20867.7,20868.7
1748009140271.0,20866.6,20867.6
1748009140519.0,20865.6,20866.6
1748009140568.0,20865.5,20866.5
1748009140771.0,20865.7,20866.7
1748009141043.0,20866.7,20867.7
1748009141142.0,20867.1,20868.1
1748009141356.0,20866.6,20867.6
1748009141412.0,20866.5,20867.5
1748009141607.0,20866.2,20867.2
1748009141655.0,20865.8,20866.8
1748009141807.0,20865.2,20866.2
1748009142107.0,20865.3,20866.3
1748009142157.0,20865.2,20866.2
1748009142383,,
1748009142681.0,20865.2,20866.2
1748009142728.0,20865.0,20866.0
1748009142929.0,20864.7,20865.7
1748009143178.0,20864.5,20865.5
1748009143480.0,20865.3,20866.3
1748009143528.0,20865.6,20866.6
1748009143635.0,20865.6,20866.6
1748009143806.0,20865.5,20866.5
1748009143954.0,20865.5,20866.5
1748009144216.0,20865.5,20866.5
1748009144345.0,20865.3,20866.3
1748009144544.0,20865.5,20866.5
1748009144745.0,20866.6,20867.6
1748009145050.0,20866.5,20867.5
1748009145097.0,20866.2,20867.2
1748009145251.0,20865.3,20866.3
1748009145613.0,20864.5,20865.5
1748009145657.0,20864.7,20865.7
1748009145811.0,20864.2,20865.2
1748009145907.0,20864.0,20865.0
1748009146134,,
1748009146392.0,20862.8,20863.8
1748009146443.0,20862.7,20863.7
1748009146692.0,20862.5,20863.5
1748009146743.0,20862.7,20863.7
1748009146924.0,20863.0,20864.0
1748009146976.0,20863.2,20864.2
1748009147195.0,20862.8,20863.8
1748009147245.0,20863.0,20864.0
1748009147448.0,20864.0,20865.0
1748009147745.0,20864.2,20865.2
1748009147846.0,20864.2,20865.2
1748009148239.0,20864.5,20865.5
1748009148340.0,20864.7,20865.7
1748009148533,,
1748009148835.0,20864.5,20865.5
1748009148885.0,20864.2,20865.2
1748009149105.0,20864.2,20865.2
1748009149344.0,20863.8,20864.8
1748009149651.0,20865.0,20866.0
1748009149704.0,20864.7,20865.7
1748009149903.0,20864.8,20865.8
1748009149951.0,20864.7,20865.7
1748009150172.0,20865.3,20866.3
1748009150423.0,20868.3,20869.3
1748009150674.0,20869.1,20870.1
1748009150723.0,20869.0,20870.0
1748009150973.0,20870.0,20871.0
1748009151241.0,20870.5,20871.5
1748009151509.0,20868.5,20869.5
1748009151789.0,20869.5,20870.5
1748009152045.0,20870.3,20871.3
1748009152310.0,20869.2,20870.2
1748009152391.0,20869.0,20870.0
1748009152588.0,20869.6,20870.6
1748009152788.0,20869.6,20870.6
1748009152888.0,20869.1,20870.1
1748009153086.0,20869.5,20870.5
1748009153137.0,20869.2,20870.2
1748009153389.0,20868.1,20869.1
1748009153587.0,20868.2,20869.2
1748009153907.0,20869.2,20870.2
1748009154119.0,20869.2,20870.2
1748009154217.0,20869.0,20870.0
1748009154366.0,20869.5,20870.5
1748009154694.0,20869.5,20870.5
1748009154995.0,20870.2,20871.2
1748009155246.0,20869.3,20870.3
1748009155314.0,20869.7,20870.7
1748009155536.0,20869.3,20870.3
1748009155789.0,20871.2,20872.2
1748009155844.0,20870.5,20871.5
1748009155990.0,20870.7,20871.7
1748009156310.0,20870.8,20871.8
1748009156358.0,20870.7,20871.7
1748009156583.0,20872.0,20873.0
1748009156836.0,20873.5,20874.5
1748009156884.0,20874.2,20875.2
1748009157132.0,20874.2,20875.2
1748009157181.0,20874.5,20875.5
1748009157387.0,20874.1,20875.1
1748009157640.0,20872.8,20873.8
1748009157914.0,20880.2,20881.2
1748009158145.0,20880.2,20881.2
1748009158246.0,20879.0,20880.0
1748009158449.0,20879.0,20880.0
1748009158690.0,20878.3,20879.3
1748009158990.0,20877.5,20878.5
1748009159189.0,20877.8,20878.8
1748009159289.0,20878.2,20879.2
1748009159489.0,20878.5,20879.5
1748009159756.0,20878.3,20879.3
1748009160054.0,20878.7,20879.7
1748009160108.0,20877.7,20878.7
1748009160308.0,20875.7,20876.7
1748009160561.0,20875.6,20876.6
1748009160854.0,20875.7,20876.7
1748009160906.0,20875.2,20876.2
1748009161106.0,20875.6,20876.6
1748009161306.0,20876.7,20877.7
1748009161652.0,20875.0,20876.0
1748009161905.0,20875.7,20876.7
1748009162158.0,20874.8,20875.8
1748009162437,,
1748009162684,,
1748009162986.0,20874.7,20875.7
1748009163037.0,20874.5,20875.5
1748009163249.0,20875.1,20876.1
1748009163287.0,20875.5,20876.5
1748009163498.0,20875.3,20876.3
1748009163789.0,20876.2,20877.2
1748009163840.0,20875.5,20876.5
1748009164061.0,20875.1,20876.1
1748009164290.0,20876.0,20877.0
1748009164337,,
1748009164588.0,20875.2,20876.2
1748009164828.0,20875.1,20876.1
1748009165081.0,20875.0,20876.0
1748009165132,,
1748009165382.0,20875.0,20876.0
1748009165637.0,20874.5,20875.5
1748009165892.0,20875.7,20876.7
1748009166184.0,20875.2,20876.2
1748009166456.0,20875.2,20876.2
1748009166506.0,20875.5,20876.5
1748009166703.0,20876.0,20877.0
1748009166767.0,20875.8,20876.8
1748009166937.0,20875.7,20876.7
1748009167011.0,20875.8,20876.8
1748009167210.0,20875.5,20876.5
1748009167509.0,20875.6,20876.6
1748009167785.0,20874.7,20875.7
1748009167933.0,20873.2,20874.2
1748009168279.0,20873.5,20874.5
1748009168537.0,20873.7,20874.7
1748009168598.0,20873.8,20874.8
1748009168846.0,20875.1,20876.1
1748009168905.0,20875.0,20876.0
1748009169106,,
1748009169163.0,20874.6,20875.6
1748009169371.0,20874.5,20875.5
1748009169649.0,20874.2,20875.2
1748009169919.0,20874.5,20875.5
1748009170159.0,20875.0,20876.0
1748009170415.0,20879.7,20880.7
1748009170660.0,20878.7,20879.7
1748009170962,,
1748009171222.0,20880.0,20881.0
1748009171479.0,20880.0,20881.0
1748009171777.0,20879.5,20880.5
1748009172029.0,20877.7,20878.7
1748009172279.0,20878.0,20879.0
1748009172577.0,20877.1,20878.1
1748009172626.0,20877.3,20878.3
1748009172836.0,20877.1,20878.1
1748009172886.0,20877.3,20878.3
1748009173097.0,20877.7,20878.7
1748009173155.0,20878.0,20879.0
1748009173344.0,20878.7,20879.7
1748009173596.0,20883.3,20884.3
1748009173899.0,20881.8,20882.8
1748009173947.0,20882.7,20883.7
1748009174147,,
1748009174396.0,20881.7,20882.7
1748009174494,,
1748009174697.0,20882.2,20883.2
1748009174967.0,20882.7,20883.7
1748009174994.0,20882.5,20883.5
1748009175213.0,20881.6,20882.6
1748009175462.0,20881.0,20882.0
1748009175735.0,20882.2,20883.2
1748009176030.0,20882.5,20883.5
1748009176078.0,20882.1,20883.1
1748009176281.0,20881.1,20882.1
1748009176529.0,20880.2,20881.2
1748009176779.0,20879.7,20880.7
1748009177099.0,20879.7,20880.7
1748009177148.0,20879.5,20880.5
1748009177349.0,20880.0,20881.0
1748009177620.0,20881.2,20882.2
1748009177799.0,20881.5,20882.5
1748009178142.0,20882.5,20883.5
1748009178389.0,20882.7,20883.7
1748009178687.0,20881.2,20882.2
1748009178738.0,20881.5,20882.5
1748009178914.0,20881.5,20882.5
1748009179014.0,20881.7,20882.7
1748009179213.0,20882.7,20883.7
1748009179464.0,20881.7,20882.7
1748009179716.0,20881.7,20882.7
1748009180020.0,20882.5,20883.5
1748009180215,,
1748009180515.0,20883.5,20884.5
1748009180818.0,20882.7,20883.7
1748009180868.0,20882.6,20883.6
1748009181069.0,20882.3,20883.3
1748009181117.0,20882.2,20883.2
1748009181335.0,20881.8,20882.8
1748009181576.0,20881.7,20882.7
1748009181883.0,20880.2,20881.2
1748009181930.0,20880.0,20881.0
1748009182378.0,20881.3,20882.3
1748009182426.0,20881.6,20882.6
1748009182680.0,20881.5,20882.5
1748009182729.0,20882.3,20883.3
1748009182912,,
1748009182963.0,20882.0,20883.0
1748009183166.0,20881.5,20882.5
1748009183456.0,20882.7,20883.7
1748009183736.0,20882.0,20883.0
1748009183935.0,20882.2,20883.2
1748009184273.0,20881.7,20882.7
1748009184324.0,20880.7,20881.7
1748009184524.0,20880.7,20881.7
1748009184573.0,20881.5,20882.5
1748009184725.0,20880.7,20881.7
1748009184858.0,20880.6,20881.6
1748009185007.0,20880.5,20881.5
1748009185308.0,20878.5,20879.5
1748009185556.0,20878.1,20879.1
1748009185872.0,20877.2,20878.2
1748009186137.0,20876.7,20877.7
1748009186404,,
1748009186586.0,20875.6,20876.6
1748009186867.0,20876.5,20877.5
1748009187168.0,20878.2,20879.2
1748009187466,,
1748009187519.0,20879.3,20880.3
1748009187717.0,20880.0,20881.0
1748009187934.0,20880.6,20881.6
1748009188224.0,20878.8,20879.8
1748009188524.0,20878.0,20879.0
1748009188575.0,20878.6,20879.6
1748009188724.0,20877.5,20878.5
1748009189022,,
1748009189318.0,20876.2,20877.2
1748009189558.0,20876.0,20877.0
1748009189605.0,20875.8,20876.8
1748009189855.0,20877.2,20878.2
1748009190130.0,20875.7,20876.7
1748009190393.0,20877.6,20878.6
1748009190641.0,20876.5,20877.5
1748009190693.0,20877.0,20878.0
1748009190891.0,20877.3,20878.3
1748009191195.0,20877.0,20878.0
1748009191242.0,20876.7,20877.7
1748009191467.0,20876.2,20877.2
1748009191719.0,20876.2,20877.2
1748009191770.0,20876.3,20877.3
1748009191992,,
1748009192245.0,20876.0,20877.0
1748009192460.0,20876.7,20877.7
1748009192719.0,20876.5,20877.5
1748009192829.0,20876.6,20877.6
1748009192929.0,20876.3,20877.3
1748009193329.0,20877.3,20878.3
1748009193578.0,20878.7,20879.7
1748009193829.0,20878.5,20879.5
1748009194130.0,20877.7,20878.7
1748009194379,,
1748009194429.0,20877.0,20878.0
1748009194634,,
1748009194682.0,20877.0,20878.0
1748009194835.0,20877.7,20878.7
1748009194938.0,20877.5,20878.5
1748009195187.0,20877.2,20878.2
1748009195435.0,20877.7,20878.7
1748009195536.0,20877.6,20878.6
1748009195696.0,20877.7,20878.7
1748009195990.0,20876.6,20877.6
1748009196260.0,20878.5,20879.5
1748009196510.0,20878.1,20879.1
1748009196760.0,20878.5,20879.5
1748009196810.0,20879.0,20880.0
1748009197235.0,20878.5,20879.5
1748009197584.0,20878.2,20879.2
1748009197633.0,20878.0,20879.0
1748009197783.0,20878.7,20879.7
1748009198094.0,20879.0,20880.0
1748009198344.0,20877.7,20878.7
1748009198644.0,20877.6,20878.6
1748009198694.0,20877.5,20878.5
1748009198894.0,20878.5,20879.5
1748009198943.0,20878.6,20879.6
1748009199145,,
1748009199446.0,20877.1,20878.1
1748009199495.0,20877.2,20878.2
1748009199644.0,20877.3,20878.3
1748009199744.0,20877.5,20878.5
1748009199945.0,20877.7,20878.7
1748009200247.0,20877.5,20878.5
1748009200295.0,20877.2,20878.2
1748009200507.0,20877.2,20878.2
1748009200768.0,20877.5,20878.5
1748009200845.0,20877.3,20878.3
1748009200995.0,20876.5,20877.5
1748009201306.0,20877.0,20878.0
1748009201559.0,20876.8,20877.8
1748009201807.0,20876.8,20877.8
1748009201856.0,20876.5,20877.5
1748009202110.0,20876.7,20877.7
1748009202158.0,20876.2,20877.2
1748009202356.0,20876.3,20877.3
1748009202612.0,20877.0,20878.0
1748009202906.0,20877.3,20878.3
1748009203153.0,20876.5,20877.5
1748009203206.0,20876.6,20877.6
1748009203406.0,20876.5,20877.5
1748009203707.0,20876.0,20877.0
1748009203931.0,20875.7,20876.7
1748009204226.0,20876.0,20877.0
1748009204298.0,20877.0,20878.0
1748009204496.0,20877.5,20878.5
1748009204747.0,20877.2,20878.2
1748009204849.0,20877.1,20878.1
1748009205004.0,20877.3,20878.3
1748009205254.0,20876.7,20877.7
1748009205556.0,20877.2,20878.2
1748009205604.0,20879.0,20880.0
1748009205807.0,20879.8,20880.8
1748009206108.0,20880.6,20881.6
1748009206353.0,20881.1,20882.1
1748009206632.0,20882.2,20883.2
1748009206681.0,20882.0,20883.0
1748009206882.0,20882.2,20883.2
1748009207182.0,20881.7,20882.7
1748009207439.0,20882.3,20883.3
1748009207689.0,20885.1,20886.1
1748009207951.0,20884.2,20885.2
1748009208251.0,20884.1,20885.1
1748009208306.0,20883.5,20884.5
1748009208504.0,20883.7,20884.7
1748009208552.0,20884.0,20885.0
1748009208749.0,20884.0,20885.0
1748009209053.0,20884.0,20885.0
1748009209304,,
1748009209550.0,20882.5,20883.5
1748009209611.0,20882.7,20883.7
1748009209852.0,20883.5,20884.5
1748009210111.0,20884.3,20885.3
1748009210363.0,20883.1,20884.1
1748009210636.0,20880.6,20881.6
1748009210710.0,20880.5,20881.5
1748009210891.0,20878.8,20879.8
1748009211188.0,20877.7,20878.7
1748009211239.0,20877.6,20878.6
1748009211394.0,20877.8,20878.8
1748009211491.0,20878.2,20879.2
1748009211692.0,20878.0,20879.0
1748009211997.0,20876.6,20877.6
1748009212251.0,20878.1,20879.1
1748009212451.0,20877.1,20878.1
1748009212551.0,20877.2,20878.2
1748009212752.0,20876.3,20877.3
1748009212809.0,20876.7,20877.7
1748009213053.0,20876.6,20877.6
1748009213265.0,20877.0,20878.0
1748009213353.0,20877.1,20878.1
1748009213553.0,20877.7,20878.7
1748009213817.0,20878.1,20879.1
1748009214084.0,20878.2,20879.2
1748009214133.0,20878.5,20879.5
1748009214382,,
1748009214635.0,20879.7,20880.7
1748009214858.0,20879.8,20880.8
1748009215109.0,20880.0,20881.0
1748009215210.0,20880.7,20881.7
1748009215420.0,20880.0,20881.0
1748009215656.0,20881.1,20882.1
1748009215725.0,20881.2,20882.2
1748009215934.0,20880.5,20881.5
1748009215982.0,20879.8,20880.8
1748009216237.0,20880.5,20881.5
1748009216303.0,20880.2,20881.2
1748009216490.0,20880.2,20881.2
1748009216541.0,20880.3,20881.3
1748009216752.0,20880.5,20881.5
1748009216786.0,20880.3,20881.3
1748009217013.0,20880.2,20881.2
1748009217268.0,20879.3,20880.3
1748009217512.0,20878.8,20879.8
1748009217836.0,20878.0,20879.0
1748009218012.0,20878.3,20879.3
1748009218362.0,20880.0,20881.0
1748009218613.0,20879.3,20880.3
1748009218662.0,20879.2,20880.2
1748009218880.0,20878.8,20879.8
1748009219165.0,20880.6,20881.6
1748009219215.0,20880.5,20881.5
1748009219417.0,20880.2,20881.2
1748009219613.0,20878.7,20879.7
1748009219713.0,20879.0,20880.0
1748009219922.0,20880.0,20881.0
1748009220224.0,20880.2,20881.2
1748009220479.0,20880.2,20881.2
1748009220745.0,20879.2,20880.2
1748009220786.0,20879.5,20880.5
1748009220985.0,20878.7,20879.7
1748009221286.0,20878.6,20879.6
1748009221549.0,20879.5,20880.5
1748009221585.0,20879.2,20880.2
1748009221785,,
1748009221837.0,20877.8,20878.8
1748009222037.0,20878.5,20879.5
1748009222352.0,20879.5,20880.5
1748009222390.0,20879.3,20880.3
1748009222611.0,20879.7,20880.7
1748009222849,,
1748009223154.0,20880.5,20881.5
1748009223205.0,20881.0,20882.0
1748009223350.0,20881.0,20882.0
1748009223655.0,20883.7,20884.7
1748009223953.0,20882.7,20883.7
1748009224206.0,20882.7,20883.7
1748009224450.0,20882.3,20883.3
1748009224706.0,20884.3,20885.3
1748009224784.0,20884.2,20885.2
1748009224984.0,20885.0,20886.0
1748009225033.0,20884.3,20885.3
1748009225234,,
1748009225332.0,20885.2,20886.2
1748009225537.0,20884.7,20885.7
1748009225684.0,20883.7,20884.7
1748009226083.0,20883.5,20884.5
1748009226345.0,20882.3,20883.3
1748009226565.0,20882.5,20883.5
1748009226873.0,20883.3,20884.3
1748009226924.0,20883.5,20884.5
1748009227143.0,20883.2,20884.2
1748009227412.0,20883.1,20884.1
1748009227662.0,20883.2,20884.2
1748009227944.0,20887.8,20888.8
1748009228178.0,20887.1,20888.1
1748009228449.0,20886.1,20887.1
1748009228505.0,20886.3,20887.3
1748009228755.0,20886.1,20887.1
1748009229021.0,20886.0,20887.0
1748009229272.0,20887.5,20888.5
1748009229526.0,20887.2,20888.2
1748009229574.0,20886.7,20887.7
1748009229775.0,20886.7,20887.7
1748009230076.0,20886.7,20887.7
1748009230224,,
1748009230578.0,20885.8,20886.8
1748009230882.0,20888.0,20889.0
1748009231132,,
1748009231383.0,20889.0,20890.0
1748009231683.0,20889.0,20890.0
1748009231932.0,20888.5,20889.5
1748009231983.0,20889.0,20890.0
1748009232190.0,20888.0,20889.0
1748009232233.0,20887.6,20888.6
1748009232472.0,20887.7,20888.7
1748009232522.0,20888.2,20889.2
1748009232723.0,20889.0,20890.0
1748009232984.0,20888.5,20889.5
1748009233248.0,20888.6,20889.6
1748009233549.0,20888.2,20889.2
1748009233813.0,20889.3,20890.3
1748009234050.0,20889.8,20890.8
1748009234352.0,20888.5,20889.5
1748009234605.0,20889.3,20890.3
1748009234857.0,20890.3,20891.3
1748009234893.0,20890.0,20891.0
1748009235147.0,20889.1,20890.1
1748009235397.0,20889.1,20890.1
1748009235669.0,20888.2,20889.2
1748009235696.0,20888.1,20889.1
1748009235899.0,20888.0,20889.0
1748009236166.0,20887.6,20888.6
1748009236466.0,20888.0,20889.0
1748009236715.0,20888.5,20889.5
1748009236765.0,20888.6,20889.6
1748009236965.0,20888.3,20889.3
1748009237266.0,20889.0,20890.0
1748009237516.0,20889.1,20890.1
1748009237565.0,20889.2,20890.2
1748009237716.0,20888.3,20889.3
1748009238073.0,20887.3,20888.3
1748009238321.0,20882.7,20883.7
1748009238586.0,20882.5,20883.5
1748009238825.0,20882.2,20883.2
1748009239132.0,20881.8,20882.8
1748009239193.0,20882.1,20883.1
1748009239408,,
1748009239634.0,20881.8,20882.8
1748009239937,,
1748009239989.0,20883.3,20884.3
1748009240188.0,20883.5,20884.5
1748009240239.0,20884.6,20885.6
1748009240339.0,20884.0,20885.0
1748009240487.0,20884.2,20885.2
1748009240689.0,20887.5,20888.5
1748009240739.0,20887.2,20888.2
1748009240905.0,20887.2,20888.2
1748009241050.0,20886.8,20887.8
1748009241263.0,20886.3,20887.3
1748009241307.0,20886.5,20887.5
1748009241507.0,20887.3,20888.3
1748009241762,,
1748009241863.0,20886.7,20887.7
1748009242076.0,20886.2,20887.2
1748009242113.0,20886.1,20887.1
1748009242215.0,20885.7,20886.7
1748009242593.0,20887.6,20888.6
1748009242666.0,20886.5,20887.5
1748009242867.0,20887.0,20888.0
1748009242917.0,20887.1,20888.1
1748009243081.0,20888.1,20889.1
1748009243377.0,20887.3,20888.3
1748009243422.0,20887.1,20888.1
1748009243594.0,20887.5,20888.5
1748009243938.0,20887.0,20888.0
1748009244199.0,20886.3,20887.3
1748009244438,,
1748009244741.0,20885.7,20886.7
1748009244992.0,20884.8,20885.8
1748009245076,,
1748009245250.0,20884.2,20885.2
1748009245499,,
1748009245550.0,20884.3,20885.3
1748009245804.0,20883.8,20884.8
1748009245852.0,20883.7,20884.7
1748009246030.0,20884.5,20885.5
1748009246327.0,20883.3,20884.3
1748009246575.0,20882.8,20883.8
1748009246624.0,20882.7,20883.7
1748009246859.0,20883.3,20884.3
1748009247130.0,20883.5,20884.5
1748009247178.0,20884.2,20885.2
1748009247380.0,20883.6,20884.6
1748009247429.0,20883.5,20884.5
1748009247666.0,20882.6,20883.6
1748009247866.0,20880.2,20881.2
1748009247980.0,20880.2,20881.2
1748009248164.0,20880.6,20881.6
1748009248364.0,20881.6,20882.6
1748009248694.0,20881.2,20882.2
1748009248762,,
1748009248975.0,20881.1,20882.1
1748009249228.0,20881.5,20882.5
1748009249487.0,20881.0,20882.0
1748009249788.0,20881.0,20882.0
1748009249837.0,20881.2,20882.2
1748009250038.0,20881.6,20882.6
1748009250287.0,20881.0,20882.0
1748009250563.0,20881.1,20882.1
1748009250857.0,20881.3,20882.3
1748009251105.0,20881.8,20882.8
1748009251158,,
1748009251307.0,20882.5,20883.5
1748009251647.0,20882.7,20883.7
1748009251896.0,20882.7,20883.7
1748009252114.0,20882.8,20883.8
1748009252435.0,20883.1,20884.1
1748009252641.0,20882.8,20883.8
1748009252749.0,20882.7,20883.7
1748009252926.0,20882.8,20883.8
1748009253024.0,20883.0,20884.0
1748009253231.0,20883.3,20884.3
1748009253493.0,20885.1,20886.1
1748009253556.0,20885.0,20886.0
1748009253750.0,20885.5,20886.5
1748009254026.0,20885.3,20886.3
1748009254076.0,20884.7,20885.7
1748009254274.0,20884.1,20885.1
1748009254326.0,20884.0,20885.0
1748009254574.0,20884.6,20885.6
1748009254645.0,20884.7,20885.7
1748009254846.0,20884.8,20885.8
1748009254894.0,20884.6,20885.6
1748009255093.0,20884.7,20885.7
1748009255345.0,20883.5,20884.5
1748009255643.0,20884.2,20885.2
1748009255694.0,20883.5,20884.5
1748009255904.0,20881.7,20882.7
1748009256135.0,20881.5,20882.5
1748009256432.0,20883.0,20884.0
1748009256632.0,20884.2,20885.2
1748009256709.0,20883.7,20884.7
1748009256887.0,20884.5,20885.5
1748009256984.0,20884.6,20885.6
1748009257237.0,20883.3,20884.3
1748009257404.0,20883.2,20884.2
1748009257549.0,20883.1,20884.1
1748009257744.0,20882.6,20883.6
1748009258016.0,20881.5,20882.5
1748009258067.0,20881.3,20882.3
1748009258268.0,20880.1,20881.1
1748009258519.0,20879.7,20880.7
1748009258770.0,20879.2,20880.2
1748009258868,,
1748009259095.0,20880.0,20881.0
1748009259366.0,20880.2,20881.2
1748009259443.0,20880.3,20881.3
1748009259592.0,20879.7,20880.7
1748009259641,,
1748009259792.0,20880.2,20881.2
1748009259942.0,20879.7,20880.7
1748009260129.0,20880.2,20881.2
1748009260428.0,20880.8,20881.8
1748009260695.0,20880.7,20881.7
1748009260937.0,20883.1,20884.1
1748009261004.0,20883.0,20884.0
1748009261199.0,20883.3,20884.3
1748009261466.0,20884.6,20885.6
1748009261740.0,20886.5,20887.5
1748009262011,,
1748009262058.0,20886.1,20887.1
1748009262287.0,20886.1,20887.1
1748009262537.0,20886.5,20887.5
1748009262790.0,20886.0,20887.0
1748009262839.0,20885.7,20886.7
1748009263091.0,20886.2,20887.2
1748009263138.0,20886.0,20887.0
1748009263337.0,20886.5,20887.5
1748009263387,,
1748009263589.0,20886.2,20887.2
1748009263896.0,20890.2,20891.2
1748009264145,,
1748009264195.0,20889.8,20890.8
1748009264433.0,20890.1,20891.1
1748009264607.0,20889.7,20890.7
1748009264964.0,20889.6,20890.6
1748009265212.0,20889.7,20890.7
1748009265478.0,20886.2,20887.2
1748009265761.0,20887.6,20888.6
1748009265812.0,20887.5,20888.5
1748009266016.0,20886.2,20887.2
1748009266062.0,20885.7,20886.7
1748009266265.0,20885.6,20886.6
1748009266316.0,20885.8,20886.8
1748009266515.0,20886.1,20887.1
1748009266768.0,20885.5,20886.5
1748009266867.0,20885.7,20886.7
1748009267066.0,20885.5,20886.5
1748009267321.0,20885.0,20886.0
1748009267531.0,20885.1,20886.1
1748009267650.0,20885.0,20886.0
1748009267889.0,20884.5,20885.5
1748009268114.0,20883.3,20884.3
1748009268425.0,20883.2,20884.2
1748009268479.0,20882.7,20883.7
1748009268676.0,20882.2,20883.2
1748009268876.0,20883.6,20884.6
1748009269188.0,20883.6,20884.6
1748009269229.0,20883.7,20884.7
1748009269430.0,20884.5,20885.5
1748009269496.0,20884.6,20885.6
1748009269753,,
1748009269813.0,20883.2,20884.2
1748009270056.0,20883.2,20884.2
1748009270255.0,20882.5,20883.5
1748009270519.0,20883.2,20884.2
1748009270819.0,20883.0,20884.0
1748009271068.0,20883.5,20884.5
1748009271281.0,20881.2,20882.2
1748009271499,,
1748009271782.0,20881.0,20882.0
1748009272148.0,20883.2,20884.2
1748009272398.0,20882.5,20883.5
1748009272599.0,20883.0,20884.0
1748009272942.0,20882.2,20883.2
1748009272991.0,20882.3,20883.3
1748009273158.0,20880.7,20881.7
1748009273454.0,20881.0,20882.0
1748009273505.0,20881.2,20882.2
1748009273713.0,20881.5,20882.5
1748009273765.0,20880.8,20881.8
1748009273976.0,20880.7,20881.7
1748009274246.0,20880.5,20881.5
1748009274445,,
1748009274583.0,20880.1,20881.1
1748009274782.0,20880.8,20881.8
1748009274881.0,20881.0,20882.0
1748009275069.0,20881.2,20882.2
1748009275094.0,20881.5,20882.5
1748009275325.0,20882.6,20883.6
1748009275574.0,20881.7,20882.7
1748009275765,,
1748009275883.0,20881.8,20882.8
1748009275981.0,20882.0,20883.0
1748009276368.0,20882.5,20883.5
1748009276436.0,20882.6,20883.6
1748009276655.0,20882.5,20883.5
1748009276937.0,20881.3,20882.3
1748009277145.0,20881.6,20882.6
1748009277243.0,20881.5,20882.5
1748009277443.0,20880.6,20881.6
1748009277695,,
1748009277996.0,20880.5,20881.5
1748009278224.0,20879.5,20880.5
1748009278436.0,20876.5,20877.5
1748009278767.0,20876.5,20877.5
1748009279037.0,20876.2,20877.2
1748009279326,,
1748009279577.0,20878.5,20879.5
1748009279826.0,20878.5,20879.5
1748009280127.0,20878.7,20879.7
1748009280184.0,20878.6,20879.6
1748009280396.0,20879.0,20880.0
1748009280663.0,20878.7,20879.7
1748009280712.0,20879.2,20880.2
1748009280927.0,20879.6,20880.6
1748009281184.0,20880.3,20881.3
1748009281431.0,20882.0,20883.0
1748009281630.0,20881.5,20882.5
1748009281929.0,20881.0,20882.0
1748009282257.0,20881.0,20882.0
1748009282507.0,20880.0,20881.0
1748009282556.0,20880.2,20881.2
1748009282768.0,20879.7,20880.7
1748009283014,,
1748009283305.0,20879.8,20880.8
1748009283590.0,20880.1,20881.1
1748009283712.0,20880.0,20881.0
1748009283812.0,20880.5,20881.5
1748009283911.0,20880.6,20881.6
1748009284113.0,20879.7,20880.7
1748009284356.0,20880.0,20881.0
1748009284634.0,20880.2,20881.2
1748009284903.0,20879.8,20880.8
1748009285154.0,20879.8,20880.8
1748009285451.0,20880.3,20881.3
1748009285503.0,20880.5,20881.5
1748009285603.0,20880.5,20881.5
1748009285745.0,20880.6,20881.6
1748009285940.0,20880.5,20881.5
1748009286039.0,20880.0,20881.0
1748009286242.0,20879.0,20880.0
1748009286291.0,20878.8,20879.8
1748009286497.0,20878.7,20879.7
1748009286547.0,20878.5,20879.5
1748009286703.0,20878.0,20879.0
1748009286805.0,20877.0,20878.0
1748009287006.0,20877.0,20878.0
1748009287111.0,20876.7,20877.7
1748009287299.0,20876.8,20877.8
1748009287550.0,20877.2,20878.2
1748009287599.0,20876.7,20877.7
1748009287816.0,20876.5,20877.5
1748009287864.0,20876.7,20877.7
1748009288113.0,20877.8,20878.8
1748009288163.0,20877.7,20878.7
1748009288370.0,20879.2,20880.2
1748009288620.0,20879.3,20880.3
1748009288914.0,20879.0,20880.0
1748009289065.0,20878.0,20879.0
1748009289421.0,20877.3,20878.3
1748009289467.0,20878.3,20879.3
1748009289675.0,20878.5,20879.5
1748009289726.0,20879.2,20880.2
1748009289930.0,20879.5,20880.5
1748009290030.0,20878.5,20879.5
1748009290231.0,20878.1,20879.1
1748009290281.0,20878.2,20879.2
1748009290431.0,20877.5,20878.5
1748009290734.0,20876.6,20877.6
1748009290997.0,20877.2,20878.2
1748009291299.0,20878.2,20879.2
1748009291348.0,20877.2,20878.2
1748009291548.0,20877.3,20878.3
1748009291597.0,20877.0,20878.0
1748009291799.0,20876.8,20877.8
1748009291847.0,20876.7,20877.7
1748009292104.0,20876.1,20877.1
1748009292151.0,20876.2,20877.2
1748009292356.0,20873.0,20874.0
1748009292604.0,20873.7,20874.7
1748009292851.0,20873.5,20874.5
1748009293154,,
1748009293423.0,20870.2,20871.2
1748009293705.0,20870.0,20871.0
1748009293956.0,20869.1,20870.1
1748009294231.0,20870.0,20871.0
1748009294259.0,20869.6,20870.6
1748009294456.0,20869.8,20870.8
1748009294755.0,20868.7,20869.7
1748009295007.0,20868.2,20869.2
1748009295257.0,20869.3,20870.3
1748009295558.0,20871.5,20872.5
1748009295806.0,20869.8,20870.8
1748009296055.0,20870.0,20871.0
1748009296118.0,20869.5,20870.5
1748009296356,,
1748009296618.0,20870.0,20871.0
1748009296856.0,20868.8,20869.8
1748009297122.0,20867.3,20868.3
1748009297422.0,20867.5,20868.5
1748009297520,,
1748009297671.0,20866.7,20867.7
1748009297722.0,20866.6,20867.6
1748009297921.0,20866.8,20867.8
1748009298228.0,20867.0,20868.0
1748009298270.0,20866.5,20867.5
1748009298471.0,20867.0,20868.0
1748009298722.0,20867.5,20868.5
1748009298771.0,20867.1,20868.1
1748009299022.0,20867.5,20868.5
1748009299072.0,20867.8,20868.8
1748009299270.0,20868.0,20869.0
1748009299522.0,20867.7,20868.7
1748009299724.0,20867.7,20868.7
1748009300023.0,20867.5,20868.5
1748009300124.0,20867.7,20868.7
1748009300340.0,20868.1,20869.1
1748009300390.0,20868.0,20869.0
1748009300591.0,20868.0,20869.0
1748009300889.0,20868.3,20869.3
1748009300942.0,20868.2,20869.2
1748009301041.0,20868.2,20869.2
1748009301197.0,20868.3,20869.3
1748009301396,,
1748009301446,,
1748009301660,,
1748009301763.0,20869.5,20870.5
1748009302203.0,20869.3,20870.3
1748009302274.0,20869.5,20870.5
1748009302473,,
1748009302525.0,20869.0,20870.0
1748009302724.0,20868.7,20869.7
1748009302983.0,20868.0,20869.0
1748009303191.0,20866.8,20867.8
1748009303294.0,20866.7,20867.7
1748009303556.0,20866.6,20867.6
1748009303604.0,20866.5,20867.5
1748009303804,,
1748009304054.0,20867.7,20868.7
1748009304156.0,20867.6,20868.6
1748009304203.0,20867.5,20868.5
1748009304605.0,20867.5,20868.5
1748009304654,,
1748009304870.0,20867.1,20868.1
1748009305124.0,20865.2,20866.2
1748009305371.0,20864.5,20865.5
1748009305671.0,20866.0,20867.0
1748009305928.0,20864.6,20865.6
1748009305976.0,20865.0,20866.0
1748009306176.0,20865.7,20866.7
1748009306228.0,20865.6,20866.6
1748009306415.0,20866.8,20867.8
1748009306737.0,20867.0,20868.0
1748009306785.0,20866.8,20867.8
1748009306937.0,20866.7,20867.7
1748009307021.0,20866.8,20867.8
1748009307271.0,20867.5,20868.5
1748009307529.0,20866.2,20867.2
1748009307577.0,20866.1,20867.1
1748009307776.0,20866.5,20867.5
1748009308039.0,20865.8,20866.8
1748009308341.0,20864.5,20865.5
1748009308587.0,20863.5,20864.5
1748009308738.0,20864.1,20865.1
1748009309109.0,20865.1,20866.1
1748009309158.0,20865.5,20866.5
1748009309359.0,20866.2,20867.2
1748009309666.0,20869.0,20870.0
1748009309909.0,20867.2,20868.2
1748009310175.0,20866.7,20867.7
1748009310233,,
1748009310424.0,20866.6,20867.6
1748009310728.0,20866.1,20867.1
1748009310985.0,20866.2,20867.2
1748009311038.0,20866.0,20867.0
1748009311235.0,20866.5,20867.5
1748009311285.0,20866.7,20867.7
1748009311434.0,20868.0,20869.0
1748009311762.0,20867.2,20868.2
1748009312016.0,20868.2,20869.2
1748009312269.0,20867.2,20868.2
1748009312593,,
1748009312843.0,20867.6,20868.6
1748009313098.0,20867.5,20868.5
1748009313187.0,20867.6,20868.6
1748009313384.0,20868.0,20869.0
1748009313435.0,20868.2,20869.2
1748009313634.0,20868.0,20869.0
1748009313684.0,20867.7,20868.7
1748009313835.0,20868.0,20869.0
1748009314163.0,20868.5,20869.5
1748009314415.0,20868.0,20869.0
1748009314714.0,20868.5,20869.5
1748009314765.0,20868.7,20869.7
1748009314966.0,20869.6,20870.6
1748009315217.0,20869.5,20870.5
1748009315415.0,20870.8,20871.8
1748009315717.0,20872.0,20873.0
1748009316034.0,20869.7,20870.7
1748009316315.0,20870.0,20871.0
1748009316572.0,20869.7,20870.7
1748009316833.0,20869.1,20870.1
1748009317084.0,20870.2,20871.2
1748009317348.0,20871.2,20872.2
1748009317597.0,20872.0,20873.0
1748009317696.0,20872.5,20873.5
1748009317896.0,20872.2,20873.2
1748009317946.0,20872.1,20873.1
1748009318174.0,20872.2,20873.2
1748009318212.0,20872.0,20873.0
1748009318447.0,20871.5,20872.5
1748009318698.0,20871.0,20872.0
1748009318914.0,20871.5,20872.5
1748009319226.0,20872.2,20873.2
1748009319485.0,20871.5,20872.5
1748009319741.0,20871.7,20872.7
1748009319992.0,20871.0,20872.0
1748009320290.0,20872.5,20873.5
1748009320557.0,20872.1,20873.1
1748009320842.0,20871.7,20872.7
1748009320891.0,20872.5,20873.5
1748009321092.0,20872.7,20873.7
1748009321341.0,20873.3,20874.3
1748009321411.0,20873.5,20874.5
1748009321643.0,20873.6,20874.6
1748009321691.0,20873.5,20874.5
1748009321891.0,20872.2,20873.2
1748009322134.0,20872.3,20873.3
1748009322234.0,20872.2,20873.2
1748009322432.0,20872.2,20873.2
1748009322712.0,20872.2,20873.2
1748009322911.0,20873.0,20874.0
1748009323216.0,20872.2,20873.2
1748009323467.0,20872.2,20873.2
1748009323719.0,20872.2,20873.2
1748009324008.0,20872.1,20873.1
1748009324156.0,20872.3,20873.3
1748009324538.0,20873.0,20874.0
1748009324593.0,20873.1,20874.1
1748009324793.0,20873.5,20874.5
1748009325079.0,20873.5,20874.5
1748009325374.0,20872.5,20873.5
1748009325424.0,20872.7,20873.7
1748009325605.0,20872.3,20873.3
1748009325655.0,20872.5,20873.5
1748009325854,,
1748009326156.0,20874.6,20875.6
1748009326358.0,20873.5,20874.5
1748009326458.0,20873.3,20874.3
1748009326627.0,20872.7,20873.7
1748009326978.0,20872.7,20873.7
1748009327231,,
1748009327280,,
1748009327509.0,20873.3,20874.3
1748009327773.0,20872.8,20873.8
1748009327824.0,20871.5,20872.5
1748009328024.0,20872.5,20873.5
1748009328076.0,20872.7,20873.7
1748009328273.0,20873.5,20874.5
1748009328572,,
1748009328838.0,20873.5,20874.5
1748009329079.0,20874.0,20875.0
1748009329336.0,20875.1,20876.1
1748009329634.0,20875.1,20876.1
1748009329684.0,20875.3,20876.3
1748009329888.0,20874.5,20875.5
1748009330134.0,20874.5,20875.5
1748009330235.0,20875.0,20876.0
1748009330436.0,20874.3,20875.3
1748009330686.0,20873.7,20874.7
1748009330755.0,20873.8,20874.8
1748009330969.0,20873.1,20874.1
1748009331228.0,20874.0,20875.0
1748009331474.0,20874.5,20875.5
1748009331724.0,20874.5,20875.5
1748009332019,,
1748009332268.0,20879.3,20880.3
1748009332519.0,20880.6,20881.6
1748009332766,,
1748009333083.0,20880.2,20881.2
1748009333118.0,20880.0,20881.0
1748009333366,,
1748009333617.0,20882.0,20883.0
1748009333868.0,20883.1,20884.1
1748009334123.0,20884.1,20885.1
1748009334423.0,20885.0,20886.0
1748009334640.0,20885.6,20886.6
1748009334968.0,20886.3,20887.3
1748009335018.0,20886.6,20887.6
1748009335218.0,20885.6,20886.6
1748009335467.0,20885.2,20886.2
1748009335769.0,20885.3,20886.3
1748009335819.0,20885.0,20886.0
1748009336019.0,20884.6,20885.6
1748009336068.0,20884.2,20885.2
1748009336270.0,20884.7,20885.7
1748009336568.0,20886.0,20887.0
1748009336819.0,20885.2,20886.2
1748009337058.0,20885.5,20886.5
1748009337356.0,20886.2,20887.2
1748009337606.0,20886.3,20887.3
1748009337885.0,20888.5,20889.5
1748009338162.0,20888.0,20889.0
1748009338208.0,20887.5,20888.5
1748009338405.0,20887.0,20888.0
1748009338654,,
1748009338957,,
1748009339006.0,20887.2,20888.2
1748009339207.0,20886.7,20887.7
1748009339456.0,20886.5,20887.5
1748009339507.0,20886.3,20887.3
1748009339717.0,20887.5,20888.5
1748009340024.0,20889.2,20890.2
1748009340068.0,20889.5,20890.5
1748009340271.0,20889.7,20890.7
1748009340517.0,20889.2,20890.2
1748009340590.0,20888.7,20889.7
1748009340817.0,20887.6,20888.6
1748009340867.0,20887.7,20888.7
1748009341068.0,20886.7,20887.7
1748009341121.0,20886.2,20887.2
1748009341346.0,20887.5,20888.5
1748009341393.0,20887.0,20888.0
1748009341544.0,20886.3,20887.3
1748009341667.0,20886.5,20887.5
1748009341841.0,20885.2,20886.2
1748009341941.0,20885.0,20886.0
1748009342139.0,20885.7,20886.7
1748009342390.0,20886.1,20887.1
1748009342440.0,20886.0,20887.0
1748009342638.0,20885.7,20886.7
1748009342891.0,20885.5,20886.5
1748009343144.0,20886.3,20887.3
1748009343458.0,20886.0,20887.0
1748009343710.0,20885.7,20886.7
1748009343996.0,20885.6,20886.6
1748009344245.0,20885.5,20886.5
1748009344536.0,20885.5,20886.5
1748009344794.0,20885.3,20886.3
1748009344842.0,20885.2,20886.2
1748009345075,,
1748009345127.0,20884.3,20885.3
1748009345326.0,20885.8,20886.8
1748009345576,,
1748009345628.0,20884.0,20885.0
1748009345845.0,20885.0,20886.0
1748009346129.0,20884.7,20885.7
1748009346394.0,20884.5,20885.5
1748009346642.0,20885.0,20886.0
1748009346691.0,20884.7,20885.7
1748009346940.0,20884.5,20885.5
1748009347162.0,20883.3,20884.3
