1748008705719.0,23468.8,23476.8
1748008705915.0,23469.8,23477.8
1748008706217.0,23470.3,23478.3
1748008706840.0,23470.8,23478.8
1748008707176.0,23471.3,23479.3
1748008707677.0,23470.3,23478.3
1748008707877.0,23470.8,23478.8
1748008711439.0,23472.3,23480.3
1748008711993.0,23472.8,23480.8
1748008712187.0,23472.3,23480.3
1748008712386.0,23472.8,23480.8
1748008712591.0,23473.3,23481.3
1748008712790.0,23472.8,23480.8
1748008713464.0,23473.3,23481.3
1748008715136.0,23472.8,23480.8
1748008716027.0,23472.3,23480.3
1748008716226.0,23472.8,23480.8
1748008722323.0,23471.3,23479.3
1748008722523.0,23470.8,23478.8
1748008722723.0,23471.3,23479.3
1748008723586.0,23470.8,23478.8
1748008723783.0,23471.3,23479.3
1748008724386.0,23470.8,23478.8
1748008724585.0,23470.3,23478.3
1748008725006.0,23470.8,23478.8
1748008725204.0,23472.3,23480.3
1748008725765.0,23472.8,23480.8
1748008727220.0,23472.3,23480.3
1748008727436.0,23471.8,23479.8
1748008728582.0,23471.3,23479.3
1748008728778.0,23472.8,23480.8
1748008728978.0,23472.3,23480.3
1748008730165.0,23472.8,23480.8
1748008730364.0,23472.3,23480.3
1748008730609.0,23472.8,23480.8
1748008731244.0,23472.3,23480.3
1748008733865.0,23472.8,23480.8
1748008734063.0,23472.3,23480.3
1748008734578.0,23472.8,23480.8
1748008735660.0,23472.3,23480.3
1748008736532.0,23472.8,23480.8
1748008737675,,
1748008738268.0,23472.3,23480.3
1748008738468.0,23471.8,23479.8
1748008740286.0,23472.8,23480.8
1748008740483.0,23473.3,23481.3
1748008740904.0,23473.3,23481.3
1748008741827.0,23472.8,23480.8
1748008742022.0,23471.3,23479.3
1748008743298.0,23471.8,23479.8
1748008743499.0,23472.3,23480.3
1748008743698.0,23472.8,23480.8
1748008743898.0,23472.3,23480.3
1748008744942.0,23471.8,23479.8
1748008745141.0,23472.3,23480.3
1748008746370.0,23472.8,23480.8
1748008746569.0,23472.3,23480.3
1748008747108.0,23471.8,23479.8
1748008747457.0,23472.3,23480.3
1748008747657.0,23473.3,23481.3
1748008748057.0,23473.8,23481.8
1748008748257.0,23473.3,23481.3
1748008749475.0,23473.8,23481.8
1748008751133.0,23472.3,23480.3
1748008753582.0,23472.8,23480.8
1748008753780.0,23473.3,23481.3
1748008754487.0,23472.8,23480.8
1748008754687.0,23472.3,23480.3
1748008755050.0,23472.8,23480.8
1748008755249.0,23472.3,23480.3
1748008755451.0,23473.3,23481.3
1748008755756.0,23473.8,23481.8
1748008755956.0,23473.3,23481.3
1748008756183.0,23472.8,23480.8
1748008756383.0,23472.3,23480.3
1748008757686.0,23473.3,23481.3
1748008757897.0,23473.8,23481.8
1748008758086.0,23473.3,23481.3
1748008759088.0,23473.8,23481.8
1748008760322.0,23473.3,23481.3
1748008761192.0,23472.8,23480.8
1748008761392.0,23471.3,23479.3
1748008762044.0,23471.8,23479.8
1748008762442.0,23471.8,23479.8
1748008762642.0,23472.3,23480.3
1748008762842.0,23471.3,23479.3
1748008763248.0,23471.8,23479.8
1748008763448.0,23472.3,23480.3
1748008763648.0,23472.8,23480.8
1748008764313.0,23473.3,23481.3
1748008764509,,
1748008764710.0,23473.8,23481.8
1748008765111.0,23472.3,23480.3
1748008765310.0,23473.3,23481.3
1748008767258.0,23472.8,23480.8
1748008767457.0,23473.3,23481.3
1748008769384.0,23472.3,23480.3
1748008769651.0,23471.8,23479.8
1748008769850.0,23471.3,23479.3
1748008770250.0,23470.3,23478.3
1748008770650.0,23469.8,23477.8
1748008770850.0,23469.3,23477.3
1748008771050.0,23470.3,23478.3
1748008771327.0,23469.8,23477.8
1748008771650.0,23469.3,23477.3
1748008772103.0,23468.8,23476.8
1748008772303.0,23467.3,23475.3
1748008772580,,
1748008773131.0,23467.8,23475.8
1748008773329.0,23467.3,23475.3
1748008774248.0,23466.8,23474.8
1748008774447.0,23465.3,23473.3
1748008775057.0,23465.8,23473.8
1748008777197.0,23465.3,23473.3
1748008777665.0,23465.8,23473.8
1748008778237.0,23467.3,23475.3
1748008778578.0,23466.8,23474.8
1748008779323.0,23467.3,23475.3
1748008779585.0,23466.8,23474.8
1748008779784.0,23467.3,23475.3
1748008779984.0,23468.3,23476.3
1748008781070.0,23467.8,23475.8
1748008781983.0,23468.3,23476.3
1748008782304.0,23468.8,23476.8
1748008783394.0,23469.3,23477.3
1748008785197.0,23469.8,23477.8
1748008785391.0,23469.3,23477.3
1748008787469.0,23469.8,23477.8
1748008787829.0,23469.3,23477.3
1748008789750.0,23468.3,23476.3
1748008793571.0,23468.8,23476.8
1748008793770.0,23469.3,23477.3
1748008795114.0,23468.8,23476.8
1748008795315.0,23468.3,23476.3
1748008795514.0,23469.3,23477.3
1748008796066.0,23468.8,23476.8
1748008796265.0,23468.3,23476.3
1748008797021.0,23468.8,23476.8
1748008797220.0,23469.3,23477.3
1748008797727.0,23468.8,23476.8
1748008797927.0,23468.3,23476.3
1748008798129.0,23469.3,23477.3
1748008798350.0,23469.8,23477.8
1748008798719.0,23469.3,23477.3
1748008799119.0,23469.3,23477.3
1748008800429.0,23469.8,23477.8
1748008800630.0,23472.3,23480.3
1748008801031.0,23471.3,23479.3
1748008801228.0,23470.3,23478.3
1748008801469.0,23469.8,23477.8
1748008801868.0,23471.3,23479.3
1748008802069.0,23472.3,23480.3
1748008802714.0,23471.8,23479.8
1748008802911.0,23472.3,23480.3
1748008803113.0,23475.3,23483.3
1748008803310.0,23477.3,23485.3
1748008803511.0,23475.8,23483.8
1748008803712.0,23476.3,23484.3
1748008803910.0,23477.3,23485.3
1748008804112.0,23478.3,23486.3
1748008804513.0,23478.8,23486.8
1748008804711.0,23477.3,23485.3
1748008805230.0,23477.8,23485.8
1748008805427.0,23478.3,23486.3
1748008805627.0,23479.3,23487.3
1748008806870.0,23479.8,23487.8
1748008807453.0,23479.3,23487.3
1748008807654.0,23479.8,23487.8
1748008808524.0,23480.8,23488.8
1748008808921.0,23481.3,23489.3
1748008809205.0,23480.8,23488.8
1748008810008.0,23481.3,23489.3
1748008810207.0,23482.3,23490.3
1748008810746.0,23481.8,23489.8
1748008810945.0,23480.3,23488.3
1748008811731.0,23479.8,23487.8
1748008811929.0,23478.3,23486.3
1748008812129.0,23477.8,23485.8
1748008812330.0,23479.3,23487.3
1748008812954.0,23478.8,23486.8
1748008813152.0,23478.3,23486.3
1748008813365.0,23477.8,23485.8
1748008813553.0,23478.3,23486.3
1748008813754.0,23480.3,23488.3
1748008813952.0,23479.8,23487.8
1748008814152.0,23479.3,23487.3
1748008814925.0,23479.8,23487.8
1748008815124.0,23479.3,23487.3
1748008816231.0,23478.8,23486.8
1748008816429.0,23478.3,23486.3
1748008816629.0,23478.8,23486.8
1748008817243.0,23479.3,23487.3
1748008817856.0,23479.8,23487.8
1748008818056.0,23479.3,23487.3
1748008819427.0,23479.3,23487.3
1748008820679,,
1748008821244.0,23478.8,23486.8
1748008821443.0,23479.3,23487.3
1748008821867.0,23479.8,23487.8
1748008822066.0,23479.3,23487.3
1748008822405.0,23479.8,23487.8
1748008822807.0,23482.3,23490.3
1748008823006.0,23481.8,23489.8
1748008823206.0,23482.3,23490.3
1748008823941.0,23483.8,23491.8
1748008824144.0,23483.3,23491.3
1748008824344.0,23483.8,23491.8
1748008824542.0,23486.8,23494.8
1748008824743.0,23487.8,23495.8
1748008825152.0,23488.8,23496.8
1748008825553.0,23488.3,23496.3
1748008826456.0,23487.8,23495.8
1748008826655.0,23487.3,23495.3
1748008828132.0,23486.8,23494.8
1748008828329.0,23485.3,23493.3
1748008828531.0,23484.3,23492.3
1748008829334.0,23485.3,23493.3
1748008830019.0,23485.8,23493.8
1748008830216.0,23485.3,23493.3
1748008830456.0,23485.8,23493.8
1748008830653.0,23486.8,23494.8
1748008830855.0,23487.3,23495.3
1748008831969.0,23487.8,23495.8
1748008832369.0,23487.3,23495.3
1748008832569.0,23487.8,23495.8
1748008832769.0,23488.3,23496.3
1748008833205.0,23488.8,23496.8
1748008833392.0,23489.8,23497.8
1748008833592.0,23489.3,23497.3
1748008834063.0,23491.3,23499.3
1748008834260.0,23492.8,23500.8
1748008834985,,
1748008835186.0,23492.3,23500.3
1748008835842.0,23491.8,23499.8
1748008836243.0,23491.3,23499.3
1748008836642.0,23492.3,23500.3
1748008836840,,
1748008837242.0,23492.3,23500.3
1748008837906.0,23491.8,23499.8
1748008838099.0,23492.3,23500.3
1748008838304.0,23491.8,23499.8
1748008838498.0,23492.8,23500.8
1748008839009.0,23493.3,23501.3
1748008839207,,
1748008839787,,
1748008840348.0,23492.8,23500.8
1748008840548,,
1748008841318.0,23492.3,23500.3
1748008841515.0,23491.8,23499.8
1748008841814.0,23492.3,23500.3
1748008842013.0,23491.8,23499.8
1748008842214.0,23492.3,23500.3
1748008842871.0,23492.3,23500.3
1748008843917.0,23491.3,23499.3
1748008844320.0,23491.8,23499.8
1748008844517.0,23492.3,23500.3
1748008845007.0,23491.8,23499.8
1748008845261.0,23491.3,23499.3
1748008845461.0,23491.8,23499.8
1748008845861.0,23491.3,23499.3
1748008846633.0,23490.3,23498.3
1748008846897.0,23489.8,23497.8
1748008847097.0,23490.3,23498.3
1748008847789.0,23489.8,23497.8
1748008848190.0,23488.3,23496.3
1748008848632.0,23487.8,23495.8
1748008848831.0,23486.3,23494.3
1748008849078.0,23485.8,23493.8
1748008849276.0,23485.3,23493.3
1748008849787.0,23485.8,23493.8
1748008849987.0,23484.3,23492.3
1748008850492.0,23484.8,23492.8
1748008850691.0,23484.3,23492.3
1748008851092.0,23483.8,23491.8
1748008851292.0,23484.3,23492.3
1748008851692.0,23484.8,23492.8
1748008852124.0,23485.3,23493.3
1748008852323.0,23486.3,23494.3
1748008852524.0,23485.3,23493.3
1748008852950.0,23484.3,23492.3
1748008853929.0,23484.8,23492.8
1748008854129.0,23484.3,23492.3
1748008854603.0,23483.8,23491.8
1748008854807.0,23484.3,23492.3
1748008855007.0,23485.8,23493.8
1748008855205.0,23485.3,23493.3
1748008855612.0,23484.8,23492.8
1748008855812.0,23484.3,23492.3
1748008856013.0,23484.8,23492.8
1748008856212.0,23485.3,23493.3
1748008856415.0,23484.3,23492.3
1748008856880.0,23483.8,23491.8
1748008857079.0,23483.3,23491.3
1748008857517.0,23481.3,23489.3
1748008857861.0,23481.8,23489.8
1748008858262.0,23484.8,23492.8
1748008858662.0,23484.3,23492.3
1748008859378.0,23483.8,23491.8
1748008859578.0,23483.3,23491.3
1748008859778.0,23482.8,23490.8
1748008860193.0,23482.3,23490.3
1748008860482.0,23481.8,23489.8
1748008860682.0,23481.3,23489.3
1748008861435.0,23480.8,23488.8
1748008861833.0,23480.3,23488.3
1748008862033.0,23480.8,23488.8
1748008863004.0,23480.3,23488.3
1748008863394.0,23480.8,23488.8
1748008863656.0,23480.3,23488.3
1748008864454.0,23480.8,23488.8
1748008864655.0,23480.3,23488.3
1748008865254,,
1748008865455.0,23481.8,23489.8
1748008865938.0,23481.3,23489.3
1748008866135,,
1748008866336.0,23481.8,23489.8
1748008866790.0,23482.8,23490.8
1748008866999.0,23483.8,23491.8
1748008868012.0,23484.3,23492.3
1748008868212.0,23483.8,23491.8
1748008868434.0,23483.3,23491.3
1748008868647.0,23482.8,23490.8
1748008869138.0,23482.3,23490.3
1748008869338.0,23482.8,23490.8
1748008871011.0,23482.3,23490.3
1748008871209.0,23481.8,23489.8
1748008871611.0,23480.3,23488.3
1748008872406.0,23481.3,23489.3
1748008872636.0,23481.8,23489.8
1748008872835.0,23482.3,23490.3
1748008873054.0,23482.8,23490.8
1748008873254.0,23482.3,23490.3
1748008873456.0,23482.8,23490.8
1748008873655.0,23483.8,23491.8
1748008874142.0,23484.3,23492.3
1748008874342.0,23484.8,23492.8
1748008875065.0,23488.3,23496.3
1748008875265.0,23488.8,23496.8
1748008875469.0,23489.3,23497.3
1748008875663.0,23490.3,23498.3
1748008877235.0,23490.8,23498.8
1748008877434.0,23490.3,23498.3
1748008877956.0,23489.8,23497.8
1748008878155.0,23488.3,23496.3
1748008878468.0,23488.8,23496.8
1748008878668.0,23488.3,23496.3
1748008878869.0,23488.8,23496.8
1748008879571.0,23488.3,23496.3
1748008880106.0,23489.3,23497.3
1748008880506.0,23488.3,23496.3
1748008880768.0,23488.8,23496.8
1748008880967.0,23490.3,23498.3
1748008881168.0,23489.3,23497.3
1748008881598.0,23489.8,23497.8
1748008881798.0,23489.3,23497.3
1748008881999.0,23490.3,23498.3
1748008882205.0,23489.3,23497.3
1748008882798.0,23489.8,23497.8
1748008882999.0,23489.3,23497.3
1748008883394.0,23489.8,23497.8
1748008883598.0,23489.3,23497.3
1748008884023.0,23489.8,23497.8
1748008884223.0,23488.8,23496.8
1748008884423.0,23490.3,23498.3
1748008884623.0,23489.3,23497.3
1748008884823.0,23490.3,23498.3
1748008885344.0,23489.8,23497.8
1748008885543.0,23489.3,23497.3
1748008886387.0,23487.3,23495.3
1748008886587.0,23488.3,23496.3
1748008886786.0,23489.3,23497.3
1748008887259.0,23488.8,23496.8
1748008887660.0,23489.3,23497.3
1748008888064.0,23489.8,23497.8
1748008888264.0,23490.3,23498.3
1748008888463.0,23490.8,23498.8
1748008888853.0,23490.3,23498.3
1748008889651.0,23489.8,23497.8
1748008889849.0,23490.3,23498.3
1748008890051.0,23489.3,23497.3
1748008890705.0,23489.8,23497.8
1748008890904.0,23489.3,23497.3
1748008891815.0,23489.3,23497.3
1748008892489.0,23488.8,23496.8
1748008892690.0,23488.3,23496.3
1748008892895.0,23488.8,23496.8
1748008893295.0,23489.3,23497.3
1748008893495.0,23488.3,23496.3
1748008893893,,
1748008894981.0,23488.3,23496.3
1748008895431.0,23487.8,23495.8
1748008895961.0,23488.3,23496.3
1748008896155.0,23487.8,23495.8
1748008896559.0,23488.3,23496.3
1748008896754.0,23489.3,23497.3
1748008897308.0,23489.8,23497.8
1748008897506.0,23489.3,23497.3
1748008899249.0,23488.8,23496.8
1748008900586.0,23489.8,23497.8
1748008900871.0,23488.8,23496.8
1748008901070.0,23488.3,23496.3
1748008901269.0,23487.3,23495.3
1748008901672.0,23486.3,23494.3
1748008902229.0,23486.8,23494.8
1748008902827.0,23487.3,23495.3
1748008903030.0,23486.8,23494.8
1748008904343.0,23486.3,23494.3
1748008904663.0,23485.8,23493.8
1748008904860.0,23485.3,23493.3
1748008905612.0,23484.8,23492.8
1748008905812.0,23485.3,23493.3
1748008906012.0,23483.8,23491.8
1748008906423.0,23482.3,23490.3
1748008907497.0,23482.3,23490.3
1748008907705.0,23481.3,23489.3
1748008907896.0,23480.3,23488.3
1748008908211.0,23479.8,23487.8
1748008908476.0,23480.3,23488.3
1748008908674.0,23481.3,23489.3
1748008908875.0,23480.3,23488.3
1748008909320.0,23480.8,23488.8
1748008909520.0,23480.3,23488.3
1748008910120.0,23479.3,23487.3
1748008910318.0,23479.8,23487.8
1748008911464.0,23482.8,23490.8
1748008911664.0,23483.3,23491.3
1748008912270.0,23483.3,23491.3
1748008913593.0,23483.8,23491.8
1748008913792.0,23484.3,23492.3
1748008914098.0,23484.8,23492.8
1748008914512.0,23485.3,23493.3
1748008914709.0,23487.8,23495.8
1748008914908.0,23488.3,23496.3
1748008915460.0,23487.8,23495.8
1748008915659.0,23487.3,23495.3
1748008915860.0,23487.8,23495.8
1748008916259.0,23488.8,23496.8
1748008916519.0,23489.3,23497.3
1748008916717.0,23489.8,23497.8
1748008917206.0,23489.3,23497.3
1748008917498.0,23489.8,23497.8
1748008917696.0,23488.3,23496.3
1748008917897.0,23489.3,23497.3
1748008918474.0,23488.8,23496.8
1748008918874.0,23488.8,23496.8
1748008919075.0,23489.3,23497.3
1748008919553.0,23488.8,23496.8
1748008919753.0,23489.3,23497.3
1748008920532.0,23489.8,23497.8
1748008921067.0,23489.3,23497.3
1748008921330.0,23489.8,23497.8
1748008922235.0,23489.3,23497.3
1748008922636.0,23487.3,23495.3
1748008922836.0,23489.3,23497.3
1748008923035.0,23489.8,23497.8
1748008923961.0,23490.8,23498.8
1748008924171.0,23491.8,23499.8
1748008924696.0,23491.3,23499.3
1748008924898.0,23491.8,23499.8
1748008925098.0,23492.3,23500.3
1748008925398.0,23492.8,23500.8
1748008925792.0,23491.3,23499.3
1748008925995.0,23489.3,23497.3
1748008926191.0,23490.3,23498.3
1748008926636.0,23489.8,23497.8
1748008926834.0,23489.3,23497.3
1748008927041.0,23490.3,23498.3
1748008928386.0,23489.8,23497.8
1748008928586.0,23489.3,23497.3
1748008929529.0,23490.3,23498.3
1748008930307.0,23489.8,23497.8
1748008930504.0,23489.3,23497.3
1748008930787.0,23489.8,23497.8
1748008930984.0,23489.3,23497.3
1748008931863.0,23488.8,23496.8
1748008932063.0,23489.3,23497.3
1748008932280.0,23488.8,23496.8
1748008932482.0,23488.3,23496.3
1748008932749.0,23487.8,23495.8
1748008932948.0,23487.3,23495.3
1748008933493.0,23486.8,23494.8
1748008933693.0,23486.3,23494.3
1748008934505.0,23485.8,23493.8
1748008934703.0,23486.3,23494.3
1748008934997.0,23485.8,23493.8
1748008935275.0,23485.3,23493.3
1748008935478.0,23486.3,23494.3
1748008935760.0,23486.8,23494.8
1748008936159.0,23488.3,23496.3
1748008936369.0,23487.8,23495.8
1748008936558.0,23488.3,23496.3
1748008936868.0,23487.8,23495.8
1748008937063.0,23487.3,23495.3
1748008937409.0,23486.8,23494.8
1748008937609.0,23486.3,23494.3
1748008937809.0,23487.3,23495.3
1748008938176.0,23487.8,23495.8
1748008938389.0,23487.3,23495.3
1748008939737.0,23486.8,23494.8
1748008939935.0,23486.3,23494.3
1748008940729.0,23486.8,23494.8
1748008940926.0,23487.3,23495.3
1748008941128.0,23486.3,23494.3
1748008941709.0,23485.8,23493.8
1748008941909.0,23484.3,23492.3
1748008942110.0,23483.3,23491.3
1748008942308.0,23484.3,23492.3
1748008943057.0,23484.8,23492.8
1748008943257.0,23484.3,23492.3
1748008943457.0,23485.3,23493.3
1748008943657.0,23485.8,23493.8
1748008944057.0,23486.3,23494.3
1748008944258.0,23485.3,23493.3
1748008944989.0,23485.8,23493.8
1748008945188.0,23486.3,23494.3
1748008945432.0,23485.8,23493.8
1748008945631.0,23485.3,23493.3
1748008945831.0,23483.3,23491.3
1748008946213.0,23483.8,23491.8
1748008946612.0,23483.3,23491.3
1748008946823.0,23483.8,23491.8
1748008947226.0,23484.3,23492.3
1748008947813.0,23483.8,23491.8
1748008948506.0,23483.3,23491.3
1748008948705.0,23483.8,23491.8
1748008948905.0,23484.3,23492.3
1748008949105.0,23483.8,23491.8
1748008949506.0,23483.3,23491.3
1748008949704.0,23484.3,23492.3
1748008949905.0,23483.3,23491.3
1748008950109.0,23482.8,23490.8
1748008950305.0,23483.3,23491.3
1748008950505.0,23484.3,23492.3
1748008951106.0,23485.3,23493.3
1748008951638.0,23485.8,23493.8
1748008952333.0,23486.3,23494.3
1748008952835.0,23486.8,23494.8
1748008953034.0,23487.8,23495.8
1748008953719.0,23488.3,23496.3
1748008953832.0,23487.3,23495.3
1748008954032.0,23487.8,23495.8
1748008954433.0,23487.3,23495.3
1748008954632.0,23487.8,23495.8
1748008956466.0,23487.3,23495.3
1748008957721.0,23487.8,23495.8
1748008961717.0,23487.3,23495.3
1748008962043.0,23487.8,23495.8
1748008962443.0,23487.8,23495.8
1748008964341.0,23488.3,23496.3
1748008964539.0,23489.3,23497.3
1748008964938.0,23489.8,23497.8
1748008965138.0,23489.3,23497.3
1748008965365.0,23489.8,23497.8
1748008965570.0,23490.3,23498.3
1748008966197.0,23489.8,23497.8
1748008969028.0,23489.3,23497.3
1748008969226.0,23486.3,23494.3
1748008969465.0,23486.8,23494.8
1748008969864.0,23486.3,23494.3
1748008970064.0,23485.3,23493.3
1748008970264.0,23485.8,23493.8
1748008970687.0,23486.3,23494.3
1748008973846.0,23487.3,23495.3
1748008974048.0,23486.3,23494.3
1748008974246.0,23486.8,23494.8
1748008974503.0,23487.3,23495.3
1748008975205.0,23486.8,23494.8
1748008975399.0,23487.3,23495.3
1748008975765.0,23487.8,23495.8
1748008975964.0,23487.3,23495.3
1748008976246.0,23486.8,23494.8
1748008977324.0,23483.8,23491.8
1748008978715.0,23483.3,23491.3
1748008979209.0,23482.3,23490.3
1748008979405.0,23481.3,23489.3
1748008979604.0,23482.3,23490.3
1748008979865.0,23482.8,23490.8
1748008980264.0,23481.3,23489.3
1748008980463.0,23482.3,23490.3
1748008980963.0,23482.8,23490.8
1748008981163.0,23481.8,23489.8
1748008981360.0,23481.3,23489.3
1748008981771.0,23480.8,23488.8
1748008981971.0,23481.3,23489.3
1748008982625.0,23480.8,23488.8
1748008982823.0,23480.3,23488.3
1748008983227.0,23480.8,23488.8
1748008983434.0,23481.3,23489.3
1748008983628.0,23480.8,23488.8
1748008983828.0,23481.3,23489.3
1748008984761.0,23482.3,23490.3
1748008984959.0,23481.8,23489.8
1748008985522,,
1748008985760,,
1748008985960.0,23482.3,23490.3
1748008986159.0,23481.8,23489.8
1748008986359.0,23480.3,23488.3
1748008986559.0,23479.3,23487.3
1748008986828.0,23479.8,23487.8
1748008987027.0,23480.3,23488.3
1748008987942.0,23479.8,23487.8
1748008988141.0,23479.3,23487.3
1748008988615.0,23478.8,23486.8
1748008989014.0,23478.8,23486.8
1748008989217.0,23479.3,23487.3
1748008989415.0,23479.8,23487.8
1748008989613.0,23479.3,23487.3
1748008990019.0,23478.8,23486.8
1748008990219.0,23478.3,23486.3
1748008990887.0,23478.8,23486.8
1748008991086.0,23479.3,23487.3
1748008991722.0,23479.8,23487.8
1748008991922.0,23479.3,23487.3
1748008993315.0,23478.8,23486.8
1748008993512.0,23478.3,23486.3
1748008993713.0,23479.3,23487.3
1748008993912.0,23479.8,23487.8
1748008994170.0,23479.3,23487.3
1748008994975.0,23478.8,23486.8
1748008995175.0,23478.3,23486.3
1748008995826.0,23477.8,23485.8
1748008996026.0,23478.3,23486.3
1748008996830.0,23478.8,23486.8
1748008998306.0,23479.3,23487.3
1748008998503.0,23479.8,23487.8
1748008998842.0,23480.3,23488.3
1748008999031.0,23481.3,23489.3
1748008999230.0,23482.3,23490.3
1748008999870.0,23481.8,23489.8
1748009000445.0,23483.3,23491.3
1748009000704.0,23482.8,23490.8
1748009000904.0,23482.3,23490.3
1748009001099.0,23481.3,23489.3
1748009001507.0,23480.8,23488.8
1748009001705.0,23480.3,23488.3
1748009001906.0,23481.3,23489.3
1748009002273.0,23481.8,23489.8
1748009002463.0,23483.3,23491.3
1748009002695.0,23482.8,23490.8
1748009003104.0,23483.8,23491.8
1748009004673.0,23483.3,23491.3
1748009005080.0,23481.3,23489.3
1748009005716.0,23480.8,23488.8
1748009005914.0,23481.3,23489.3
1748009006116.0,23479.8,23487.8
1748009006567.0,23478.8,23486.8
1748009006766.0,23479.3,23487.3
1748009008891.0,23479.8,23487.8
1748009009161.0,23480.3,23488.3
1748009009360.0,23482.3,23490.3
1748009009584.0,23482.8,23490.8
1748009009782.0,23483.3,23491.3
1748009010817.0,23483.8,23491.8
1748009011016.0,23484.3,23492.3
1748009011410.0,23483.8,23491.8
1748009012034.0,23484.3,23492.3
1748009012234.0,23484.8,23492.8
1748009012432.0,23484.3,23492.3
1748009012831.0,23483.8,23491.8
1748009013149.0,23482.8,23490.8
1748009013565.0,23482.3,23490.3
1748009013961.0,23483.3,23491.3
1748009014375.0,23483.8,23491.8
1748009014774.0,23484.3,23492.3
1748009015532.0,23483.8,23491.8
1748009015730.0,23483.3,23491.3
1748009015954.0,23482.8,23490.8
1748009016155.0,23482.3,23490.3
1748009017080.0,23482.8,23490.8
1748009017274.0,23482.3,23490.3
1748009017960.0,23482.8,23490.8
1748009018159.0,23479.8,23487.8
1748009018359.0,23479.3,23487.3
1748009018631.0,23478.8,23486.8
1748009018832.0,23479.3,23487.3
1748009019232.0,23478.3,23486.3
1748009019486.0,23478.8,23486.8
1748009019686.0,23479.8,23487.8
1748009019886.0,23479.3,23487.3
1748009020551.0,23478.8,23486.8
1748009020749.0,23479.3,23487.3
1748009021331.0,23479.8,23487.8
1748009022751.0,23482.3,23490.3
1748009022952.0,23483.8,23491.8
1748009023152.0,23484.3,23492.3
1748009023353.0,23483.8,23491.8
1748009024012.0,23484.3,23492.3
1748009024210.0,23483.8,23491.8
1748009024611.0,23487.3,23495.3
1748009024816.0,23487.8,23495.8
1748009025016.0,23487.3,23495.3
1748009025299.0,23486.8,23494.8
1748009026106.0,23486.3,23494.3
1748009026456.0,23485.8,23493.8
1748009026655.0,23485.3,23493.3
1748009027931.0,23484.8,23492.8
1748009028131.0,23483.3,23491.3
1748009029090.0,23483.8,23491.8
1748009029289.0,23484.3,23492.3
1748009029693.0,23485.3,23493.3
1748009030090.0,23485.8,23493.8
1748009030290.0,23486.3,23494.3
1748009030969.0,23486.8,23494.8
1748009031167.0,23486.3,23494.3
1748009032457.0,23486.8,23494.8
1748009032657.0,23486.3,23494.3
1748009033221.0,23486.8,23494.8
1748009033421.0,23486.3,23494.3
1748009033861.0,23486.8,23494.8
1748009034058.0,23487.8,23495.8
1748009034260.0,23487.3,23495.3
1748009035325.0,23487.8,23495.8
1748009036413.0,23485.3,23493.3
1748009036675.0,23484.8,23492.8
1748009036867.0,23485.3,23493.3
1748009037356.0,23484.3,23492.3
1748009040217.0,23483.8,23491.8
1748009040417.0,23484.3,23492.3
1748009040653.0,23484.8,23492.8
1748009040853.0,23484.3,23492.3
1748009041053.0,23485.8,23493.8
1748009041252.0,23487.3,23495.3
1748009041454.0,23486.8,23494.8
1748009041882.0,23487.8,23495.8
1748009042516.0,23489.3,23497.3
1748009043276.0,23488.8,23496.8
1748009043645.0,23489.3,23497.3
1748009043963.0,23488.8,23496.8
1748009045017.0,23489.3,23497.3
1748009045266.0,23488.8,23496.8
1748009045466.0,23489.3,23497.3
1748009045769.0,23488.8,23496.8
1748009049207.0,23489.3,23497.3
1748009049399.0,23490.3,23498.3
1748009049605.0,23490.8,23498.8
1748009050110.0,23490.8,23498.8
1748009050309.0,23491.3,23499.3
1748009050509.0,23490.8,23498.8
1748009050708.0,23491.3,23499.3
1748009051010.0,23490.8,23498.8
1748009051209.0,23491.3,23499.3
1748009051419.0,23491.8,23499.8
1748009051619.0,23492.8,23500.8
1748009052171.0,23492.3,23500.3
1748009052640.0,23491.3,23499.3
1748009053068.0,23490.8,23498.8
1748009053544.0,23490.8,23498.8
1748009053808.0,23491.3,23499.3
1748009054008.0,23491.8,23499.8
1748009054209.0,23491.3,23499.3
1748009055394.0,23491.8,23499.8
1748009055594.0,23491.3,23499.3
1748009055853.0,23491.8,23499.8
1748009057260.0,23492.3,23500.3
1748009057482.0,23491.8,23499.8
1748009057783,,
1748009057883.0,23490.8,23498.8
1748009058307.0,23490.3,23498.3
1748009058506.0,23488.3,23496.3
1748009059507.0,23488.8,23496.8
1748009059906.0,23488.3,23496.3
1748009060105.0,23489.3,23497.3
1748009060911.0,23489.8,23497.8
1748009061510.0,23490.8,23498.8
1748009064046.0,23491.8,23499.8
1748009064895.0,23492.8,23500.8
1748009065096.0,23492.3,23500.3
1748009065295.0,23492.8,23500.8
1748009065744.0,23493.8,23501.8
1748009067039.0,23493.3,23501.3
1748009067238.0,23492.3,23500.3
1748009067547.0,23492.8,23500.8
1748009067735.0,23493.3,23501.3
1748009069999.0,23492.8,23500.8
1748009070205.0,23493.8,23501.8
1748009070675.0,23494.8,23502.8
1748009071330.0,23494.3,23502.3
1748009071609.0,23493.8,23501.8
1748009071808.0,23493.3,23501.3
1748009072382.0,23499.3,23507.3
1748009072579,,
1748009072779,,
1748009073141.0,23499.8,23507.8
1748009073339.0,23500.3,23508.3
1748009073740.0,23499.8,23507.8
1748009074140.0,23500.3,23508.3
1748009074411.0,23500.8,23508.8
1748009074810.0,23503.3,23511.3
1748009075120.0,23503.8,23511.8
1748009076354.0,23503.3,23511.3
1748009076552.0,23501.3,23509.3
1748009076953.0,23502.3,23510.3
1748009077152.0,23501.3,23509.3
1748009077372.0,23501.8,23509.8
1748009077568.0,23501.3,23509.3
1748009077848.0,23500.8,23508.8
1748009078246,,
1748009078446.0,23500.8,23508.8
1748009078647.0,23500.3,23508.3
1748009079584.0,23498.3,23506.3
1748009079984.0,23490.8,23498.8
1748009080184.0,23494.3,23502.3
1748009080381,,
1748009080584.0,23494.8,23502.8
1748009081100.0,23494.3,23502.3
1748009081299.0,23493.3,23501.3
1748009081498.0,23491.8,23499.8
1748009081926.0,23491.3,23499.3
1748009082230.0,23491.8,23499.8
1748009082429.0,23490.3,23498.3
1748009082629.0,23489.8,23497.8
1748009082827.0,23490.3,23498.3
1748009083289.0,23490.8,23498.8
1748009083487.0,23491.3,23499.3
1748009083687.0,23493.3,23501.3
1748009084844.0,23493.8,23501.8
1748009085045.0,23494.3,23502.3
1748009085245.0,23496.3,23504.3
1748009085444.0,23495.8,23503.8
1748009085661.0,23496.3,23504.3
1748009085860.0,23495.8,23503.8
1748009086374.0,23495.3,23503.3
1748009086574.0,23494.8,23502.8
1748009087290.0,23494.3,23502.3
1748009087594.0,23493.8,23501.8
1748009087995.0,23492.8,23500.8
1748009088394.0,23491.8,23499.8
1748009088604.0,23493.8,23501.8
1748009088794.0,23494.3,23502.3
1748009088994.0,23495.3,23503.3
1748009089462.0,23495.3,23503.3
1748009089661.0,23496.3,23504.3
1748009089861.0,23497.3,23505.3
1748009090063.0,23497.8,23505.8
1748009090555.0,23494.8,23502.8
1748009090754.0,23494.3,23502.3
1748009091362.0,23494.8,23502.8
1748009093960.0,23492.3,23500.3
1748009094182.0,23491.8,23499.8
1748009094383.0,23491.3,23499.3
1748009094785.0,23490.8,23498.8
1748009094981.0,23490.3,23498.3
1748009095395.0,23490.8,23498.8
1748009095595.0,23491.3,23499.3
1748009095796.0,23491.8,23499.8
1748009095994.0,23492.3,23500.3
1748009098962.0,23493.3,23501.3
1748009099161.0,23494.3,23502.3
1748009099881.0,23493.8,23501.8
1748009100224.0,23494.3,23502.3
1748009100422.0,23493.8,23501.8
1748009101700.0,23493.3,23501.3
1748009101898.0,23492.8,23500.8
1748009102177.0,23493.3,23501.3
1748009102378.0,23493.8,23501.8
1748009102577,,
1748009102778.0,23494.3,23502.3
1748009103560.0,23494.8,23502.8
1748009104887.0,23493.3,23501.3
1748009105087.0,23494.3,23502.3
1748009105288.0,23494.8,23502.8
1748009105488.0,23494.3,23502.3
1748009105707.0,23493.8,23501.8
1748009105907.0,23494.3,23502.3
1748009106108.0,23493.8,23501.8
1748009106306.0,23492.8,23500.8
1748009106506.0,23494.8,23502.8
1748009108063.0,23495.3,23503.3
1748009108263.0,23495.8,23503.8
1748009109413.0,23494.3,23502.3
1748009109769.0,23494.8,23502.8
1748009110169.0,23495.3,23503.3
1748009110525.0,23494.8,23502.8
1748009110922.0,23495.3,23503.3
1748009111322.0,23494.8,23502.8
1748009111523.0,23495.3,23503.3
1748009112323.0,23493.8,23501.8
1748009112521.0,23494.3,23502.3
1748009112969.0,23495.3,23503.3
1748009113169.0,23494.8,23502.8
1748009113569.0,23495.3,23503.3
1748009113768.0,23494.8,23502.8
1748009114262.0,23495.3,23503.3
1748009114473.0,23495.8,23503.8
1748009115481.0,23495.3,23503.3
1748009116081.0,23497.3,23505.3
1748009116280.0,23496.3,23504.3
1748009116582.0,23495.8,23503.8
1748009116780.0,23495.3,23503.3
1748009117180.0,23495.8,23503.8
1748009117627.0,23496.3,23504.3
1748009118271.0,23496.8,23504.8
1748009118494,,
1748009118672.0,23497.3,23505.3
1748009119165.0,23497.8,23505.8
1748009120848,,
1748009121107.0,23495.8,23503.8
1748009121518.0,23496.3,23504.3
1748009121718.0,23497.3,23505.3
1748009122420.0,23496.8,23504.8
1748009122619.0,23497.3,23505.3
1748009122820.0,23496.3,23504.3
1748009123020.0,23496.8,23504.8
1748009123536.0,23495.8,23503.8
1748009123915.0,23495.3,23503.3
1748009124116.0,23494.8,23502.8
1748009124314.0,23493.8,23501.8
1748009124970.0,23492.3,23500.3
1748009125560.0,23492.8,23500.8
1748009125960.0,23493.3,23501.3
1748009126704.0,23493.8,23501.8
1748009127384.0,23494.3,23502.3
1748009127651.0,23494.8,23502.8
1748009127852.0,23495.3,23503.3
1748009128586.0,23495.3,23503.3
1748009128783.0,23494.8,23502.8
1748009129297.0,23495.3,23503.3
1748009130577.0,23495.8,23503.8
1748009130982.0,23495.3,23503.3
1748009131185.0,23495.8,23503.8
1748009131640.0,23495.3,23503.3
1748009131839.0,23495.8,23503.8
1748009132276.0,23495.3,23503.3
1748009132476.0,23495.8,23503.8
1748009133469.0,23496.3,23504.3
1748009133667.0,23497.3,23505.3
1748009134079,,
1748009135503.0,23494.8,23502.8
1748009137577.0,23495.3,23503.3
1748009137772.0,23494.8,23502.8
1748009138172.0,23494.3,23502.3
1748009138783.0,23494.8,23502.8
1748009138983.0,23496.3,23504.3
1748009139440.0,23495.3,23503.3
1748009139699.0,23495.8,23503.8
1748009139897.0,23496.3,23504.3
1748009140412.0,23495.8,23503.8
1748009140611.0,23495.3,23503.3
1748009141089.0,23495.8,23503.8
1748009141288.0,23496.3,23504.3
1748009141964.0,23495.8,23503.8
1748009142161.0,23494.3,23502.3
1748009142391.0,23494.8,23502.8
1748009142592.0,23494.3,23502.3
1748009143188.0,23493.3,23501.3
1748009143610.0,23493.8,23501.8
1748009143810.0,23494.3,23502.3
1748009144584.0,23493.8,23501.8
1748009144783.0,23494.3,23502.3
1748009145734.0,23493.8,23501.8
1748009145934.0,23493.3,23501.3
1748009148150.0,23493.8,23501.8
1748009148347.0,23494.3,23502.3
1748009149085.0,23493.8,23501.8
1748009149284.0,23493.3,23501.3
1748009149484.0,23492.3,23500.3
1748009149683.0,23491.3,23499.3
1748009150174.0,23492.3,23500.3
1748009150376.0,23492.8,23500.8
1748009150576.0,23493.3,23501.3
1748009151236.0,23493.8,23501.8
1748009151432.0,23493.3,23501.3
1748009151634.0,23492.3,23500.3
1748009151862.0,23492.8,23500.8
1748009152263.0,23493.3,23501.3
1748009153671.0,23493.8,23501.8
1748009153871.0,23493.3,23501.3
1748009154070.0,23493.8,23501.8
1748009154907.0,23494.3,23502.3
1748009155105.0,23495.3,23503.3
1748009155531.0,23494.8,23502.8
1748009155742.0,23494.3,23502.3
1748009156137.0,23493.8,23501.8
1748009156641.0,23493.3,23501.3
1748009156839.0,23494.3,23502.3
1748009157224.0,23493.8,23501.8
1748009157623.0,23492.3,23500.3
1748009157822.0,23491.3,23499.3
1748009158022.0,23504.8,23512.8
1748009158224.0,23506.8,23514.8
1748009158424.0,23505.8,23513.8
1748009158625.0,23507.3,23515.3
1748009158824.0,23506.3,23514.3
1748009159223.0,23507.3,23515.3
1748009159679.0,23507.8,23515.8
1748009159879.0,23508.3,23516.3
1748009160079.0,23507.8,23515.8
1748009160280.0,23506.8,23514.8
1748009160479.0,23505.8,23513.8
1748009160684.0,23503.8,23511.8
1748009160956.0,23503.3,23511.3
1748009161356.0,23504.8,23512.8
1748009161893.0,23503.3,23511.3
1748009162092.0,23503.8,23511.8
1748009162318.0,23504.3,23512.3
1748009162624.0,23503.8,23511.8
1748009162824.0,23503.3,23511.3
1748009163385.0,23503.8,23511.8
1748009163786.0,23503.3,23511.3
1748009164905.0,23503.8,23511.8
1748009165105.0,23503.3,23511.3
1748009165520.0,23503.8,23511.8
1748009166044.0,23504.3,23512.3
1748009166240.0,23504.8,23512.8
1748009167327.0,23505.3,23513.3
1748009168134.0,23504.3,23512.3
1748009168531.0,23505.3,23513.3
1748009168786.0,23505.8,23513.8
1748009168981.0,23506.3,23514.3
1748009169182.0,23505.3,23513.3
1748009169662.0,23505.8,23513.8
1748009169860.0,23506.3,23514.3
1748009170316.0,23506.8,23514.8
1748009170714.0,23508.8,23516.8
1748009171145.0,23509.3,23517.3
1748009171343.0,23508.8,23516.8
1748009171823.0,23507.8,23515.8
1748009172260.0,23505.8,23513.8
1748009172461.0,23505.3,23513.3
1748009172659.0,23506.3,23514.3
1748009173621.0,23507.3,23515.3
1748009173820.0,23508.8,23516.8
1748009174020.0,23507.3,23515.3
1748009175399.0,23506.8,23514.8
1748009175598.0,23506.3,23514.3
1748009175999.0,23508.3,23516.3
1748009176199.0,23506.3,23514.3
1748009176398.0,23505.3,23513.3
1748009176704.0,23504.8,23512.8
1748009176904.0,23502.8,23510.8
1748009178161.0,23503.3,23511.3
1748009178431.0,23503.8,23511.8
1748009178631.0,23504.3,23512.3
1748009179369.0,23504.8,23512.8
1748009179567.0,23505.8,23513.8
1748009179969.0,23502.8,23510.8
1748009180794.0,23502.3,23510.3
1748009181528.0,23501.8,23509.8
1748009181728.0,23502.3,23510.3
1748009181927.0,23501.3,23509.3
1748009183171.0,23501.8,23509.8
1748009183370.0,23501.3,23509.3
1748009183857.0,23500.8,23508.8
1748009184058.0,23501.3,23509.3
1748009184412.0,23500.8,23508.8
1748009184613.0,23500.3,23508.3
1748009185034.0,23499.8,23507.8
1748009185234.0,23499.3,23507.3
1748009185874.0,23498.3,23506.3
1748009186075.0,23499.3,23507.3
1748009186274.0,23498.3,23506.3
1748009186823.0,23498.8,23506.8
1748009187020.0,23499.8,23507.8
1748009187421.0,23501.8,23509.8
1748009187621.0,23503.8,23511.8
1748009187820.0,23504.8,23512.8
1748009188220.0,23504.8,23512.8
1748009188830.0,23504.3,23512.3
1748009189291,,
1748009189746.0,23504.8,23512.8
1748009190086.0,23504.3,23512.3
1748009190506.0,23504.8,23512.8
1748009190703.0,23505.3,23513.3
1748009190931.0,23505.8,23513.8
1748009191133.0,23505.3,23513.3
1748009191334.0,23504.8,23512.8
1748009191731.0,23505.3,23513.3
1748009192378.0,23504.3,23512.3
1748009192792.0,23504.8,23512.8
1748009193334.0,23504.3,23512.3
1748009193536.0,23504.8,23512.8
1748009193737.0,23505.8,23513.8
1748009194151.0,23505.3,23513.3
1748009194349.0,23504.3,23512.3
1748009194549.0,23504.8,23512.8
1748009194749.0,23504.3,23512.3
1748009195997.0,23506.3,23514.3
1748009196199.0,23506.8,23514.8
1748009196396.0,23506.3,23514.3
1748009196706.0,23505.8,23513.8
1748009196914.0,23505.3,23513.3
1748009198194.0,23505.8,23513.8
1748009198393.0,23506.3,23514.3
1748009199199.0,23505.8,23513.8
1748009199400.0,23505.3,23513.3
1748009200696.0,23504.8,23512.8
1748009200896.0,23504.3,23512.3
1748009201526.0,23504.8,23512.8
1748009202469.0,23504.3,23512.3
1748009205059.0,23504.8,23512.8
1748009205340.0,23504.3,23512.3
1748009205683.0,23504.8,23512.8
1748009206186.0,23506.3,23514.3
1748009206593.0,23507.3,23515.3
1748009206999.0,23507.8,23515.8
1748009207196.0,23506.3,23514.3
1748009207961.0,23507.8,23515.8
1748009208314.0,23507.3,23515.3
1748009209999.0,23507.8,23515.8
1748009210204.0,23509.3,23517.3
1748009210638.0,23508.8,23516.8
1748009210845.0,23508.3,23516.3
1748009211037.0,23507.3,23515.3
1748009211380.0,23507.8,23515.8
1748009211578.0,23508.3,23516.3
1748009211780.0,23507.8,23515.8
1748009211979.0,23507.3,23515.3
1748009212692.0,23507.8,23515.8
1748009212890.0,23508.3,23516.3
1748009213234,,
1748009214948.0,23508.8,23516.8
1748009215146.0,23508.3,23516.3
1748009216894.0,23507.8,23515.8
1748009217091.0,23508.3,23516.3
1748009217752.0,23507.8,23515.8
1748009218036.0,23508.3,23516.3
1748009218844,,
1748009219107.0,23508.8,23516.8
1748009219306.0,23508.3,23516.3
1748009219674.0,23507.8,23515.8
1748009219921.0,23508.3,23516.3
1748009220603.0,23508.8,23516.8
1748009220956.0,23508.3,23516.3
1748009221289.0,23507.8,23515.8
1748009221488.0,23508.3,23516.3
1748009221909.0,23508.8,23516.8
1748009222705.0,23508.3,23516.3
1748009223110.0,23510.3,23518.3
1748009223644.0,23510.8,23518.8
1748009223845.0,23510.3,23518.3
1748009227800.0,23510.8,23518.8
1748009228658.0,23509.8,23517.8
1748009228855.0,23510.3,23518.3
1748009229684.0,23509.8,23517.8
1748009229882.0,23510.8,23518.8
1748009231168.0,23511.3,23519.3
1748009231439.0,23510.8,23518.8
1748009232574.0,23511.3,23519.3
1748009232975.0,23512.3,23520.3
1748009233175.0,23511.3,23519.3
1748009233374.0,23510.8,23518.8
1748009233773.0,23510.8,23518.8
1748009233973.0,23512.3,23520.3
1748009234174.0,23512.8,23520.8
1748009234574.0,23511.3,23519.3
1748009234797.0,23511.8,23519.8
1748009235515.0,23512.3,23520.3
1748009235714.0,23511.3,23519.3
1748009236105.0,23510.8,23518.8
1748009236305.0,23510.3,23518.3
1748009236730.0,23510.8,23518.8
1748009237789.0,23510.3,23518.3
1748009238336.0,23509.8,23517.8
1748009238536.0,23507.3,23515.3
1748009240531.0,23506.8,23514.8
1748009240930.0,23508.3,23516.3
1748009241128.0,23507.8,23515.8
1748009241530.0,23507.3,23515.3
1748009241728.0,23508.3,23516.3
1748009242317.0,23507.8,23515.8
1748009242515.0,23508.3,23516.3
1748009243182.0,23508.8,23516.8
1748009243920.0,23509.8,23517.8
1748009244911.0,23509.3,23517.3
1748009245110.0,23509.8,23517.8
1748009245521.0,23510.3,23518.3
1748009246443.0,23509.8,23517.8
1748009247304.0,23510.3,23518.3
1748009247503.0,23511.3,23519.3
1748009247708.0,23510.8,23518.8
1748009248120.0,23509.3,23517.3
1748009249662.0,23508.8,23516.8
1748009249862.0,23506.3,23514.3
1748009250180.0,23505.8,23513.8
1748009250582.0,23505.8,23513.8
1748009250783.0,23506.3,23514.3
1748009252089.0,23505.8,23513.8
1748009252289.0,23505.3,23513.3
1748009253113.0,23504.8,23512.8
1748009253511.0,23504.8,23512.8
1748009253709.0,23505.3,23513.3
1748009254150.0,23504.8,23512.8
1748009254349.0,23505.3,23513.3
1748009255376.0,23505.8,23513.8
1748009256319.0,23505.3,23513.3
1748009256518.0,23504.3,23512.3
1748009256715.0,23505.3,23513.3
1748009256920.0,23505.8,23513.8
1748009258741.0,23505.3,23513.3
1748009259028.0,23505.8,23513.8
1748009260860.0,23506.3,23514.3
1748009261467.0,23508.3,23516.3
1748009261666.0,23509.3,23517.3
1748009262481,,
1748009262612.0,23508.8,23516.8
1748009263087.0,23508.3,23516.3
1748009263285.0,23507.3,23515.3
1748009263491.0,23508.3,23516.3
1748009263924.0,23508.8,23516.8
1748009264123.0,23509.3,23517.3
1748009264325.0,23509.8,23517.8
1748009264584.0,23509.3,23517.3
1748009264823.0,23509.8,23517.8
1748009265446.0,23509.3,23517.3
1748009265626.0,23508.3,23516.3
1748009266007.0,23507.8,23515.8
1748009266205.0,23507.3,23515.3
1748009267107.0,23507.8,23515.8
1748009267307.0,23507.3,23515.3
1748009268282.0,23506.8,23514.8
1748009268967.0,23507.3,23515.3
1748009269174.0,23507.8,23515.8
1748009269366.0,23507.3,23515.3
1748009269565.0,23507.8,23515.8
1748009269888.0,23507.3,23515.3
1748009270534.0,23506.3,23514.3
1748009270944.0,23506.8,23514.8
1748009271342.0,23506.3,23514.3
1748009271543.0,23505.3,23513.3
1748009272105.0,23505.8,23513.8
1748009272304.0,23506.3,23514.3
1748009273279.0,23505.8,23513.8
1748009273584.0,23506.3,23514.3
1748009273985.0,23505.8,23513.8
1748009274321.0,23506.3,23514.3
1748009274519.0,23505.8,23513.8
1748009275363.0,23506.3,23514.3
1748009276308.0,23506.8,23514.8
1748009276503.0,23505.8,23513.8
1748009276704.0,23505.3,23513.3
1748009278387.0,23504.8,23512.8
1748009278586.0,23503.3,23511.3
1748009280241.0,23503.8,23511.8
1748009280603.0,23504.3,23512.3
1748009280805.0,23505.8,23513.8
1748009281207.0,23506.3,23514.3
1748009281404.0,23507.3,23515.3
1748009281600.0,23506.8,23514.8
1748009281805.0,23505.8,23513.8
1748009282225.0,23505.3,23513.3
1748009282748.0,23505.8,23513.8
1748009282946.0,23506.3,23514.3
1748009284070.0,23505.8,23513.8
1748009284354.0,23506.3,23514.3
1748009284728.0,23505.8,23513.8
1748009284926.0,23504.8,23512.8
1748009285346.0,23505.3,23513.3
1748009285545.0,23505.8,23513.8
1748009285744.0,23505.3,23513.3
1748009286103.0,23504.8,23512.8
1748009287181.0,23506.3,23514.3
1748009288028.0,23506.8,23514.8
1748009289015.0,23506.3,23514.3
1748009289415.0,23506.3,23514.3
1748009289645.0,23506.8,23514.8
1748009289850.0,23508.3,23516.3
1748009290245.0,23507.3,23515.3
1748009291019.0,23507.3,23515.3
1748009291220.0,23507.8,23515.8
1748009292356.0,23507.3,23515.3
1748009292556.0,23506.3,23514.3
1748009292755.0,23508.3,23516.3
1748009293305.0,23507.8,23515.8
1748009294211.0,23508.3,23516.3
1748009294408.0,23507.8,23515.8
1748009294870.0,23507.3,23515.3
1748009295469.0,23507.8,23515.8
1748009295668.0,23508.3,23516.3
1748009296661.0,23507.8,23515.8
1748009296860.0,23508.3,23516.3
1748009297063.0,23507.3,23515.3
1748009297260.0,23506.8,23514.8
1748009297761.0,23506.3,23514.3
1748009298687.0,23506.8,23514.8
1748009298886.0,23506.3,23514.3
1748009300259.0,23505.8,23513.8
1748009300459.0,23506.3,23514.3
1748009300719.0,23505.8,23513.8
1748009300915.0,23505.3,23513.3
1748009303160.0,23504.8,23512.8
1748009303358.0,23503.8,23511.8
1748009303562.0,23502.8,23510.8
1748009304087.0,23502.8,23510.8
1748009308814.0,23500.8,23508.8
1748009309319.0,23500.3,23508.3
1748009309918.0,23502.3,23510.3
1748009310391.0,23501.8,23509.8
1748009311243.0,23502.3,23510.3
1748009311443.0,23502.8,23510.8
1748009311643.0,23502.3,23510.3
1748009311911.0,23502.8,23510.8
1748009312110.0,23503.3,23511.3
1748009312552.0,23502.3,23510.3
1748009314580.0,23502.8,23510.8
1748009314980.0,23503.3,23511.3
1748009315465.0,23503.8,23511.8
1748009315665.0,23505.3,23513.3
1748009316293.0,23505.3,23513.3
1748009316610.0,23504.8,23512.8
1748009316809.0,23504.3,23512.3
1748009317080.0,23504.8,23512.8
1748009317281.0,23506.3,23514.3
1748009317480.0,23507.3,23515.3
1748009317681.0,23507.8,23515.8
1748009317879.0,23507.3,23515.3
1748009318457.0,23506.8,23514.8
1748009318657.0,23507.8,23515.8
1748009318861.0,23508.3,23516.3
1748009319061.0,23508.8,23516.8
1748009319261.0,23512.8,23520.8
1748009319463.0,23511.8,23519.8
1748009319662.0,23512.3,23520.3
1748009320649.0,23512.8,23520.8
1748009324289.0,23514.8,23522.8
1748009324490.0,23516.3,23524.3
1748009324688.0,23517.8,23525.8
1748009324889.0,23518.3,23526.3
1748009325091.0,23517.3,23525.3
1748009325350.0,23516.8,23524.8
1748009325550.0,23514.3,23522.3
1748009325921.0,23514.8,23522.8
1748009326319.0,23514.3,23522.3
1748009328047.0,23513.8,23521.8
1748009329260.0,23514.3,23522.3
1748009329460.0,23513.8,23521.8
1748009330466.0,23515.3,23523.3
1748009330994.0,23515.8,23523.8
1748009331193.0,23515.3,23523.3
1748009331406.0,23515.8,23523.8
1748009331603.0,23516.8,23524.8
1748009331803.0,23517.3,23525.3
1748009332287.0,23519.3,23527.3
1748009332486.0,23518.8,23526.8
1748009333069.0,23518.3,23526.3
1748009333476.0,23517.3,23525.3
1748009333936,,
1748009334076.0,23517.8,23525.8
1748009334277.0,23518.3,23526.3
1748009334476.0,23519.8,23527.8
1748009334949.0,23519.3,23527.3
1748009335605.0,23518.8,23526.8
1748009336111.0,23518.3,23526.3
1748009336510.0,23518.3,23526.3
1748009336840.0,23517.8,23525.8
1748009337190.0,23518.3,23526.3
1748009337585.0,23518.3,23526.3
1748009337783.0,23519.3,23527.3
1748009337983.0,23520.3,23528.3
1748009338584,,
1748009339730.0,23520.8,23528.8
1748009340505.0,23521.8,23529.8
1748009340703.0,23521.3,23529.3
1748009341007,,
1748009341108.0,23521.8,23529.8
1748009341336.0,23522.3,23530.3
1748009341605.0,23521.8,23529.8
1748009342728.0,23520.3,23528.3
1748009343231.0,23519.8,23527.8
1748009345020.0,23520.3,23528.3
1748009345367,,
1748009345467.0,23520.8,23528.8
1748009345634.0,23520.3,23528.3
1748009345838.0,23519.8,23527.8
1748009347183,,
1748009347364.0,23518.8,23526.8
1748009347583.0,23517.8,23525.8
1748009347763.0,23516.3,23524.3
1748009347963.0,23515.8,23523.8
1748009348364.0,23517.3,23525.3
1748009348731.0,23516.8,23524.8
1748009348931.0,23516.3,23524.3
1748009350297.0,23516.8,23524.8
1748009350697.0,23516.3,23524.3
1748009350897.0,23517.3,23525.3
1748009351496.0,23516.8,23524.8
1748009351695.0,23515.8,23523.8
1748009352104.0,23516.3,23524.3
1748009352349.0,23515.8,23523.8
1748009352553.0,23516.3,23524.3
1748009353023.0,23515.8,23523.8
1748009353226.0,23516.3,23524.3
1748009353585.0,23516.8,23524.8
1748009353786.0,23517.8,23525.8
1748009353985.0,23518.3,23526.3
1748009354258.0,23517.8,23525.8
1748009354455.0,23518.3,23526.3
1748009355432.0,23518.3,23526.3
1748009356039.0,23518.8,23526.8
1748009356332.0,23518.3,23526.3
1748009357661.0,23518.8,23526.8
1748009358665.0,23518.3,23526.3
1748009359071.0,23517.8,23525.8
1748009359270.0,23516.3,23524.3
1748009359469.0,23515.3,23523.3
1748009360116.0,23515.8,23523.8
1748009360316.0,23516.3,23524.3
1748009360721.0,23514.3,23522.3
1748009361819.0,23515.3,23523.3
1748009362364.0,23515.8,23523.8
1748009364881.0,23516.3,23524.3
1748009365075.0,23517.8,23525.8
1748009365425.0,23517.3,23525.3
1748009365627.0,23515.8,23523.8
1748009366019.0,23516.3,23524.3
1748009366220.0,23514.3,23522.3
1748009366420.0,23515.3,23523.3
1748009366971.0,23515.8,23523.8
1748009367172.0,23515.3,23523.3
1748009367464.0,23515.8,23523.8
1748009367715.0,23515.3,23523.3
1748009369279.0,23515.3,23523.3
1748009369507.0,23515.8,23523.8
1748009369760.0,23515.3,23523.3
1748009370225.0,23514.8,23522.8
1748009370427.0,23515.3,23523.3
1748009370824.0,23515.8,23523.8
1748009372050.0,23516.3,23524.3
1748009372247.0,23517.3,23525.3
1748009372531.0,23516.8,23524.8
1748009372728.0,23516.3,23524.3
1748009372930.0,23515.3,23523.3
1748009373512.0,23514.8,23522.8
1748009373711.0,23513.3,23521.3
1748009373910.0,23514.3,23522.3
1748009374312.0,23513.3,23521.3
1748009374512.0,23512.3,23520.3
1748009374752.0,23511.8,23519.8
1748009375142.0,23512.3,23520.3
1748009375638.0,23512.8,23520.8
1748009375837.0,23512.3,23520.3
1748009376317.0,23512.8,23520.8
1748009376517.0,23512.3,23520.3
1748009376755.0,23512.8,23520.8
1748009377773.0,23513.8,23521.8
1748009378152.0,23514.3,23522.3
1748009378753.0,23514.8,23522.8
1748009379217.0,23514.3,23522.3
1748009379847,,
1748009380320.0,23514.8,23522.8
1748009380785.0,23515.3,23523.3
1748009381185.0,23514.3,23522.3
1748009381826.0,23514.8,23522.8
1748009382027.0,23514.3,23522.3
1748009383873.0,23513.8,23521.8
1748009384559.0,23517.3,23525.3
1748009385770.0,23516.8,23524.8
1748009385969.0,23516.3,23524.3
1748009386512.0,23515.8,23523.8
1748009386907.0,23516.3,23524.3
1748009388173.0,23515.8,23523.8
1748009388429.0,23516.3,23524.3
1748009388905.0,23515.8,23523.8
1748009392114.0,23514.3,23522.3
1748009392319,,
1748009392724.0,23513.8,23521.8
1748009392922.0,23512.3,23520.3
1748009393322.0,23513.3,23521.3
1748009393523.0,23512.3,23520.3
1748009396714.0,23511.8,23519.8
1748009398134.0,23512.3,23520.3
1748009399206.0,23511.8,23519.8
1748009400405.0,23510.3,23518.3
1748009401490.0,23510.8,23518.8
1748009401907.0,23510.3,23518.3
1748009402412.0,23509.8,23517.8
1748009402750.0,23510.3,23518.3
1748009403574.0,23510.8,23518.8
1748009403981.0,23510.3,23518.3
1748009404514.0,23509.8,23517.8
1748009404713.0,23509.3,23517.3
1748009405642.0,23508.8,23516.8
1748009407624.0,23507.3,23515.3
1748009408570.0,23507.8,23515.8
1748009408764.0,23508.8,23516.8
1748009409343.0,23509.3,23517.3
1748009409547.0,23510.8,23518.8
1748009409741.0,23511.8,23519.8
1748009409938.0,23512.8,23520.8
1748009410349.0,23512.3,23520.3
1748009410549.0,23512.8,23520.8
1748009410801.0,23512.3,23520.3
1748009411198.0,23511.3,23519.3
1748009411605.0,23509.8,23517.8
1748009411806.0,23508.3,23516.3
1748009412493.0,23507.8,23515.8
1748009412705.0,23507.3,23515.3
1748009412892.0,23507.8,23515.8
1748009413520.0,23506.8,23514.8
1748009413876.0,23506.3,23514.3
1748009414276.0,23508.3,23516.3
1748009414486.0,23507.8,23515.8
1748009414685.0,23507.3,23515.3
1748009415347.0,23507.8,23515.8
1748009415609.0,23508.3,23516.3
1748009415952.0,23507.8,23515.8
1748009416150.0,23507.3,23515.3
1748009416466.0,23507.8,23515.8
1748009416665.0,23507.3,23515.3
1748009416865.0,23506.3,23514.3
1748009417311.0,23505.8,23513.8
1748009417764.0,23506.3,23514.3
1748009417962,,
1748009418209.0,23505.8,23513.8
1748009418528.0,23506.3,23514.3
1748009418726.0,23506.8,23514.8
1748009418927.0,23506.3,23514.3
1748009421373.0,23506.8,23514.8
1748009421767.0,23508.3,23516.3
1748009422510.0,23507.8,23515.8
1748009422708.0,23507.3,23515.3
1748009422906.0,23506.3,23514.3
1748009423645.0,23506.8,23514.8
1748009424488.0,23507.3,23515.3
1748009424931.0,23506.8,23514.8
1748009425131.0,23506.3,23514.3
1748009425484.0,23505.8,23513.8
1748009426265.0,23506.3,23514.3
1748009426464.0,23507.3,23515.3
1748009426675.0,23506.8,23514.8
1748009427081.0,23507.3,23515.3
1748009428082.0,23506.8,23514.8
1748009428282.0,23506.3,23514.3
1748009429198.0,23506.3,23514.3
1748009429566.0,23506.8,23514.8
1748009429766.0,23506.3,23514.3
1748009430784.0,23507.3,23515.3
1748009430984.0,23506.8,23514.8
1748009431806.0,23506.3,23514.3
1748009432004.0,23505.8,23513.8
1748009432898.0,23505.3,23513.3
1748009433098.0,23504.3,23512.3
1748009433366.0,23504.8,23512.8
1748009433567.0,23505.3,23513.3
1748009433867.0,23505.8,23513.8
1748009434836.0,23505.3,23513.3
1748009435035.0,23504.8,23512.8
1748009435235.0,23504.3,23512.3
1748009435435.0,23504.8,23512.8
1748009435634.0,23504.3,23512.3
1748009435833.0,23504.8,23512.8
1748009436036.0,23504.3,23512.3
1748009436233.0,23504.8,23512.8
1748009436637.0,23505.8,23513.8
1748009436835.0,23505.3,23513.3
1748009437587.0,23505.8,23513.8
1748009437989.0,23505.3,23513.3
1748009438770.0,23505.3,23513.3
1748009439296.0,23504.3,23512.3
1748009439495.0,23505.3,23513.3
1748009440319.0,23504.8,23512.8
1748009441713.0,23504.3,23512.3
1748009441923.0,23503.8,23511.8
1748009442121.0,23504.3,23512.3
1748009442322.0,23503.8,23511.8
1748009442522.0,23502.8,23510.8
1748009443304.0,23503.8,23511.8
1748009443503.0,23504.3,23512.3
1748009443704.0,23505.8,23513.8
1748009443904.0,23505.3,23513.3
1748009444352.0,23506.8,23514.8
1748009445438,,
1748009445724.0,23507.3,23515.3
1748009445923.0,23506.8,23514.8
1748009450677.0,23508.3,23516.3
1748009450877.0,23508.8,23516.8
1748009451076.0,23508.3,23516.3
1748009451530.0,23507.8,23515.8
1748009453405.0,23505.8,23513.8
1748009453604.0,23504.8,23512.8
1748009453804.0,23504.3,23512.3
1748009454376.0,23503.3,23511.3
1748009454705.0,23502.8,23510.8
1748009455785.0,23500.8,23508.8
1748009455983.0,23500.3,23508.3
1748009456183.0,23499.3,23507.3
1748009456385.0,23498.3,23506.3
1748009456582.0,23499.8,23507.8
1748009456782.0,23500.8,23508.8
1748009456984.0,23501.3,23509.3
1748009457340.0,23500.8,23508.8
1748009457538,,
1748009457938.0,23500.8,23508.8
1748009458140.0,23501.3,23509.3
1748009458340.0,23500.8,23508.8
1748009458564.0,23500.3,23508.3
1748009458763.0,23499.3,23507.3
1748009458962.0,23498.8,23506.8
1748009459162.0,23500.3,23508.3
1748009459368,,
1748009460261.0,23499.8,23507.8
1748009462046,,
1748009464869,,
1748009465272.0,23498.8,23506.8
1748009465871.0,23499.3,23507.3
1748009466070.0,23499.8,23507.8
1748009466405.0,23500.3,23508.3
1748009466604.0,23499.8,23507.8
1748009466805.0,23498.3,23506.3
1748009467005.0,23496.3,23504.3
1748009467206.0,23496.8,23504.8
1748009467410.0,23497.3,23505.3
1748009467656.0,23497.8,23505.8
1748009467857.0,23498.3,23506.3
1748009468227.0,23497.8,23505.8
1748009468424,,
1748009469374.0,23499.3,23507.3
1748009469904.0,23498.3,23506.3
1748009470103.0,23497.8,23505.8
1748009470623.0,23497.3,23505.3
1748009470820.0,23496.8,23504.8
1748009471019.0,23496.3,23504.3
1748009472336.0,23495.8,23503.8
1748009472794.0,23495.3,23503.3
1748009472996.0,23495.8,23503.8
1748009473521.0,23495.3,23503.3
1748009473890.0,23495.8,23503.8
1748009474293.0,23495.3,23503.3
1748009474870.0,23495.8,23503.8
1748009476718.0,23496.3,23504.3
1748009476921.0,23497.3,23505.3
1748009477317.0,23497.3,23505.3
1748009477516.0,23497.8,23505.8
1748009477714.0,23497.3,23505.3
1748009478472.0,23497.8,23505.8
1748009478673.0,23497.3,23505.3
1748009478871.0,23497.8,23505.8
1748009479072.0,23498.3,23506.3
1748009479504.0,23498.3,23506.3
1748009479703.0,23497.8,23505.8
1748009479903.0,23497.3,23505.3
1748009480703.0,23497.8,23505.8
1748009481105.0,23497.3,23505.3
1748009482417.0,23497.3,23505.3
1748009483042.0,23497.8,23505.8
1748009483266.0,23497.3,23505.3
1748009483881.0,23497.8,23505.8
1748009484280.0,23500.3,23508.3
1748009484479.0,23499.3,23507.3
1748009485586.0,23498.8,23506.8
1748009485784.0,23500.3,23508.3
1748009486263.0,23500.8,23508.8
1748009486465.0,23500.3,23508.3
1748009486781.0,23499.3,23507.3
1748009487181.0,23497.3,23505.3
1748009487381.0,23496.8,23504.8
1748009487581.0,23497.3,23505.3
1748009487785.0,23497.8,23505.8
1748009488157.0,23498.3,23506.3
1748009488554.0,23497.3,23505.3
1748009488753.0,23498.3,23506.3
1748009489504.0,23497.8,23505.8
1748009489861.0,23498.3,23506.3
1748009490360.0,23497.8,23505.8
1748009490559.0,23497.3,23505.3
1748009490764.0,23496.8,23504.8
1748009490965.0,23497.3,23505.3
1748009491748.0,23497.3,23505.3
1748009492004.0,23497.8,23505.8
1748009492204.0,23497.3,23505.3
1748009493045.0,23496.8,23504.8
1748009493245.0,23496.3,23504.3
1748009493445.0,23496.8,23504.8
1748009493645.0,23499.8,23507.8
1748009493845.0,23498.3,23506.3
1748009495593.0,23498.8,23506.8
1748009495991.0,23499.3,23507.3
1748009496798.0,23499.8,23507.8
1748009496996.0,23499.3,23507.3
1748009497574.0,23499.8,23507.8
1748009497773.0,23499.3,23507.3
1748009498645.0,23499.3,23507.3
1748009500525.0,23499.8,23507.8
1748009500724.0,23499.3,23507.3
1748009500949.0,23498.8,23506.8
1748009503369.0,23501.3,23509.3
1748009503576.0,23501.8,23509.8
1748009504126.0,23501.3,23509.3
1748009504427,,
1748009505347.0,23501.8,23509.8
1748009505547.0,23502.3,23510.3
1748009506208.0,23503.3,23511.3
1748009506436.0,23502.8,23510.8
1748009506636.0,23502.3,23510.3
1748009507289.0,23502.8,23510.8
1748009507610.0,23503.3,23511.3
1748009508894.0,23503.8,23511.8
1748009509093.0,23503.3,23511.3
1748009509799.0,23502.8,23510.8
1748009509998.0,23501.8,23509.8
1748009510235.0,23501.3,23509.3
1748009511451.0,23501.8,23509.8
1748009511660.0,23502.8,23510.8
1748009511850.0,23502.3,23510.3
1748009513050.0,23502.8,23510.8
1748009513250.0,23502.3,23510.3
1748009513449.0,23502.8,23510.8
1748009513709.0,23502.3,23510.3
1748009515118.0,23501.8,23509.8
1748009515318.0,23502.3,23510.3
1748009515515.0,23502.8,23510.8
1748009515716.0,23502.3,23510.3
1748009515924.0,23502.8,23510.8
1748009516292.0,23502.3,23510.3
1748009516492.0,23501.8,23509.8
1748009516734.0,23501.3,23509.3
1748009517169.0,23501.3,23509.3
1748009518167.0,23500.8,23508.8
1748009518480.0,23500.3,23508.3
1748009518681.0,23500.8,23508.8
1748009519408.0,23501.3,23509.3
1748009519807.0,23500.8,23508.8
1748009520008.0,23501.8,23509.8
1748009520208.0,23502.8,23510.8
1748009520408.0,23502.3,23510.3
1748009520609.0,23501.8,23509.8
1748009520876.0,23502.3,23510.3
1748009521076.0,23502.8,23510.8
1748009521277.0,23502.3,23510.3
1748009521690.0,23501.3,23509.3
1748009521889.0,23502.8,23510.8
1748009522227.0,23502.3,23510.3
1748009522848.0,23502.8,23510.8
1748009523156.0,23502.3,23510.3
1748009523686.0,23501.8,23509.8
1748009523885.0,23502.3,23510.3
1748009524087.0,23502.8,23510.8
1748009524285.0,23502.3,23510.3
1748009524543.0,23502.8,23510.8
1748009524888.0,23503.3,23511.3
1748009525090.0,23503.8,23511.8
1748009525822.0,23504.3,23512.3
1748009527132.0,23503.8,23511.8
1748009527331.0,23502.8,23510.8
1748009527969.0,23502.3,23510.3
1748009528169.0,23502.8,23510.8
1748009528493.0,23503.3,23511.3
1748009528694.0,23502.8,23510.8
1748009529092.0,23501.3,23509.3
1748009529291.0,23500.3,23508.3
1748009529571.0,23500.8,23508.8
1748009529773.0,23501.3,23509.3
1748009530285.0,23501.8,23509.8
1748009530485.0,23502.8,23510.8
1748009530686.0,23501.3,23509.3
1748009530885.0,23502.3,23510.3
1748009531087.0,23503.8,23511.8
1748009531446.0,23503.3,23511.3
1748009531645.0,23502.3,23510.3
1748009531846.0,23503.3,23511.3
1748009532245.0,23504.3,23512.3
1748009533505.0,23504.8,23512.8
1748009533708.0,23504.3,23512.3
1748009534108.0,23506.3,23514.3
1748009534310.0,23506.8,23514.8
1748009534508.0,23508.3,23516.3
1748009534707.0,23507.3,23515.3
1748009535106.0,23505.3,23513.3
1748009535306.0,23504.8,23512.8
1748009535507.0,23505.3,23513.3
1748009535919.0,23505.8,23513.8
1748009536752.0,23506.3,23514.3
1748009536952.0,23505.3,23513.3
1748009537404.0,23505.8,23513.8
1748009538194.0,23507.3,23515.3
1748009539154.0,23510.3,23518.3
1748009539355.0,23509.3,23517.3
1748009539755.0,23509.8,23517.8
1748009539955.0,23510.3,23518.3
1748009540155.0,23511.3,23519.3
1748009540354.0,23512.3,23520.3
1748009540691.0,23512.8,23520.8
1748009540893.0,23514.3,23522.3
1748009541091.0,23513.3,23521.3
1748009541551.0,23513.8,23521.8
1748009541750.0,23514.3,23522.3
1748009542150.0,23515.3,23523.3
1748009542462.0,23515.8,23523.8
1748009542863.0,23516.3,23524.3
1748009543065.0,23517.8,23525.8
1748009543264.0,23517.3,23525.3
1748009544649.0,23516.8,23524.8
1748009545561,,
1748009545661.0,23517.3,23525.3
1748009546626.0,23517.8,23525.8
1748009548591.0,23518.3,23526.3
1748009548787,,
1748009548989.0,23517.8,23525.8
1748009550199.0,23519.8,23527.8
1748009550393.0,23520.3,23528.3
1748009550591.0,23519.8,23527.8
1748009550981.0,23520.3,23528.3
1748009551997.0,23520.8,23528.8
1748009552392,,
1748009552696.0,23521.8,23529.8
1748009552897.0,23522.8,23530.8
1748009553097.0,23523.3,23531.3
1748009553297.0,23523.8,23531.8
1748009553497.0,23522.3,23530.3
1748009553811.0,23522.8,23530.8
1748009554010.0,23522.3,23530.3
1748009554520,,
1748009554717.0,23522.3,23530.3
1748009554915.0,23522.8,23530.8
1748009555317.0,23522.3,23530.3
1748009555518.0,23522.8,23530.8
1748009555760.0,23523.3,23531.3
1748009556585.0,23522.8,23530.8
1748009556781.0,23523.8,23531.8
1748009557152.0,23523.3,23531.3
1748009557351.0,23522.3,23530.3
1748009558222.0,23522.8,23530.8
1748009558420.0,23522.3,23530.3
1748009558623.0,23522.8,23530.8
1748009558972.0,23523.3,23531.3
1748009560105.0,23522.8,23530.8
1748009560298.0,23523.3,23531.3
1748009560696.0,23522.8,23530.8
1748009561099.0,23523.3,23531.3
1748009561543.0,23522.8,23530.8
1748009561942.0,23524.8,23532.8
1748009562141.0,23524.3,23532.3
1748009562350.0,23525.3,23533.3
1748009562744.0,23524.3,23532.3
1748009563336.0,23524.8,23532.8
1748009563537.0,23524.3,23532.3
1748009563819.0,23524.8,23532.8
1748009564218.0,23523.8,23531.8
1748009564419.0,23524.3,23532.3
1748009565062.0,23523.8,23531.8
1748009565251.0,23523.3,23531.3
1748009565760.0,23522.8,23530.8
1748009565958.0,23523.3,23531.3
1748009566440.0,23523.3,23531.3
1748009566848.0,23523.8,23531.8
1748009567052.0,23524.3,23532.3
1748009567742.0,23524.3,23532.3
1748009568343.0,23523.8,23531.8
1748009568847.0,23523.3,23531.3
1748009569048.0,23523.8,23531.8
1748009569445.0,23522.3,23530.3
1748009569846.0,23522.8,23530.8
1748009570045.0,23522.3,23530.3
1748009570448.0,23522.8,23530.8
1748009570646.0,23523.8,23531.8
1748009570847.0,23523.3,23531.3
1748009571047.0,23522.8,23530.8
1748009571480.0,23523.3,23531.3
1748009571823.0,23523.8,23531.8
1748009572224.0,23524.3,23532.3
1748009572424.0,23524.8,23532.8
1748009573098.0,23524.3,23532.3
1748009573497.0,23523.8,23531.8
1748009574129.0,23523.3,23531.3
1748009574324.0,23522.8,23530.8
1748009574824.0,23523.3,23531.3
1748009575022.0,23524.3,23532.3
1748009575223.0,23523.3,23531.3
1748009575624.0,23522.8,23530.8
1748009576008.0,23523.3,23531.3
1748009576734.0,23522.8,23530.8
1748009577395.0,23523.3,23531.3
1748009579590.0,23522.8,23530.8
1748009580110.0,23522.3,23530.3
1748009580309.0,23521.8,23529.8
1748009580507.0,23522.3,23530.3
1748009580907.0,23521.3,23529.3
1748009581108.0,23522.3,23530.3
1748009581507.0,23523.3,23531.3
1748009582038.0,23522.8,23530.8
1748009582237.0,23523.3,23531.3
1748009582438.0,23525.8,23533.8
1748009582637.0,23525.3,23533.3
1748009583353.0,23524.8,23532.8
1748009585122.0,23524.3,23532.3
1748009585319.0,23523.3,23531.3
1748009586067.0,23523.8,23531.8
1748009586443.0,23523.3,23531.3
1748009586832.0,23524.8,23532.8
1748009587030.0,23525.3,23533.3
1748009587231.0,23524.3,23532.3
1748009588070.0,23524.8,23532.8
1748009589521.0,23524.3,23532.3
1748009589809.0,23524.8,23532.8
1748009590225.0,23524.3,23532.3
1748009590425.0,23523.8,23531.8
1748009590692.0,23524.3,23532.3
1748009591210,,
1748009591422.0,23524.8,23532.8
1748009591620,,
1748009591873.0,23524.3,23532.3
1748009592066.0,23523.8,23531.8
1748009592637.0,23524.3,23532.3
1748009592837.0,23523.8,23531.8
1748009593451.0,23522.8,23530.8
1748009594535.0,23524.3,23532.3
1748009594733.0,23525.3,23533.3
1748009594951.0,23525.8,23533.8
1748009595152.0,23525.3,23533.3
1748009595356.0,23524.8,23532.8
1748009595679.0,23525.3,23533.3
1748009596005.0,23524.8,23532.8
1748009596233.0,23524.3,23532.3
1748009596880.0,23524.8,23532.8
1748009597077.0,23525.3,23533.3
1748009597278.0,23524.8,23532.8
1748009597593.0,23524.3,23532.3
1748009598687.0,23524.8,23532.8
1748009599086.0,23523.8,23531.8
1748009599793,,
1748009599994.0,23521.3,23529.3
1748009602388.0,23520.8,23528.8
1748009602589.0,23520.3,23528.3
1748009602790.0,23520.8,23528.8
1748009603077.0,23520.3,23528.3
1748009603277.0,23520.8,23528.8
1748009603643.0,23520.3,23528.3
1748009603910.0,23520.8,23528.8
1748009604110.0,23521.8,23529.8
1748009604953.0,23521.3,23529.3
1748009605338.0,23521.3,23529.3
1748009606618.0,23520.8,23528.8
1748009606816.0,23520.3,23528.3
1748009607262.0,23520.8,23528.8
1748009607461.0,23520.3,23528.3
1748009608150.0,23519.8,23527.8
1748009608348.0,23518.3,23526.3
1748009608588.0,23517.8,23525.8
1748009609870.0,23517.3,23525.3
1748009610372.0,23516.8,23524.8
1748009614252.0,23517.3,23525.3
1748009617306.0,23516.8,23524.8
1748009617503.0,23515.3,23523.3
1748009617905.0,23515.8,23523.8
1748009618736.0,23515.3,23523.3
1748009618935.0,23515.8,23523.8
1748009619142.0,23516.3,23524.3
1748009619340.0,23515.8,23523.8
1748009619540.0,23515.3,23523.3
1748009619939.0,23515.8,23523.8
1748009620625.0,23517.3,23525.3
1748009621362.0,23517.8,23525.8
1748009621607,,
1748009622551,,
1748009622751.0,23520.8,23528.8
1748009623151,,
1748009623418.0,23520.3,23528.3
1748009623618.0,23519.8,23527.8
1748009623818.0,23519.3,23527.3
1748009624019.0,23519.8,23527.8
1748009624218,,
1748009624695.0,23519.8,23527.8
1748009624905.0,23520.3,23528.3
1748009625105.0,23520.8,23528.8
1748009625304,,
1748009625504.0,23520.3,23528.3
1748009626389,,
1748009626832.0,23519.8,23527.8
1748009627028.0,23520.3,23528.3
1748009627229.0,23521.3,23529.3
1748009627832.0,23521.8,23529.8
1748009628034.0,23521.3,23529.3
1748009628387,,
1748009628504.0,23520.8,23528.8
1748009629287,,
1748009630989,,
1748009631390,,
1748009632267,,
1748009632649.0,23519.3,23527.3
1748009632849.0,23520.3,23528.3
1748009633340.0,23519.3,23527.3
1748009633695.0,23518.8,23526.8
1748009634569,,
1748009634904,,
1748009635528,,
1748009635640.0,23518.3,23526.3
1748009635840.0,23517.8,23525.8
1748009636536.0,23518.3,23526.3
1748009637467.0,23517.8,23525.8
1748009637868.0,23517.3,23525.3
1748009638134.0,23516.8,23524.8
1748009638326.0,23515.3,23523.3
1748009638618.0,23514.8,23522.8
1748009638817.0,23514.3,23522.3
1748009639536.0,23515.3,23523.3
1748009639958.0,23515.8,23523.8
1748009640146.0,23516.8,23524.8
1748009640346.0,23516.3,23524.3
1748009640619,,
1748009641106.0,23517.3,23525.3
1748009641548,,
1748009641766.0,23517.8,23525.8
1748009642165,,
1748009643244,,
1748009643343.0,23517.8,23525.8
1748009644136.0,23516.8,23524.8
1748009644535.0,23517.8,23525.8
1748009644734.0,23518.3,23526.3
1748009645971.0,23518.8,23526.8
1748009646662.0,23517.8,23525.8
1748009646861.0,23517.3,23525.3
1748009647184.0,23517.8,23525.8
1748009647807.0,23516.3,23524.3
1748009648994.0,23516.8,23524.8
1748009650455.0,23517.8,23525.8
1748009650655.0,23516.3,23524.3
1748009650854.0,23518.3,23526.3
1748009651054.0,23516.3,23524.3
1748009651361.0,23516.8,23524.8
1748009651558.0,23516.3,23524.3
1748009651959.0,23517.8,23525.8
1748009652181.0,23518.3,23526.3
1748009652380.0,23518.8,23526.8
1748009652782.0,23518.3,23526.3
1748009653552.0,23517.8,23525.8
1748009654560.0,23518.3,23526.3
1748009655429.0,23518.8,23526.8
1748009655627.0,23518.3,23526.3
1748009655829.0,23518.8,23526.8
1748009656227.0,23518.3,23526.3
1748009656430.0,23519.8,23527.8
1748009656626.0,23521.3,23529.3
1748009657027.0,23520.8,23528.8
1748009657545.0,23521.3,23529.3
1748009657745.0,23521.8,23529.8
1748009657945.0,23522.3,23530.3
1748009658545.0,23521.8,23529.8
1748009658743.0,23522.3,23530.3
1748009658944.0,23521.8,23529.8
1748009659448.0,23521.3,23529.3
1748009659846.0,23520.3,23528.3
1748009660050.0,23519.8,23527.8
1748009660311.0,23519.3,23527.3
1748009660513.0,23520.3,23528.3
1748009660713.0,23519.8,23527.8
1748009660989.0,23520.3,23528.3
1748009661389.0,23519.8,23527.8
1748009662430.0,23518.3,23526.3
1748009662630.0,23517.3,23525.3
1748009663265.0,23517.8,23525.8
1748009664089.0,23518.3,23526.3
1748009664287.0,23517.3,23525.3
1748009666751.0,23516.8,23524.8
1748009667811.0,23515.8,23523.8
1748009668145.0,23516.3,23524.3
1748009668344.0,23517.3,23525.3
1748009668837.0,23516.8,23524.8
1748009669034.0,23516.3,23524.3
1748009669235,,
1748009669652.0,23516.3,23524.3
1748009669851.0,23516.8,23524.8
1748009670158.0,23517.3,23525.3
1748009670355.0,23519.3,23527.3
1748009670674.0,23519.8,23527.8
1748009670874.0,23519.3,23527.3
1748009671480.0,23519.8,23527.8
1748009671689.0,23521.3,23529.3
1748009671877.0,23521.8,23529.8
1748009672077.0,23520.3,23528.3
1748009674735.0,23519.8,23527.8
1748009676350.0,23520.3,23528.3
1748009676669.0,23519.8,23527.8
1748009677591.0,23520.3,23528.3
1748009678334.0,23520.8,23528.8
1748009678531.0,23520.3,23528.3
1748009678760.0,23520.8,23528.8
1748009679262.0,23520.3,23528.3
1748009680235.0,23520.8,23528.8
1748009680482.0,23520.3,23528.3
1748009680784.0,23520.8,23528.8
1748009681351.0,23521.3,23529.3
1748009681549.0,23522.8,23530.8
1748009681750.0,23522.3,23530.3
1748009682392.0,23522.8,23530.8
1748009682590.0,23522.3,23530.3
1748009683287.0,23522.8,23530.8
1748009684913.0,23522.3,23530.3
1748009686024.0,23523.3,23531.3
1748009686224.0,23523.8,23531.8
1748009686424.0,23522.8,23530.8
1748009686983.0,23523.3,23531.3
1748009687357.0,23522.8,23530.8
1748009688241.0,23524.3,23532.3
1748009688444.0,23524.8,23532.8
1748009689793.0,23523.3,23531.3
1748009690285.0,23523.8,23531.8
1748009690618.0,23523.3,23531.3
1748009691360.0,23523.8,23531.8
1748009691961.0,23524.3,23532.3
1748009692219.0,23523.8,23531.8
1748009692418.0,23524.3,23532.3
1748009693294.0,23524.8,23532.8
1748009693494.0,23524.3,23532.3
1748009694194.0,23523.8,23531.8
1748009694392.0,23524.3,23532.3
1748009694593.0,23523.8,23531.8
1748009696060.0,23523.3,23531.3
1748009696264.0,23522.8,23530.8
1748009696459.0,23523.3,23531.3
1748009696662.0,23522.8,23530.8
1748009697164.0,23522.3,23530.3
1748009697419.0,23522.8,23530.8
1748009697617.0,23523.8,23531.8
1748009698471.0,23522.3,23530.3
1748009698845.0,23521.8,23529.8
1748009699043.0,23522.3,23530.3
1748009699758.0,23521.8,23529.8
1748009700137.0,23522.3,23530.3
1748009700334.0,23520.3,23528.3
1748009700546.0,23519.3,23527.3
1748009700736.0,23519.8,23527.8
1748009700967.0,23520.3,23528.3
1748009701331.0,23520.8,23528.8
1748009701532.0,23520.3,23528.3
1748009701963.0,23520.3,23528.3
1748009702162.0,23521.3,23529.3
1748009702651.0,23520.8,23528.8
1748009703431.0,23520.3,23528.3
1748009703631.0,23519.8,23527.8
1748009704726.0,23520.3,23528.3
1748009705243.0,23520.8,23528.8
1748009705761.0,23521.3,23529.3
1748009706159.0,23522.8,23530.8
1748009706819.0,23522.3,23530.3
1748009707019.0,23522.8,23530.8
1748009707259.0,23523.3,23531.3
1748009707462.0,23524.3,23532.3
1748009707763.0,23523.8,23531.8
1748009708264.0,23523.3,23531.3
1748009708464.0,23523.8,23531.8
1748009708887.0,23524.3,23532.3
1748009709419.0,23524.8,23532.8
1748009709619.0,23524.3,23532.3
1748009710440.0,23523.8,23531.8
1748009710639.0,23524.3,23532.3
1748009711805.0,23523.8,23531.8
1748009712825.0,23524.3,23532.3
1748009713024.0,23523.8,23531.8
1748009713659.0,23523.3,23531.3
1748009714399.0,23522.8,23530.8
1748009714597.0,23523.3,23531.3
1748009714796.0,23521.3,23529.3
1748009715198.0,23521.3,23529.3
1748009715597.0,23520.8,23528.8
1748009717342.0,23521.3,23529.3
1748009717542.0,23521.8,23529.8
1748009717742.0,23523.3,23531.3
1748009717941.0,23523.8,23531.8
1748009718724.0,23523.3,23531.3
1748009718926.0,23522.3,23530.3
1748009720728.0,23522.8,23530.8
1748009720932.0,23522.3,23530.3
1748009721132.0,23522.8,23530.8
1748009721330.0,23524.3,23532.3
1748009721530.0,23523.3,23531.3
1748009721929.0,23523.8,23531.8
1748009722127.0,23525.8,23533.8
1748009722334.0,23525.3,23533.3
1748009722540.0,23525.8,23533.8
1748009722740.0,23525.3,23533.3
1748009723956.0,23524.8,23532.8
1748009724222.0,23524.3,23532.3
1748009724417.0,23523.3,23531.3
1748009724987.0,23522.3,23530.3
1748009725576.0,23521.8,23529.8
1748009726110.0,23521.3,23529.3
1748009726991.0,23521.8,23529.8
1748009727389.0,23522.3,23530.3
1748009727628.0,23522.8,23530.8
1748009727871.0,23523.3,23531.3
1748009728430.0,23523.8,23531.8
1748009728628.0,23523.3,23531.3
1748009728920.0,23523.8,23531.8
1748009729119.0,23523.3,23531.3
1748009729373.0,23522.8,23530.8
1748009729575.0,23522.3,23530.3
1748009729844.0,23522.8,23530.8
1748009730045.0,23523.3,23531.3
1748009730244.0,23523.8,23531.8
1748009733203.0,23523.3,23531.3
1748009733522.0,23522.3,23530.3
1748009733947.0,23523.3,23531.3
1748009734121.0,23522.8,23530.8
1748009734928.0,23523.3,23531.3
1748009735126.0,23523.8,23531.8
1748009735450.0,23523.3,23531.3
1748009735649.0,23523.8,23531.8
1748009736005,,
1748009738809.0,23524.8,23532.8
1748009740464.0,23524.3,23532.3
1748009740932.0,23524.3,23532.3
1748009741230.0,23524.8,23532.8
1748009743158.0,23524.3,23532.3
1748009743558.0,23520.3,23528.3
1748009743848.0,23519.8,23527.8
1748009745008.0,23520.3,23528.3
1748009745204.0,23519.8,23527.8
1748009745771.0,23518.8,23526.8
1748009746171.0,23518.3,23526.3
1748009746427.0,23518.8,23526.8
1748009746626.0,23518.3,23526.3
1748009747209.0,23518.8,23526.8
1748009748837.0,23519.3,23527.3
1748009749037.0,23519.8,23527.8
1748009749462,,
1748009753256.0,23519.3,23527.3
1748009753455.0,23518.8,23526.8
1748009755081.0,23517.8,23525.8
1748009755358.0,23518.3,23526.3
1748009755689.0,23518.8,23526.8
1748009755888.0,23519.3,23527.3
1748009757596.0,23518.8,23526.8
1748009757907.0,23519.3,23527.3
1748009758287.0,23519.8,23527.8
1748009758489.0,23519.3,23527.3
1748009758888.0,23520.3,23528.3
1748009759087.0,23519.8,23527.8
1748009759288.0,23520.3,23528.3
1748009759562.0,23519.8,23527.8
1748009760069.0,23519.3,23527.3
1748009760470.0,23517.8,23525.8
1748009761286.0,23517.8,23525.8
1748009764080.0,23516.8,23524.8
1748009764278.0,23516.3,23524.3
1748009765013.0,23515.3,23523.3
1748009765213.0,23514.8,23522.8
1748009765412.0,23515.3,23523.3
1748009765616.0,23515.8,23523.8
1748009766355.0,23516.8,23524.8
1748009766556.0,23517.3,23525.3
1748009766814.0,23516.8,23524.8
1748009767015.0,23517.3,23525.3
1748009768351.0,23517.8,23525.8
1748009768550.0,23518.8,23526.8
1748009769411.0,23518.3,23526.3
1748009769810.0,23517.8,23525.8
1748009770010.0,23518.3,23526.3
1748009770231.0,23518.8,23526.8
1748009770481.0,23519.3,23527.3
1748009770681.0,23520.3,23528.3
1748009771387.0,23520.3,23528.3
1748009771804.0,23519.3,23527.3
1748009771995.0,23518.3,23526.3
1748009772437.0,23519.8,23527.8
1748009772629.0,23520.3,23528.3
1748009773175.0,23519.3,23527.3
1748009773462.0,23519.8,23527.8
1748009773660.0,23519.3,23527.3
1748009774021.0,23519.8,23527.8
1748009774217.0,23522.3,23530.3
1748009774417.0,23521.3,23529.3
1748009775087.0,23521.8,23529.8
1748009775287.0,23521.3,23529.3
1748009775674.0,23520.8,23528.8
1748009775872.0,23521.3,23529.3
1748009776073.0,23520.3,23528.3
1748009776274.0,23521.3,23529.3
1748009777917.0,23520.8,23528.8
1748009778115.0,23520.3,23528.3
1748009778317.0,23521.3,23529.3
1748009779318.0,23521.3,23529.3
1748009779787.0,23521.8,23529.8
1748009779986.0,23521.3,23529.3
1748009780661.0,23520.3,23528.3
1748009781118.0,23521.3,23529.3
1748009781580,,
1748009781732.0,23520.8,23528.8
1748009781932,,
1748009782134.0,23521.3,23529.3
1748009782664.0,23521.8,23529.8
1748009782859.0,23522.3,23530.3
1748009783308.0,23521.8,23529.8
1748009783506,,
1748009783706.0,23518.3,23526.3
1748009784331.0,23519.3,23527.3
1748009785339,,
1748009786481,,
1748009786617.0,23519.8,23527.8
1748009786818.0,23520.3,23528.3
1748009787219.0,23520.3,23528.3
1748009787463.0,23519.8,23527.8
1748009787662.0,23519.3,23527.3
1748009787906.0,23518.8,23526.8
1748009788108.0,23519.3,23527.3
1748009789081.0,23518.8,23526.8
1748009789279,,
1748009789484.0,23518.3,23526.3
1748009790342.0,23517.8,23525.8
1748009790541.0,23517.3,23525.3
1748009790948.0,23518.3,23526.3
1748009791297,,
1748009792198,,
1748009792978.0,23517.8,23525.8
1748009793176.0,23517.3,23525.3
1748009793378.0,23517.8,23525.8
1748009793578.0,23518.3,23526.3
1748009794498,,
1748009795115.0,23517.8,23525.8
1748009795314.0,23516.3,23524.3
1748009795932.0,23515.8,23523.8
1748009796135.0,23516.8,23524.8
1748009796530.0,23517.3,23525.3
1748009796761.0,23517.8,23525.8
1748009797318.0,23517.3,23525.3
1748009797519.0,23516.3,23524.3
1748009797717.0,23517.3,23525.3
1748009798349.0,23516.3,23524.3
1748009798540.0,23515.8,23523.8
1748009799331.0,23516.8,23524.8
1748009799667.0,23516.3,23524.3
1748009800697,,
1748009800797.0,23516.8,23524.8
1748009800987.0,23517.3,23525.3
1748009801695.0,23516.8,23524.8
1748009802095.0,23517.3,23525.3
1748009802298,,
1748009803342.0,23516.8,23524.8
1748009803542.0,23516.3,23524.3
1748009803845.0,23515.8,23523.8
1748009804048.0,23516.3,23524.3
1748009804629,,
1748009805043.0,23515.8,23523.8
1748009805592.0,23515.3,23523.3
1748009805792.0,23514.8,23522.8
1748009806295,,
1748009806846.0,23514.3,23522.3
1748009807044.0,23513.8,23521.8
1748009807494,,
1748009807708.0,23513.3,23521.3
1748009809337.0,23512.8,23520.8
1748009810189,,
1748009811225,,
1748009811739.0,23512.3,23520.3
1748009811938.0,23511.8,23519.8
1748009812141.0,23512.3,23520.3
1748009812785.0,23511.8,23519.8
1748009812982.0,23512.3,23520.3
1748009813299,,
1748009813465.0,23511.8,23519.8
1748009813664.0,23512.3,23520.3
1748009814434.0,23512.3,23520.3
1748009815057.0,23512.8,23520.8
1748009815459.0,23513.8,23521.8
1748009815659.0,23513.3,23521.3
1748009816336.0,23513.8,23521.8
1748009817771,,
1748009818469,,
1748009819148,,
1748009819346.0,23512.8,23520.8
1748009819545.0,23512.3,23520.3
1748009819746.0,23513.3,23521.3
1748009819986.0,23513.8,23521.8
1748009820183.0,23513.3,23521.3
1748009820382.0,23511.8,23519.8
1748009820770,,
1748009820872.0,23513.3,23521.3
1748009821279.0,23512.8,23520.8
1748009821476.0,23512.3,23520.3
1748009821679.0,23511.8,23519.8
1748009822391,,
1748009823131.0,23510.8,23518.8
1748009823472,,
1748009824508.0,23511.3,23519.3
1748009825292,,
1748009825527.0,23511.8,23519.8
1748009825725.0,23510.8,23518.8
1748009825932.0,23509.8,23517.8
1748009826593.0,23510.3,23518.3
1748009827536.0,23511.3,23519.3
1748009827770.0,23510.8,23518.8
1748009827973.0,23510.3,23518.3
1748009828169,,
1748009828387.0,23510.8,23518.8
1748009828589.0,23511.8,23519.8
1748009828987.0,23512.3,23520.3
1748009829187.0,23511.8,23519.8
1748009829597.0,23512.8,23520.8
1748009829796.0,23512.3,23520.3
1748009830532,,
1748009831529.0,23511.8,23519.8
1748009831727.0,23511.3,23519.3
1748009831927.0,23512.3,23520.3
1748009832128.0,23511.3,23519.3
1748009833504,,
1748009833869.0,23511.8,23519.8
1748009834069.0,23511.3,23519.3
1748009834272.0,23510.3,23518.3
1748009834732.0,23509.8,23517.8
1748009835140.0,23508.8,23516.8
1748009835353,,
1748009835635.0,23508.3,23516.3
1748009835836.0,23507.3,23515.3
1748009836566.0,23506.8,23514.8
1748009836764.0,23507.3,23515.3
1748009837164.0,23508.3,23516.3
1748009837565.0,23508.3,23516.3
1748009838151.0,23507.3,23515.3
1748009838338.0,23508.8,23516.8
1748009838539.0,23509.3,23517.3
1748009838946.0,23509.3,23517.3
1748009839145,,
1748009839344.0,23508.8,23516.8
1748009839546.0,23509.3,23517.3
1748009839852.0,23508.8,23516.8
1748009840050.0,23509.3,23517.3
1748009840680.0,23508.8,23516.8
1748009840949.0,23509.3,23517.3
1748009841150,,
1748009841642.0,23508.8,23516.8
1748009842384.0,23509.3,23517.3
1748009843613.0,23509.8,23517.8
1748009843810.0,23509.3,23517.3
1748009844022.0,23509.8,23517.8
1748009844669.0,23509.3,23517.3
1748009844961,,
1748009845424.0,23508.3,23516.3
1748009845619.0,23509.3,23517.3
1748009846172.0,23508.3,23516.3
1748009846375.0,23508.8,23516.8
1748009846850.0,23509.3,23517.3
1748009847628.0,23509.8,23517.8
1748009849766.0,23510.3,23518.3
1748009850293.0,23509.8,23517.8
1748009851995.0,23509.3,23517.3
1748009852283.0,23509.8,23517.8
1748009853162.0,23509.3,23517.3
1748009853367.0,23508.8,23516.8
1748009856945.0,23507.3,23515.3
1748009857146.0,23507.8,23515.8
1748009857563.0,23507.3,23515.3
1748009857839.0,23507.8,23515.8
1748009858037.0,23507.3,23515.3
1748009858676.0,23507.3,23515.3
1748009858876.0,23507.8,23515.8
1748009859076.0,23508.3,23516.3
1748009860049.0,23507.8,23515.8
1748009860457.0,23508.3,23516.3
1748009861303.0,23507.8,23515.8
1748009862449.0,23508.3,23516.3
1748009863876.0,23508.8,23516.8
1748009864077.0,23508.3,23516.3
1748009864325.0,23508.8,23516.8
1748009864691.0,23509.3,23517.3
1748009864891.0,23511.3,23519.3
1748009866599.0,23511.8,23519.8
1748009866798.0,23513.8,23521.8
1748009867069.0,23513.3,23521.3
1748009867268.0,23512.3,23520.3
1748009867695.0,23511.8,23519.8
1748009867893.0,23512.8,23520.8
1748009868099.0,23512.3,23520.3
1748009868421.0,23511.8,23519.8
1748009869720.0,23512.3,23520.3
1748009870922.0,23511.8,23519.8
1748009872014.0,23511.3,23519.3
1748009872212.0,23510.3,23518.3
1748009872412.0,23510.8,23518.8
1748009872611.0,23510.3,23518.3
1748009872811.0,23511.3,23519.3
1748009873216.0,23511.8,23519.8
1748009873824.0,23511.3,23519.3
1748009874030.0,23510.8,23518.8
1748009874229.0,23511.3,23519.3
1748009874831.0,23511.8,23519.8
1748009875405.0,23512.3,23520.3
1748009875793.0,23511.8,23519.8
1748009877969.0,23511.3,23519.3
1748009878167.0,23510.8,23518.8
1748009878566.0,23510.3,23518.3
1748009878765.0,23510.8,23518.8
1748009879304.0,23510.3,23518.3
1748009880107.0,23509.8,23517.8
1748009880305.0,23510.3,23518.3
1748009881037.0,23510.3,23518.3
1748009882174.0,23509.8,23517.8
1748009882481.0,23510.3,23518.3
1748009883752.0,23510.8,23518.8
1748009883951.0,23510.3,23518.3
1748009884346.0,23509.3,23517.3
1748009885067.0,23509.8,23517.8
1748009885267.0,23509.3,23517.3
1748009885478.0,23508.3,23516.3
1748009885667.0,23507.3,23515.3
1748009886640.0,23506.8,23514.8
1748009887622.0,23506.3,23514.3
1748009888221.0,23504.3,23512.3
1748009889418.0,23503.8,23511.8
1748009889816.0,23504.3,23512.3
1748009890213.0,23503.8,23511.8
1748009890413.0,23504.3,23512.3
1748009890732.0,23503.8,23511.8
1748009890934.0,23503.3,23511.3
1748009891475.0,23503.8,23511.8
1748009891675.0,23503.3,23511.3
1748009892277.0,23503.8,23511.8
1748009892475.0,23503.3,23511.3
1748009892675.0,23503.8,23511.8
1748009893739.0,23504.3,23512.3
1748009893934.0,23505.3,23513.3
1748009894149.0,23505.8,23513.8
1748009894334.0,23505.3,23513.3
1748009894533.0,23504.8,23512.8
1748009894733.0,23504.3,23512.3
1748009895520.0,23504.8,23512.8
1748009895717.0,23505.3,23513.3
1748009896516.0,23505.8,23513.8
1748009896724.0,23505.3,23513.3
1748009897105.0,23504.8,23512.8
1748009897668.0,23505.3,23513.3
1748009898006.0,23506.3,23514.3
1748009898204.0,23506.8,23514.8
1748009898403,,
1748009904150.0,23506.3,23514.3
1748009904346.0,23505.8,23513.8
1748009904747.0,23506.3,23514.3
1748009905140.0,23506.8,23514.8
1748009906069.0,23509.3,23517.3
1748009906528.0,23509.8,23517.8
1748009906823.0,23509.3,23517.3
1748009907053.0,23509.8,23517.8
1748009907452.0,23510.3,23518.3
1748009908566.0,23510.8,23518.8
1748009909528.0,23510.3,23518.3
1748009910888.0,23510.8,23518.8
1748009911089.0,23511.8,23519.8
1748009911489.0,23512.3,23520.3
1748009911889.0,23513.3,23521.3
1748009912323.0,23512.8,23520.8
1748009912724.0,23512.8,23520.8
1748009913549.0,23512.3,23520.3
1748009914065.0,23511.8,23519.8
1748009914263.0,23512.3,23520.3
1748009915347.0,23511.8,23519.8
1748009915559.0,23512.3,23520.3
1748009915745.0,23511.8,23519.8
1748009915949.0,23510.8,23518.8
1748009916686.0,23510.3,23518.3
1748009917054.0,23510.8,23518.8
1748009920337.0,23510.3,23518.3
1748009921055.0,23509.8,23517.8
1748009921343,,
1748009923118.0,23508.3,23516.3
1748009924695.0,23509.3,23517.3
1748009924895.0,23508.3,23516.3
1748009925208.0,23508.8,23516.8
1748009925409.0,23509.3,23517.3
1748009926318.0,23508.3,23516.3
1748009926652.0,23507.8,23515.8
1748009927266.0,23507.3,23515.3
1748009927663.0,23508.3,23516.3
1748009928762.0,23507.8,23515.8
1748009929453.0,23507.3,23515.3
1748009929650.0,23507.8,23515.8
1748009929942.0,23507.3,23515.3
1748009930143.0,23506.8,23514.8
1748009930972.0,23506.3,23514.3
1748009931369.0,23507.3,23515.3
1748009931620.0,23506.8,23514.8
1748009932932,,
1748009933148.0,23505.3,23513.3
1748009933344.0,23506.3,23514.3
1748009933775.0,23505.8,23513.8
1748009934283.0,23506.3,23514.3
1748009934907.0,23505.8,23513.8
1748009935917,,
1748009936125.0,23505.3,23513.3
1748009936324.0,23504.3,23512.3
1748009936723.0,23503.8,23511.8
1748009938307.0,23503.3,23511.3
1748009939349.0,23503.8,23511.8
1748009939547.0,23504.3,23512.3
1748009939746.0,23503.8,23511.8
1748009940230.0,23504.3,23512.3
1748009940945.0,23504.8,23512.8
1748009941087.0,23505.3,23513.3
1748009942906.0,23504.8,23512.8
1748009943106.0,23505.3,23513.3
1748009943306.0,23504.8,23512.8
1748009943505.0,23505.3,23513.3
1748009943705.0,23504.8,23512.8
1748009944105.0,23505.3,23513.3
1748009944940.0,23504.8,23512.8
1748009945382.0,23505.3,23513.3
1748009945782.0,23506.3,23514.3
1748009945982.0,23505.3,23513.3
1748009946219.0,23504.8,23512.8
1748009946674.0,23505.3,23513.3
1748009947075.0,23506.3,23514.3
1748009947638.0,23505.8,23513.8
1748009947839.0,23506.3,23514.3
1748009948399.0,23507.3,23515.3
1748009948599.0,23507.8,23515.8
1748009948798.0,23508.3,23516.3
1748009949204.0,23508.3,23516.3
1748009949398.0,23509.3,23517.3
1748009949598.0,23508.3,23516.3
1748009950122.0,23508.8,23516.8
1748009950319.0,23509.3,23517.3
1748009950561.0,23508.8,23516.8
1748009950762.0,23509.8,23517.8
1748009952906.0,23510.8,23518.8
1748009955178.0,23510.3,23518.3
1748009955378.0,23509.8,23517.8
1748009955578.0,23510.3,23518.3
1748009955777.0,23509.8,23517.8
1748009960275.0,23510.8,23518.8
1748009960475.0,23512.3,23520.3
1748009960817,,
1748009961042.0,23511.8,23519.8
1748009961303.0,23512.3,23520.3
1748009962626.0,23511.8,23519.8
1748009962905.0,23512.3,23520.3
1748009963584.0,23511.8,23519.8
1748009964828.0,23510.8,23518.8
1748009966122.0,23511.3,23519.3
1748009966321.0,23512.3,23520.3
1748009967329.0,23511.3,23519.3
1748009968978.0,23511.8,23519.8
1748009969172.0,23512.3,23520.3
1748009969373.0,23511.3,23519.3
1748009970432.0,23510.8,23518.8
1748009972414.0,23509.3,23517.3
1748009972767.0,23509.8,23517.8
1748009972967.0,23510.3,23518.3
1748009974623.0,23510.8,23518.8
1748009976540.0,23511.3,23519.3
1748009976739.0,23512.3,23520.3
1748009977074.0,23511.8,23519.8
1748009977474.0,23512.3,23520.3
1748009978235.0,23511.3,23519.3
1748009978737.0,23511.8,23519.8
1748009979138.0,23512.3,23520.3
1748009979969.0,23511.8,23519.8
1748009980166.0,23511.3,23519.3
1748009981106.0,23510.8,23518.8
1748009981306.0,23510.3,23518.3
1748009981906.0,23510.8,23518.8
1748009982108.0,23510.3,23518.3
1748009983206.0,23510.8,23518.8
1748009983762.0,23510.3,23518.3
1748009983963.0,23509.8,23517.8
1748009984482.0,23510.3,23518.3
1748009984682.0,23510.8,23518.8
1748009985713.0,23510.3,23518.3
1748009986383.0,23510.8,23518.8
1748009987772.0,23510.3,23518.3
1748009988057.0,23509.8,23517.8
1748009988265.0,23509.3,23517.3
1748009988458.0,23508.8,23516.8
1748009988842.0,23509.3,23517.3
1748009991044.0,23508.8,23516.8
1748009991442.0,23508.3,23516.3
1748009992018.0,23507.8,23515.8
1748009992214.0,23508.3,23516.3
1748009992413.0,23508.8,23516.8
1748009992805.0,23508.3,23516.3
1748009993004.0,23509.8,23517.8
1748009993205.0,23509.3,23517.3
1748009993575.0,23509.8,23517.8
1748009993774.0,23509.3,23517.3
1748009994495.0,23509.8,23517.8
1748009994692.0,23510.3,23518.3
1748009994898.0,23509.8,23517.8
1748009995380.0,23509.3,23517.3
1748009995799.0,23508.8,23516.8
1748009996084.0,23509.3,23517.3
1748009997213.0,23508.8,23516.8
1748009998455.0,23507.8,23515.8
1748009998654.0,23507.3,23515.3
1748009998853.0,23507.8,23515.8
1748009999165.0,23507.3,23515.3
1748009999565.0,23507.8,23515.8
1748010000636.0,23506.8,23514.8
1748010004229.0,23507.3,23515.3
1748010004432.0,23508.8,23516.8
1748010005010.0,23509.3,23517.3
1748010005219.0,23509.8,23517.8
1748010005676.0,23509.3,23517.3
1748010005888.0,23508.8,23516.8
1748010006562.0,23508.3,23516.3
1748010006762,,
1748010007126.0,23507.8,23515.8
1748010007327.0,23508.3,23516.3
1748010007527.0,23508.8,23516.8
1748010007728.0,23508.3,23516.3
1748010009089.0,23507.8,23515.8
1748010009287.0,23509.3,23517.3
1748010009922.0,23509.8,23517.8
1748010010120.0,23510.3,23518.3
1748010010938.0,23510.8,23518.8
1748010011139.0,23509.3,23517.3
1748010011338.0,23508.8,23516.8
1748010011649.0,23508.3,23516.3
1748010011849.0,23508.8,23516.8
1748010012049.0,23508.3,23516.3
1748010012755.0,23508.8,23516.8
1748010012955.0,23507.3,23515.3
1748010013395.0,23507.8,23515.8
1748010013674.0,23508.3,23516.3
1748010013876.0,23507.8,23515.8
1748010014992.0,23507.3,23515.3
1748010016481.0,23506.8,23514.8
1748010016680.0,23505.8,23513.8
1748010016882.0,23504.8,23512.8
1748010017664.0,23504.3,23512.3
1748010017862.0,23503.3,23511.3
1748010018635.0,23503.8,23511.8
1748010019630.0,23503.3,23511.3
1748010019830.0,23502.8,23510.8
1748010020218.0,23503.3,23511.3
1748010020421.0,23502.8,23510.8
1748010023107.0,23501.3,23509.3
1748010023503.0,23501.8,23509.8
1748010023698.0,23501.3,23509.3
1748010023904.0,23501.8,23509.8
1748010024099.0,23501.3,23509.3
1748010024498.0,23501.8,23509.8
1748010025466,,
1748010026790.0,23502.3,23510.3
1748010026989.0,23502.8,23510.8
1748010028297.0,23503.3,23511.3
1748010028449.0,23504.8,23512.8
1748010029925.0,23504.3,23512.3
1748010030123.0,23503.3,23511.3
1748010031671.0,23502.8,23510.8
1748010034008.0,23502.3,23510.3
1748010034211.0,23502.8,23510.8
1748010034625.0,23503.3,23511.3
1748010035022.0,23502.8,23510.8
1748010036468.0,23503.3,23511.3
1748010036807.0,23502.8,23510.8
1748010037007.0,23502.3,23510.3
1748010037213.0,23502.8,23510.8
1748010037415.0,23503.3,23511.3
1748010037805.0,23503.8,23511.8
1748010038003.0,23503.3,23511.3
1748010038204.0,23502.3,23510.3
1748010039511.0,23502.8,23510.8
1748010039710.0,23502.3,23510.3
1748010040216.0,23501.8,23509.8
1748010040414.0,23501.3,23509.3
1748010042371.0,23500.8,23508.8
1748010042716.0,23500.3,23508.3
1748010043556.0,23500.8,23508.8
1748010045519.0,23500.3,23508.3
1748010046094.0,23499.8,23507.8
1748010046697.0,23500.3,23508.3
1748010047913.0,23498.3,23506.3
1748010048377.0,23498.8,23506.8
1748010049229.0,23497.8,23505.8
1748010049428.0,23496.8,23504.8
1748010049626.0,23497.3,23505.3
1748010049982.0,23497.8,23505.8
1748010050182.0,23497.3,23505.3
1748010050949.0,23496.8,23504.8
1748010051150.0,23495.8,23503.8
1748010051348.0,23496.3,23504.3
1748010051964.0,23496.8,23504.8
1748010052908.0,23497.3,23505.3
1748010053107.0,23497.8,23505.8
1748010055724.0,23497.3,23505.3
1748010056306.0,23497.8,23505.8
1748010058049,,
1748010058305.0,23502.3,23510.3
1748010059193.0,23501.8,23509.8
1748010059626.0,23501.3,23509.3
1748010059826.0,23501.8,23509.8
1748010060229.0,23501.3,23509.3
1748010060909.0,23501.8,23509.8
1748010061311.0,23500.8,23508.8
1748010061527.0,23500.3,23508.3
1748010061882.0,23500.8,23508.8
1748010062372.0,23500.8,23508.8
1748010063833.0,23500.3,23508.3
1748010064030.0,23499.8,23507.8
1748010064438.0,23500.3,23508.3
1748010065972.0,23500.8,23508.8
1748010067385.0,23498.8,23506.8
1748010068332.0,23499.3,23507.3
1748010068610.0,23499.8,23507.8
1748010069009.0,23499.8,23507.8
1748010069508.0,23499.3,23507.3
1748010069708.0,23498.8,23506.8
1748010070946,,
1748010071284.0,23498.3,23506.3
1748010071683.0,23496.3,23504.3
1748010071883.0,23495.3,23503.3
1748010072465.0,23495.8,23503.8
1748010072664.0,23496.3,23504.3
1748010073135.0,23495.8,23503.8
1748010073970.0,23495.3,23503.3
1748010074167.0,23495.8,23503.8
1748010074369.0,23495.3,23503.3
1748010074567.0,23495.8,23503.8
1748010075018.0,23495.3,23503.3
1748010075216.0,23494.3,23502.3
1748010075714.0,23494.8,23502.8
1748010076487.0,23496.3,23504.3
1748010076703.0,23496.8,23504.8
1748010077050.0,23496.3,23504.3
1748010077574.0,23496.8,23504.8
1748010077773.0,23498.3,23506.3
1748010078112.0,23498.8,23506.8
1748010078311.0,23498.3,23506.3
1748010078511.0,23499.3,23507.3
1748010078711.0,23498.3,23506.3
1748010078909.0,23498.8,23506.8
1748010080210.0,23499.3,23507.3
1748010081109.0,23498.8,23506.8
1748010081303.0,23499.3,23507.3
1748010081503,,
1748010082970.0,23498.8,23506.8
1748010083369.0,23498.3,23506.3
1748010083961.0,23497.8,23505.8
1748010084160.0,23497.3,23505.3
1748010084376.0,23497.8,23505.8
1748010086903.0,23497.3,23505.3
1748010088767.0,23496.3,23504.3
1748010088965.0,23496.8,23504.8
1748010089453.0,23496.3,23504.3
1748010090308.0,23495.3,23503.3
1748010090504.0,23494.8,23502.8
1748010091148.0,23495.3,23503.3
1748010091618.0,23494.8,23502.8
1748010091817.0,23493.8,23501.8
1748010092019.0,23493.3,23501.3
1748010092418.0,23492.8,23500.8
1748010094286.0,23493.3,23501.3
1748010094485.0,23494.3,23502.3
1748010094690.0,23494.8,23502.8
1748010095668.0,23495.3,23503.3
1748010095867.0,23495.8,23503.8
1748010096945.0,23497.3,23505.3
1748010097163.0,23496.8,23504.8
1748010097762.0,23496.8,23504.8
1748010097962.0,23496.3,23504.3
1748010098163.0,23495.8,23503.8
1748010099088.0,23495.3,23503.3
1748010099289.0,23493.8,23501.8
1748010106261.0,23493.3,23501.3
1748010106460.0,23492.8,23500.8
1748010106661.0,23494.3,23502.3
1748010106921.0,23493.8,23501.8
1748010107120.0,23492.8,23500.8
1748010108412.0,23493.3,23501.3
1748010108610.0,23494.8,23502.8
1748010108810.0,23494.3,23502.3
1748010109016.0,23494.8,23502.8
1748010109221.0,23494.3,23502.3
1748010110480.0,23494.8,23502.8
1748010110679.0,23495.3,23503.3
1748010110877.0,23494.3,23502.3
1748010111198.0,23494.8,23502.8
1748010112637.0,23496.3,23504.3
1748010113921.0,23495.8,23503.8
1748010114116.0,23496.3,23504.3
1748010114929.0,23495.8,23503.8
1748010115326.0,23495.8,23503.8
1748010116360.0,23495.3,23503.3
1748010117075.0,23495.8,23503.8
1748010117873.0,23496.3,23504.3
1748010118075.0,23496.8,23504.8
1748010118273.0,23496.3,23504.3
1748010118473.0,23496.8,23504.8
1748010119260.0,23497.3,23505.3
1748010119462.0,23496.8,23504.8
1748010120279.0,23497.3,23505.3
1748010120705.0,23497.8,23505.8
1748010121206,,
1748010122024.0,23498.3,23506.3
1748010122224.0,23499.3,23507.3
1748010122424.0,23497.8,23505.8
1748010122705.0,23498.3,23506.3
1748010123105.0,23498.8,23506.8
1748010123636.0,23499.3,23507.3
1748010123834.0,23499.8,23507.8
1748010124047.0,23500.3,23508.3
1748010124237.0,23499.8,23507.8
1748010125114.0,23500.3,23508.3
1748010125312.0,23500.8,23508.8
1748010125513.0,23500.3,23508.3
1748010125870.0,23499.8,23507.8
1748010126898.0,23500.3,23508.3
1748010127094.0,23500.8,23508.8
1748010127293.0,23500.3,23508.3
1748010127493.0,23500.8,23508.8
1748010127695.0,23504.3,23512.3
1748010128095.0,23505.3,23513.3
1748010128495.0,23505.8,23513.8
1748010128907.0,23506.3,23514.3
1748010129108.0,23508.3,23516.3
1748010129305.0,23507.8,23515.8
1748010129568.0,23508.3,23516.3
1748010129968.0,23510.8,23518.8
1748010130225.0,23511.3,23519.3
1748010130435.0,23511.8,23519.8
1748010130626.0,23510.8,23518.8
1748010131027.0,23510.8,23518.8
1748010131225.0,23511.3,23519.3
1748010131561.0,23510.8,23518.8
1748010131934.0,23511.3,23519.3
1748010132308.0,23510.8,23518.8
1748010133180.0,23510.3,23518.3
1748010133378.0,23510.8,23518.8
1748010133580.0,23511.3,23519.3
1748010133777.0,23505.3,23513.3
1748010134182.0,23507.3,23515.3
1748010135117.0,23506.8,23514.8
1748010135314.0,23507.3,23515.3
1748010136430.0,23506.8,23514.8
1748010136627.0,23507.3,23515.3
1748010136829.0,23506.8,23514.8
1748010137033.0,23508.3,23516.3
1748010137233.0,23509.3,23517.3
1748010137631.0,23511.3,23519.3
1748010138479.0,23511.3,23519.3
1748010139486.0,23511.8,23519.8
1748010139692.0,23512.3,23520.3
1748010141728.0,23511.8,23519.8
1748010142215.0,23512.3,23520.3
1748010142442.0,23511.8,23519.8
1748010143826,,
1748010145893,,
1748010147597.0,23511.3,23519.3
1748010148338.0,23510.8,23518.8
1748010148541.0,23511.3,23519.3
1748010149419.0,23511.8,23519.8
1748010149617.0,23511.3,23519.3
1748010150748.0,23511.8,23519.8
1748010150945.0,23511.3,23519.3
1748010151154.0,23511.8,23519.8
1748010151354.0,23514.3,23522.3
1748010151751.0,23515.8,23523.8
1748010152193.0,23515.3,23523.3
1748010152596.0,23513.8,23521.8
1748010152795,,
1748010153040.0,23514.3,23522.3
1748010153228.0,23515.3,23523.3
1748010153512.0,23515.8,23523.8
1748010153964.0,23516.3,23524.3
1748010154641.0,23515.8,23523.8
1748010156167.0,23515.3,23523.3
1748010156567.0,23514.8,23522.8
1748010157528.0,23515.3,23523.3
1748010157727.0,23516.3,23524.3
1748010158095.0,23515.8,23523.8
1748010158425.0,23515.3,23523.3
1748010158658.0,23515.8,23523.8
1748010158942.0,23515.3,23523.3
1748010159165.0,23515.8,23523.8
1748010159370.0,23515.3,23523.3
1748010159569.0,23513.8,23521.8
1748010160112.0,23513.3,23521.3
1748010160510.0,23512.8,23520.8
1748010160948.0,23513.3,23521.3
1748010161665.0,23513.8,23521.8
1748010161863.0,23513.3,23521.3
1748010162064.0,23512.8,23520.8
1748010162505.0,23513.3,23521.3
1748010163227.0,23513.3,23521.3
1748010163945.0,23512.8,23520.8
1748010164144.0,23513.3,23521.3
1748010165246.0,23513.8,23521.8
1748010165714.0,23513.3,23521.3
1748010166968.0,23512.8,23520.8
1748010167188.0,23513.3,23521.3
1748010167384.0,23510.8,23518.8
1748010167587.0,23511.3,23519.3
1748010167893.0,23511.8,23519.8
1748010168293.0,23512.3,23520.3
1748010168809.0,23512.3,23520.3
1748010169471.0,23512.8,23520.8
1748010169673.0,23512.3,23520.3
1748010170175.0,23512.8,23520.8
1748010170374.0,23512.3,23520.3
1748010170572.0,23512.8,23520.8
1748010171570.0,23513.3,23521.3
1748010171769.0,23512.8,23520.8
1748010173243.0,23513.3,23521.3
1748010173442.0,23512.8,23520.8
1748010177483.0,23512.3,23520.3
1748010177682.0,23511.3,23519.3
1748010177925.0,23511.8,23519.8
1748010178124.0,23508.8,23516.8
1748010178328.0,23509.3,23517.3
1748010178526.0,23508.3,23516.3
1748010178970.0,23508.8,23516.8
1748010179172.0,23508.3,23516.3
1748010179370.0,23507.8,23515.8
1748010179569.0,23507.3,23515.3
1748010179769.0,23508.3,23516.3
1748010179980.0,23507.8,23515.8
1748010180178.0,23507.3,23515.3
1748010181091.0,23507.8,23515.8
1748010181617.0,23507.3,23515.3
1748010182132.0,23508.8,23516.8
1748010182533.0,23509.8,23517.8
1748010182932.0,23509.8,23517.8
1748010183134.0,23509.3,23517.3
1748010183336.0,23510.3,23518.3
1748010184342.0,23510.8,23518.8
1748010184539.0,23511.3,23519.3
1748010184739.0,23510.3,23518.3
1748010186329.0,23510.8,23518.8
1748010186729.0,23510.3,23518.3
1748010187261.0,23509.8,23517.8
1748010187714.0,23510.3,23518.3
1748010187913.0,23513.3,23521.3
1748010188249.0,23513.8,23521.8
1748010188446.0,23514.8,23522.8
1748010189464.0,23515.3,23523.3
1748010189774.0,23514.8,23522.8
1748010190797.0,23515.3,23523.3
1748010191191.0,23514.8,23522.8
1748010191972,,
1748010192176.0,23515.8,23523.8
1748010192375.0,23516.8,23524.8
1748010192776.0,23517.3,23525.3
1748010193450.0,23516.8,23524.8
1748010193648.0,23517.8,23525.8
1748010194168.0,23518.3,23526.3
1748010194357.0,23518.8,23526.8
1748010196369.0,23518.3,23526.3
1748010196566.0,23516.8,23524.8
1748010196906.0,23517.3,23525.3
1748010197308.0,23517.3,23525.3
1748010197751.0,23517.8,23525.8
1748010197949.0,23517.3,23525.3
1748010198383.0,23516.8,23524.8
1748010199074.0,23517.3,23525.3
1748010199493.0,23517.8,23525.8
1748010199693.0,23517.3,23525.3
1748010199894.0,23516.8,23524.8
1748010200236.0,23517.3,23525.3
1748010200768.0,23516.8,23524.8
1748010201539.0,23517.3,23525.3
1748010201746.0,23516.8,23524.8
1748010202508.0,23516.3,23524.3
1748010202709.0,23516.8,23524.8
1748010203147.0,23514.8,23522.8
1748010204331.0,23515.3,23523.3
1748010204957.0,23515.8,23523.8
1748010205156.0,23515.3,23523.3
1748010205357.0,23514.8,23522.8
1748010205768.0,23515.3,23523.3
1748010207110.0,23515.8,23523.8
1748010207308.0,23517.3,23525.3
1748010207625.0,23517.8,23525.8
1748010207836.0,23517.3,23525.3
1748010208224.0,23518.3,23526.3
1748010208424.0,23518.8,23526.8
1748010208757.0,23518.3,23526.3
1748010208958.0,23517.8,23525.8
1748010209696.0,23518.3,23526.3
1748010209934.0,23518.8,23526.8
1748010210134.0,23518.3,23526.3
1748010210332.0,23519.3,23527.3
1748010210708.0,23518.8,23526.8
1748010210906.0,23518.3,23526.3
1748010211457.0,23517.8,23525.8
1748010211832.0,23517.3,23525.3
1748010212032.0,23517.8,23525.8
1748010212244.0,23518.3,23526.3
1748010213182.0,23517.8,23525.8
1748010213504.0,23518.3,23526.3
1748010214172.0,23518.8,23526.8
1748010214373.0,23519.3,23527.3
1748010214571.0,23518.3,23526.3
1748010215926.0,23518.8,23526.8
1748010216125.0,23518.3,23526.3
1748010216935.0,23519.3,23527.3
1748010217133.0,23519.8,23527.8
1748010217533.0,23519.8,23527.8
1748010217732.0,23520.3,23528.3
1748010218125.0,23519.8,23527.8
1748010219053.0,23518.3,23526.3
1748010219253.0,23519.3,23527.3
1748010220308.0,23518.8,23526.8
1748010221084.0,23519.3,23527.3
1748010221791.0,23518.3,23526.3
1748010221991.0,23519.3,23527.3
1748010222361.0,23518.8,23526.8
1748010222672.0,23519.3,23527.3
1748010223020.0,23519.8,23527.8
1748010225253.0,23520.3,23528.3
1748010225483.0,23519.8,23527.8
1748010225789.0,23519.3,23527.3
1748010225989.0,23518.8,23526.8
1748010226196,,
1748010226994.0,23518.3,23526.3
1748010227190,,
1748010227856.0,23517.8,23525.8
1748010228432.0,23518.3,23526.3
1748010228629.0,23517.8,23525.8
1748010228830.0,23518.3,23526.3
1748010229153.0,23517.8,23525.8
1748010229631.0,23517.3,23525.3
1748010230035.0,23518.3,23526.3
1748010230279.0,23517.8,23525.8
1748010230480.0,23518.3,23526.3
1748010230933.0,23518.8,23526.8
1748010231597.0,23518.3,23526.3
1748010232227.0,23518.8,23526.8
1748010233161.0,23518.3,23526.3
1748010234615.0,23518.8,23526.8
1748010234982.0,23518.3,23526.3
1748010236283.0,23517.8,23525.8
1748010236483.0,23517.3,23525.3
1748010236693.0,23516.8,23524.8
1748010236891.0,23517.3,23525.3
1748010237092.0,23516.8,23524.8
1748010237491.0,23515.3,23523.3
1748010237691.0,23514.8,23522.8
1748010237893.0,23515.3,23523.3
1748010238293.0,23515.3,23523.3
1748010238799.0,23513.8,23521.8
1748010239004.0,23514.8,23522.8
1748010239199.0,23515.3,23523.3
1748010239716.0,23514.8,23522.8
1748010240028.0,23515.3,23523.3
1748010240806,,
1748010241045.0,23517.3,23525.3
1748010241444.0,23518.8,23526.8
1748010241643.0,23518.3,23526.3
1748010242054.0,23518.8,23526.8
1748010242815.0,23518.3,23526.3
1748010243014.0,23518.8,23526.8
1748010244414.0,23518.8,23526.8
1748010244680.0,23518.3,23526.3
1748010245242.0,23518.8,23526.8
1748010246069.0,23518.3,23526.3
1748010246488.0,23518.8,23526.8
1748010247195.0,23519.3,23527.3
1748010251376.0,23519.8,23527.8
1748010252141.0,23519.3,23527.3
1748010252341.0,23518.8,23526.8
1748010252740.0,23519.3,23527.3
1748010252963.0,23519.8,23527.8
1748010253164.0,23520.3,23528.3
1748010254540.0,23519.8,23527.8
1748010254737.0,23520.3,23528.3
1748010255206.0,23520.8,23528.8
1748010255606.0,23520.3,23528.3
1748010255836.0,23520.8,23528.8
1748010256035.0,23522.8,23530.8
1748010257349.0,23522.3,23530.3
1748010257536.0,23521.3,23529.3
1748010258036.0,23521.8,23529.8
1748010258235.0,23522.3,23530.3
1748010259339.0,23521.8,23529.8
1748010259531.0,23521.3,23529.3
1748010260780.0,23520.8,23528.8
1748010260980.0,23520.3,23528.3
1748010261485.0,23520.8,23528.8
1748010261685.0,23520.3,23528.3
1748010262380.0,23520.8,23528.8
1748010262742.0,23520.3,23528.3
1748010263489.0,23519.8,23527.8
1748010263688.0,23520.3,23528.3
1748010263889.0,23518.3,23526.3
1748010264256.0,23518.8,23526.8
1748010264449.0,23519.3,23527.3
1748010265435.0,23519.8,23527.8
1748010267916.0,23519.3,23527.3
1748010268576.0,23519.8,23527.8
1748010269118.0,23520.3,23528.3
1748010269319.0,23522.3,23530.3
1748010269723.0,23522.8,23530.8
1748010270127.0,23523.3,23531.3
1748010270526.0,23524.3,23532.3
1748010271209.0,23523.8,23531.8
1748010271959.0,23523.3,23531.3
1748010272158.0,23523.8,23531.8
1748010272698.0,23524.3,23532.3
1748010273337.0,23523.8,23531.8
1748010273534.0,23523.3,23531.3
1748010276630.0,23521.3,23529.3
1748010276830.0,23520.3,23528.3
1748010277031.0,23521.3,23529.3
1748010278634.0,23521.8,23529.8
1748010278831.0,23522.8,23530.8
1748010279032.0,23522.3,23530.3
1748010280099.0,23521.8,23529.8
1748010280297.0,23520.8,23528.8
1748010280504.0,23521.3,23529.3
