1748008705885.0,7694.6,7695.6
1748008706285.0,7694.3,7695.3
1748008706685.0,7694.6,7695.6
1748008706885.0,7694.8,7695.8
1748008707097.0,7695.1,7696.1
1748008707433.0,7694.8,7695.8
1748008707794.0,7694.6,7695.6
1748008708287.0,7694.3,7695.3
1748008711097.0,7694.6,7695.6
1748008713408.0,7694.3,7695.3
1748008716067.0,7693.3,7694.3
1748008716266.0,7693.6,7694.6
1748008718535.0,7693.3,7694.3
1748008719570.0,7693.6,7694.6
1748008719772.0,7693.3,7694.3
1748008722650.0,7693.2,7694.2
1748008726104.0,7693.5,7694.5
1748008726303.0,7693.2,7694.2
1748008733873.0,7693.5,7694.5
1748008734073.0,7693.0,7694.0
1748008734978,,
1748008735176.0,7692.7,7693.7
1748008737081.0,7693.0,7694.0
1748008737290.0,7693.2,7694.2
1748008738371.0,7693.0,7694.0
1748008738571.0,7693.2,7694.2
1748008738786.0,7693.1,7694.1
1748008739375.0,7692.9,7693.9
1748008740387.0,7692.6,7693.6
1748008740944.0,7692.9,7693.9
1748008741393.0,7692.6,7693.6
1748008741991.0,7691.6,7692.6
1748008743477.0,7691.9,7692.9
1748008743862.0,7691.9,7692.9
1748008745575.0,7691.6,7692.6
1748008746239.0,7691.9,7692.9
1748008746639.0,7691.6,7692.6
1748008746815.0,7691.5,7692.5
1748008747792.0,7691.8,7692.8
1748008748190.0,7691.5,7692.5
1748008750632.0,7691.8,7692.8
1748008750849.0,7691.5,7692.5
1748008754385.0,7691.8,7692.8
1748008754584.0,7692.0,7693.0
1748008755142.0,7692.3,7693.3
1748008755346.0,7693.3,7694.3
1748008755694.0,7693.0,7694.0
1748008757389.0,7693.3,7694.3
1748008757981.0,7693.0,7694.0
1748008758945.0,7693.3,7694.3
1748008759149,,
1748008759399.0,7693.5,7694.5
1748008759596.0,7693.3,7694.3
1748008760520.0,7693.2,7694.2
1748008761408.0,7692.4,7693.4
1748008765016.0,7692.7,7693.7
1748008765213.0,7692.4,7693.4
1748008766309.0,7692.2,7693.2
1748008766509.0,7692.4,7693.4
1748008766986.0,7692.4,7693.4
1748008769383.0,7691.7,7692.7
1748008769606.0,7691.9,7692.9
1748008769805,,
1748008770016.0,7692.2,7693.2
1748008770408.0,7692.2,7693.2
1748008770608.0,7692.4,7693.4
1748008770837.0,7692.2,7693.2
1748008771236.0,7692.4,7693.4
1748008771995.0,7692.2,7693.2
1748008772194.0,7692.4,7693.4
1748008772595,,
1748008773346.0,7692.7,7693.7
1748008774086,,
1748008774490.0,7692.2,7693.2
1748008775222.0,7692.4,7693.4
1748008776014.0,7692.2,7693.2
1748008776212.0,7692.4,7693.4
1748008777548.0,7692.7,7693.7
1748008780050.0,7692.9,7693.9
1748008780250.0,7692.7,7693.7
1748008780650.0,7692.9,7693.9
1748008780848.0,7692.7,7693.7
1748008781166.0,7692.9,7693.9
1748008781367.0,7692.7,7693.7
1748008781725.0,7692.9,7693.9
1748008781926.0,7693.4,7694.4
1748008782341,,
1748008782605.0,7693.9,7694.9
1748008782804.0,7693.7,7694.7
1748008783005.0,7693.4,7694.4
1748008783544.0,7693.2,7694.2
1748008783952.0,7693.4,7694.4
1748008784153.0,7693.2,7694.2
1748008784353.0,7693.4,7694.4
1748008786693.0,7693.2,7694.2
1748008787237.0,7693.4,7694.4
1748008787768.0,7693.7,7694.7
1748008787967.0,7693.9,7694.9
1748008788382.0,7694.7,7695.7
1748008788583.0,7694.2,7695.2
1748008788782.0,7693.9,7694.9
1748008790017.0,7694.2,7695.2
1748008790216.0,7694.4,7695.4
1748008790417.0,7693.9,7694.9
1748008793367.0,7694.2,7695.2
1748008793567.0,7695.4,7696.4
1748008794156.0,7695.7,7696.7
1748008794356.0,7695.9,7696.9
1748008795116.0,7695.7,7696.7
1748008795370.0,7695.9,7696.9
1748008795935.0,7695.9,7696.9
1748008797256.0,7696.2,7697.2
1748008797455.0,7696.4,7697.4
1748008798892.0,7696.7,7697.7
1748008799091,,
1748008799324.0,7696.9,7697.9
1748008799524.0,7697.2,7698.2
1748008799724.0,7697.4,7698.4
1748008800030.0,7696.9,7697.9
1748008800406.0,7698.5,7699.5
1748008800505.0,7699.0,7700.0
1748008800705.0,7698.4,7699.4
1748008801041.0,7697.4,7698.4
1748008801240.0,7696.4,7697.4
1748008801444.0,7696.2,7697.2
1748008801807.0,7696.5,7697.5
1748008802156.0,7697.0,7698.0
1748008802354.0,7696.8,7697.8
1748008802755.0,7696.5,7697.5
1748008803154.0,7697.3,7698.3
1748008803359.0,7697.0,7698.0
1748008803755.0,7697.8,7698.8
1748008803961.0,7698.0,7699.0
1748008804548.0,7698.0,7699.0
1748008805434.0,7698.3,7699.3
1748008805833.0,7698.0,7699.0
1748008806492.0,7698.3,7699.3
1748008806689.0,7698.8,7699.8
1748008808318.0,7698.0,7699.0
1748008808517.0,7698.3,7699.3
1748008808919.0,7698.5,7699.5
1748008809748.0,7698.8,7699.8
1748008809950.0,7699.5,7700.5
1748008810195.0,7699.8,7700.8
1748008810519.0,7699.9,7700.9
1748008810772.0,7699.6,7700.6
1748008811172.0,7700.1,7701.1
1748008811371.0,7699.9,7700.9
1748008811571.0,7699.6,7700.6
1748008811971.0,7698.1,7699.1
1748008812172.0,7699.1,7700.1
1748008812372.0,7699.4,7700.4
1748008812770.0,7699.4,7700.4
1748008813063.0,7699.1,7700.1
1748008813263.0,7699.4,7700.4
1748008813485.0,7700.0,7701.0
1748008813863.0,7701.0,7702.0
1748008814268.0,7700.7,7701.7
1748008814665.0,7701.6,7702.6
1748008815350.0,7701.9,7702.9
1748008815548.0,7702.1,7703.1
1748008815748.0,7702.4,7703.4
1748008816004.0,7702.1,7703.1
1748008816504.0,7702.4,7703.4
1748008816704,,
1748008816905.0,7702.7,7703.7
1748008817104.0,7702.0,7703.0
1748008818209.0,7701.7,7702.7
1748008818905.0,7702.1,7703.1
1748008819183.0,7700.8,7701.8
1748008819828.0,7700.7,7701.7
1748008820249.0,7700.5,7701.5
1748008820447.0,7700.2,7701.2
1748008820547.0,7700.0,7701.0
1748008820750.0,7700.2,7701.2
1748008821320.0,7700.0,7701.0
1748008821444.0,7699.7,7700.7
1748008822075,,
1748008822276.0,7700.7,7701.7
1748008822554.0,7701.0,7702.0
1748008822758.0,7702.2,7703.2
1748008823099.0,7702.5,7703.5
1748008823297.0,7702.2,7703.2
1748008823697.0,7702.5,7703.5
1748008824124.0,7703.0,7704.0
1748008824323.0,7704.0,7705.0
1748008824593.0,7704.2,7705.2
1748008824968.0,7704.3,7705.3
1748008825293.0,7704.0,7705.0
1748008825392.0,7703.2,7704.2
1748008826277,,
1748008826376.0,7703.3,7704.3
1748008827320.0,7703.6,7704.6
1748008827618.0,7703.7,7704.7
1748008828186.0,7703.2,7704.2
1748008828417.0,7703.5,7704.5
1748008828616.0,7703.7,7704.7
1748008829017.0,7703.5,7704.5
1748008829216.0,7704.0,7705.0
1748008829416.0,7704.2,7705.2
1748008829783.0,7704.0,7705.0
1748008830082.0,7703.8,7704.8
1748008830184.0,7703.6,7704.6
1748008830580.0,7704.8,7705.8
1748008830783.0,7705.3,7706.3
1748008830882.0,7705.4,7706.4
1748008831526.0,7705.2,7706.2
1748008831725,,
1748008832052.0,7705.4,7706.4
1748008832436.0,7705.2,7706.2
1748008832835.0,7704.9,7705.9
1748008833235.0,7706.7,7707.7
1748008833435.0,7706.4,7707.4
1748008833652.0,7706.2,7707.2
1748008833836.0,7706.4,7707.4
1748008834095.0,7706.2,7707.2
1748008834286.0,7706.1,7707.1
1748008834383.0,7705.8,7706.8
1748008834865.0,7705.8,7706.8
1748008835084.0,7706.3,7707.3
1748008835675.0,7706.1,7707.1
1748008836174.0,7706.5,7707.5
1748008836491.0,7706.3,7707.3
1748008836675.0,7706.5,7707.5
1748008836973.0,7706.3,7707.3
1748008837182.0,7706.5,7707.5
1748008837344.0,7706.3,7707.3
1748008837572.0,7706.1,7707.1
1748008837972.0,7705.6,7706.6
1748008838172.0,7706.1,7707.1
1748008838598.0,7706.5,7707.5
1748008838797.0,7706.7,7707.7
1748008839028.0,7706.5,7707.5
1748008839230.0,7706.2,7707.2
1748008839550.0,7706.0,7707.0
1748008839752.0,7705.2,7706.2
1748008839949,,
1748008840306.0,7705.5,7706.5
1748008840909.0,7705.7,7706.7
1748008842508.0,7706.0,7707.0
1748008842707.0,7706.5,7707.5
1748008843352.0,7706.2,7707.2
1748008843748.0,7705.7,7706.7
1748008844134.0,7705.7,7706.7
1748008844348.0,7705.7,7706.7
1748008845073.0,7705.5,7706.5
1748008845473.0,7705.2,7706.2
1748008845703.0,7705.3,7706.3
1748008846133.0,7705.6,7706.6
1748008846531.0,7705.8,7706.8
1748008846736.0,7705.3,7706.3
1748008847132.0,7705.6,7706.6
1748008847533.0,7705.3,7706.3
1748008847933.0,7704.8,7705.8
1748008848538.0,7704.6,7705.6
1748008848967.0,7703.6,7704.6
1748008849167.0,7703.3,7704.3
1748008849825.0,7703.1,7704.1
1748008850024.0,7703.3,7704.3
1748008850545.0,7703.6,7704.6
1748008850726.0,7702.3,7703.3
1748008851657,,
1748008851890.0,7702.5,7703.5
1748008852066.0,7702.2,7703.2
1748008852458.0,7702.1,7703.1
1748008852728.0,7702.4,7703.4
1748008852928.0,7702.1,7703.1
1748008853857.0,7703.1,7704.1
1748008854429.0,7702.9,7703.9
1748008854828.0,7703.6,7704.6
1748008855043.0,7703.4,7704.4
1748008855229.0,7703.1,7704.1
1748008855630.0,7703.6,7704.6
1748008856304.0,7703.4,7704.4
1748008856503.0,7703.6,7704.6
1748008856903.0,7703.1,7704.1
1748008857223.0,7702.9,7703.9
1748008857426,,
1748008857617.0,7702.6,7703.6
1748008858304.0,7702.9,7703.9
1748008858504.0,7703.1,7704.1
1748008858979.0,7702.9,7703.9
1748008859380.0,7702.6,7703.6
1748008859954.0,7702.4,7703.4
1748008860153.0,7702.1,7703.1
1748008860353,,
1748008860969.0,7702.4,7703.4
1748008861166.0,7702.1,7703.1
1748008862471.0,7702.4,7703.4
1748008862667.0,7702.1,7703.1
1748008863039.0,7702.0,7703.0
1748008863240.0,7701.7,7702.7
1748008864450.0,7701.7,7702.7
1748008864650.0,7700.7,7701.7
1748008864942.0,7700.5,7701.5
1748008865250,,
1748008865517.0,7700.0,7701.0
1748008865716.0,7699.0,7700.0
1748008865940.0,7699.1,7700.1
1748008866223.0,7698.9,7699.9
1748008866423.0,7699.1,7700.1
1748008867151.0,7698.9,7699.9
1748008867616.0,7699.1,7700.1
1748008867826.0,7699.4,7700.4
1748008868017.0,7699.6,7700.6
1748008868773.0,7699.4,7700.4
1748008868973.0,7699.1,7700.1
1748008869415.0,7699.4,7700.4
1748008869615.0,7699.6,7700.6
1748008869865.0,7699.4,7700.4
1748008870065.0,7699.1,7700.1
1748008870267.0,7699.8,7700.8
1748008870899.0,7699.6,7700.6
1748008871600.0,7699.8,7700.8
1748008872143.0,7700.3,7701.3
1748008872944.0,7700.6,7701.6
1748008873145.0,7700.8,7701.8
1748008873516.0,7701.1,7702.1
1748008873718.0,7701.3,7702.3
1748008873968.0,7701.6,7702.6
1748008874166.0,7702.1,7703.1
1748008874736.0,7702.3,7703.3
1748008874931.0,7702.8,7703.8
1748008875167.0,7702.6,7703.6
1748008875367.0,7704.1,7705.1
1748008875962.0,7704.3,7705.3
1748008876645.0,7704.4,7705.4
1748008876945.0,7704.6,7705.6
1748008877353.0,7704.5,7705.5
1748008878031.0,7704.3,7705.3
1748008878230.0,7704.0,7705.0
1748008878431.0,7703.8,7704.8
1748008878673.0,7704.0,7705.0
1748008879075,,
1748008879473.0,7704.3,7705.3
1748008879873.0,7704.3,7705.3
1748008880275.0,7704.5,7705.5
1748008880473.0,7704.8,7705.8
1748008880871,,
1748008881170.0,7705.3,7706.3
1748008881567.0,7705.5,7706.5
1748008882049.0,7705.3,7706.3
1748008882541.0,7705.5,7706.5
1748008882938,,
1748008883141.0,7705.3,7706.3
1748008883341.0,7705.5,7706.5
1748008884556.0,7705.8,7706.8
1748008884749.0,7706.3,7707.3
1748008885073.0,7706.0,7707.0
1748008885273.0,7706.3,7707.3
1748008885475.0,7706.5,7707.5
1748008886248.0,7706.5,7707.5
1748008886582.0,7706.8,7707.8
1748008886982.0,7708.5,7709.5
1748008887417.0,7708.8,7709.8
1748008887615.0,7709.0,7710.0
1748008887816.0,7708.5,7709.5
1748008888019.0,7709.0,7710.0
1748008888244.0,7709.3,7710.3
1748008888500.0,7709.6,7710.6
1748008889156.0,7709.9,7710.9
1748008889556.0,7710.1,7711.1
1748008890074.0,7710.4,7711.4
1748008890490.0,7710.5,7711.5
1748008890706.0,7710.7,7711.7
1748008891211.0,7710.5,7711.5
1748008891409.0,7710.2,7711.2
1748008891809.0,7710.2,7711.2
1748008892221.0,7710.5,7711.5
1748008892422.0,7710.2,7711.2
1748008892768.0,7710.5,7711.5
1748008892969.0,7710.2,7711.2
1748008893368.0,7709.2,7710.2
1748008893567.0,7709.5,7710.5
1748008893767,,
1748008894515.0,7709.7,7710.7
1748008894716.0,7708.7,7709.7
1748008894912.0,7708.5,7709.5
1748008895113.0,7707.7,7708.7
1748008895518,,
1748008895984.0,7707.0,7708.0
1748008896194.0,7707.2,7708.2
1748008896581.0,7708.0,7709.0
1748008896780.0,7708.2,7709.2
1748008896989.0,7708.1,7709.1
1748008897493.0,7707.9,7708.9
1748008897891.0,7708.1,7709.1
1748008898613.0,7707.9,7708.9
1748008898814.0,7708.1,7709.1
1748008899110.0,7707.9,7708.9
1748008899306.0,7708.1,7709.1
1748008899563.0,7708.4,7709.4
1748008900332.0,7708.6,7709.6
1748008900532.0,7708.9,7709.9
1748008900933.0,7708.6,7709.6
1748008901366.0,7708.5,7709.5
1748008901540.0,7708.6,7709.6
1748008902246.0,7708.9,7709.9
1748008902603.0,7708.8,7709.8
1748008903921.0,7709.0,7710.0
1748008904119,,
1748008904322.0,7708.0,7709.0
1748008904720.0,7708.5,7709.5
1748008905652.0,7708.3,7709.3
1748008905853.0,7707.8,7708.8
1748008906054.0,7707.5,7708.5
1748008906452.0,7707.0,7708.0
1748008907182.0,7707.3,7708.3
1748008907380.0,7707.0,7708.0
1748008907581.0,7706.5,7707.5
1748008909288.0,7706.9,7707.9
1748008909589.0,7707.1,7708.1
1748008909960.0,7706.9,7707.9
1748008910160.0,7706.6,7707.6
1748008910561.0,7707.1,7708.1
1748008911040.0,7707.4,7708.4
1748008911439.0,7708.1,7709.1
1748008912214.0,7707.8,7708.8
1748008912537.0,7707.4,7708.4
1748008913464.0,7707.7,7708.7
1748008913660.0,7707.9,7708.9
1748008913957.0,7707.7,7708.7
1748008914357.0,7707.9,7708.9
1748008914554.0,7708.2,7709.2
1748008914757.0,7708.4,7709.4
1748008915665.0,7708.7,7709.7
1748008915864.0,7708.9,7709.9
1748008917061.0,7708.9,7709.9
1748008917271.0,7708.6,7709.6
1748008918573.0,7708.9,7709.9
1748008918774.0,7708.6,7709.6
1748008919214.0,7708.5,7709.5
1748008919629.0,7708.8,7709.8
1748008919827.0,7708.5,7709.5
1748008921577.0,7708.8,7709.8
1748008921778.0,7709.0,7710.0
1748008922091.0,7708.8,7709.8
1748008922294.0,7708.5,7709.5
1748008922899.0,7709.0,7710.0
1748008923409.0,7709.0,7710.0
1748008923613.0,7710.3,7711.3
1748008923916.0,7710.5,7711.5
1748008924135.0,7710.8,7711.8
1748008924317.0,7711.0,7712.0
1748008924675.0,7711.3,7712.3
1748008925275.0,7711.5,7712.5
1748008925375.0,7711.6,7712.6
1748008927936.0,7711.6,7712.6
1748008928135.0,7711.6,7712.6
1748008928336.0,7711.6,7712.6
1748008928516.0,7711.7,7712.7
1748008928738.0,7712.2,7713.2
1748008930056.0,7712.5,7713.5
1748008930256.0,7712.2,7713.2
1748008930636.0,7712.5,7713.5
1748008930835.0,7712.7,7713.7
1748008931037.0,7712.0,7713.0
1748008931236.0,7711.7,7712.7
1748008931529.0,7711.6,7712.6
1748008931939.0,7711.4,7712.4
1748008932140.0,7710.9,7711.9
1748008932360.0,7710.6,7711.6
1748008932559,,
1748008932761.0,7710.4,7711.4
1748008932976.0,7710.1,7711.1
1748008933159.0,7709.9,7710.9
1748008933560.0,7710.1,7711.1
1748008933960.0,7709.6,7710.6
1748008934855.0,7709.5,7710.5
1748008934953.0,7709.3,7710.3
1748008935356.0,7709.5,7710.5
1748008935555.0,7709.3,7710.3
1748008935759.0,7709.5,7710.5
1748008936168.0,7709.3,7710.3
1748008936381.0,7709.8,7710.8
1748008936481.0,7709.9,7710.9
1748008936675.0,7709.6,7710.6
1748008936873.0,7709.4,7710.4
1748008937169.0,7709.1,7710.1
1748008938041.0,7709.4,7710.4
1748008938244.0,7709.6,7710.6
1748008938604.0,7709.9,7710.9
1748008938806,,
1748008939579.0,7710.1,7711.1
1748008939679.0,7710.2,7711.2
1748008940424.0,7710.1,7711.1
1748008940626.0,7710.1,7711.1
1748008940828.0,7710.4,7711.4
1748008941369.0,7710.1,7711.1
1748008941569.0,7709.9,7710.9
1748008941971.0,7709.6,7710.6
1748008942866.0,7709.9,7710.9
1748008943264.0,7710.1,7711.1
1748008943464.0,7711.6,7712.6
1748008943864.0,7711.1,7712.1
1748008944064.0,7710.6,7711.6
1748008945116.0,7710.9,7711.9
1748008945316.0,7711.1,7712.1
1748008945716.0,7709.6,7710.6
1748008946088.0,7709.9,7710.9
1748008946555.0,7709.6,7710.6
1748008946775.0,7710.0,7711.0
1748008947074.0,7710.3,7711.3
1748008947274.0,7710.5,7711.5
1748008947474.0,7710.8,7711.8
1748008947676.0,7710.5,7711.5
1748008948108.0,7710.8,7711.8
1748008949194.0,7710.5,7711.5
1748008949390,,
1748008950243.0,7710.5,7711.5
1748008950524.0,7710.8,7711.8
1748008950923.0,7711.0,7712.0
1748008952584.0,7711.3,7712.3
1748008952784.0,7711.5,7712.5
1748008953389.0,7711.3,7712.3
1748008953788.0,7711.5,7712.5
1748008954508.0,7711.2,7712.2
1748008954808.0,7710.9,7711.9
1748008955008.0,7709.9,7710.9
1748008955207.0,7710.2,7711.2
1748008955606.0,7709.9,7710.9
1748008958192.0,7710.2,7711.2
1748008958360.0,7709.9,7710.9
1748008960482.0,7709.7,7710.7
1748008960880.0,7709.9,7710.9
1748008962447.0,7709.9,7710.9
1748008963006.0,7710.2,7711.2
1748008964215,,
1748008964415.0,7710.4,7711.4
1748008964615.0,7710.9,7711.9
1748008965129.0,7711.2,7712.2
1748008965329.0,7712.4,7713.4
1748008965729.0,7712.2,7713.2
1748008966131.0,7710.9,7711.9
1748008966533.0,7711.2,7712.2
1748008966804.0,7710.9,7711.9
1748008967690.0,7711.0,7712.0
1748008968550.0,7711.3,7712.3
1748008968681.0,7711.4,7712.4
1748008968950.0,7710.4,7711.4
1748008969186.0,7710.6,7711.6
1748008970268.0,7710.4,7711.4
1748008970466.0,7710.6,7711.6
1748008970967,,
1748008971167.0,7711.4,7712.4
1748008971442.0,7711.6,7712.6
1748008971643.0,7711.4,7712.4
1748008972659.0,7711.6,7712.6
1748008973259.0,7711.4,7712.4
1748008973459.0,7711.6,7712.6
1748008973660.0,7711.4,7712.4
1748008974060.0,7713.6,7714.6
1748008975465.0,7713.7,7714.7
1748008975582.0,7714.0,7715.0
1748008975783.0,7714.2,7715.2
1748008976518.0,7714.0,7715.0
1748008976721.0,7713.7,7714.7
1748008977417,,
1748008978364.0,7713.5,7714.5
1748008978566.0,7713.2,7714.2
1748008978987.0,7713.0,7714.0
1748008979188.0,7711.7,7712.7
1748008979386.0,7712.2,7713.2
1748008979987.0,7711.5,7712.5
1748008980186.0,7711.7,7712.7
1748008980934.0,7711.5,7712.5
1748008981330.0,7711.7,7712.7
1748008981529.0,7711.2,7712.2
1748008981730.0,7711.5,7712.5
1748008982063.0,7711.2,7712.2
1748008982262.0,7711.7,7712.7
1748008982664.0,7710.2,7711.2
1748008982862.0,7710.7,7711.7
1748008983063.0,7711.2,7712.2
1748008983406.0,7711.6,7712.6
1748008983662.0,7711.6,7712.6
1748008983863.0,7712.1,7713.1
1748008984061.0,7711.8,7712.8
1748008984262.0,7712.3,7713.3
1748008984715.0,7712.1,7713.1
1748008984914.0,7712.3,7713.3
1748008985215.0,7712.6,7713.6
1748008985415.0,7712.3,7713.3
1748008985850.0,7711.6,7712.6
1748008986051.0,7711.3,7712.3
1748008986604.0,7711.4,7712.4
1748008986804.0,7711.7,7712.7
1748008987003.0,7712.2,7713.2
1748008988006,,
1748008988484.0,7711.9,7712.9
1748008988684,,
1748008989234.0,7712.2,7713.2
1748008989447.0,7711.9,7712.9
1748008990018.0,7711.7,7712.7
1748008990218.0,7711.9,7712.9
1748008990763.0,7712.2,7713.2
1748008990964.0,7712.4,7713.4
1748008993099.0,7712.2,7713.2
1748008993506.0,7711.7,7712.7
1748008993694.0,7712.4,7713.4
1748008993894.0,7712.9,7713.9
1748008994096.0,7712.2,7713.2
1748008994438,,
1748008995013.0,7712.4,7713.4
1748008995213.0,7712.2,7713.2
1748008995422.0,7712.4,7713.4
1748008995813.0,7712.2,7713.2
1748008996385.0,7711.9,7712.9
1748008996584.0,7712.9,7713.9
1748008997105.0,7712.7,7713.7
1748008997521.0,7712.4,7713.4
1748008997919.0,7712.7,7713.7
1748008998119.0,7712.9,7713.9
1748008998853.0,7713.7,7714.7
1748008999255.0,7713.4,7714.4
1748008999454.0,7713.9,7714.9
1748008999747.0,7713.7,7714.7
1748009000150.0,7714.4,7715.4
1748009000348,,
1748009000547.0,7714.9,7715.9
1748009001244.0,7715.2,7716.2
1748009001447,,
1748009001859.0,7715.4,7716.4
1748009002275.0,7716.4,7717.4
1748009002642.0,7716.3,7717.3
1748009003072.0,7715.8,7716.8
1748009003309.0,7715.7,7716.7
1748009003555.0,7715.7,7716.7
1748009004259.0,7715.6,7716.6
1748009004616.0,7715.9,7716.9
1748009005586.0,7715.6,7716.6
1748009005986.0,7715.9,7716.9
1748009006185.0,7716.1,7717.1
1748009006454.0,7715.1,7716.1
1748009008334.0,7715.4,7716.4
1748009008531.0,7715.1,7716.1
1748009008731.0,7715.4,7716.4
1748009008993.0,7715.6,7716.6
1748009009192.0,7716.1,7717.1
1748009009625.0,7715.9,7716.9
1748009009824.0,7716.1,7717.1
1748009010228.0,7715.6,7716.6
1748009010434.0,7716.1,7717.1
1748009010626.0,7715.9,7716.9
1748009010823.0,7716.1,7717.1
1748009011340,,
1748009011440,,
1748009012076.0,7716.4,7717.4
1748009012272.0,7716.6,7717.6
1748009012477.0,7716.4,7717.4
1748009012678.0,7716.1,7717.1
1748009013148.0,7715.9,7716.9
1748009013348.0,7716.1,7717.1
1748009013547.0,7715.6,7716.6
1748009014237.0,7715.9,7716.9
1748009014438.0,7715.6,7716.6
1748009015033.0,7715.1,7716.1
1748009015579.0,7714.1,7715.1
1748009015981.0,7713.9,7714.9
1748009016329.0,7713.6,7714.6
1748009016527.0,7713.9,7714.9
1748009016902.0,7714.0,7715.0
1748009017139.0,7713.3,7714.3
1748009017326.0,7713.8,7714.8
1748009017531.0,7713.5,7714.5
1748009017728.0,7713.8,7714.8
1748009018141.0,7713.5,7714.5
1748009018792,,
1748009018933.0,7713.3,7714.3
1748009019342.0,7713.5,7714.5
1748009020126.0,7713.3,7714.3
1748009020324.0,7713.5,7714.5
1748009020523.0,7713.0,7714.0
1748009020806.0,7712.8,7713.8
1748009020924.0,7713.0,7714.0
1748009021359.0,7712.8,7713.8
1748009021529.0,7713.0,7714.0
1748009021727.0,7712.5,7713.5
1748009021879.0,7712.7,7713.7
1748009022169.0,7713.2,7714.2
1748009022794.0,7713.5,7714.5
1748009022993.0,7713.7,7714.7
1748009023194.0,7712.7,7713.7
1748009024054.0,7713.0,7714.0
1748009024268.0,7713.5,7714.5
1748009024450.0,7713.2,7714.2
1748009024849.0,7713.0,7714.0
1748009025116.0,7712.7,7713.7
1748009025313.0,7712.5,7713.5
1748009025535.0,7712.2,7713.2
1748009025951.0,7712.5,7713.5
1748009026151.0,7712.2,7713.2
1748009026377.0,7712.5,7713.5
1748009026563.0,7712.2,7713.2
1748009027257.0,7712.1,7713.1
1748009027404.0,7712.0,7713.0
1748009027897.0,7711.8,7712.8
1748009028113.0,7711.0,7712.0
1748009028462.0,7710.8,7711.8
1748009028849.0,7711.0,7712.0
1748009029258.0,7711.3,7712.3
1748009029658.0,7711.8,7712.8
1748009030361.0,7711.5,7712.5
1748009030761.0,7711.8,7712.8
1748009031221.0,7711.5,7712.5
1748009031362.0,7711.8,7712.8
1748009031762.0,7712.0,7713.0
1748009032204.0,7712.3,7713.3
1748009032333.0,7712.5,7713.5
1748009033358.0,7712.5,7713.5
1748009033556.0,7712.3,7713.3
1748009033757.0,7712.5,7713.5
1748009034121,,
1748009034362.0,7712.8,7713.8
1748009035239.0,7713.3,7714.3
1748009035438.0,7713.0,7714.0
1748009036228.0,7712.8,7713.8
1748009036422.0,7712.3,7713.3
1748009036834.0,7712.3,7713.3
1748009037033.0,7711.0,7712.0
1748009038146.0,7711.0,7712.0
1748009040237.0,7710.8,7711.8
1748009040436.0,7709.8,7710.8
1748009040774.0,7710.0,7711.0
1748009041066.0,7710.4,7711.4
1748009041166.0,7710.6,7711.6
1748009041879.0,7711.1,7712.1
1748009042142.0,7711.4,7712.4
1748009042339.0,7712.1,7713.1
1748009043115.0,7711.9,7712.9
1748009043316.0,7711.6,7712.6
1748009043715.0,7712.1,7713.1
1748009043914.0,7711.9,7712.9
1748009044115.0,7711.6,7712.6
1748009044320,,
1748009044727.0,7711.4,7712.4
1748009044922.0,7711.9,7712.9
1748009045120.0,7711.6,7712.6
1748009045321.0,7711.1,7712.1
1748009045522.0,7711.4,7712.4
1748009045722.0,7711.6,7712.6
1748009045920.0,7711.9,7712.9
1748009047133.0,7712.1,7713.1
1748009047359.0,7712.4,7713.4
1748009047559,,
1748009047927.0,7712.2,7713.2
1748009048917.0,7712.5,7713.5
1748009049316.0,7713.2,7714.2
1748009049962.0,7713.0,7714.0
1748009050361.0,7713.1,7714.1
1748009050563,,
1748009050773.0,7712.9,7713.9
1748009051174.0,7713.1,7714.1
1748009051374.0,7712.9,7713.9
1748009051573.0,7713.1,7714.1
1748009051973.0,7713.1,7714.1
1748009052374.0,7712.9,7713.9
1748009052774.0,7712.6,7713.6
1748009052875.0,7712.7,7713.7
1748009053745,,
1748009054030.0,7712.5,7713.5
1748009054228.0,7712.2,7713.2
1748009054628.0,7712.2,7713.2
1748009055222.0,7712.5,7713.5
1748009055821.0,7712.2,7713.2
1748009056118.0,7712.5,7713.5
1748009056733.0,7712.2,7713.2
1748009057132.0,7712.0,7713.0
1748009057348.0,7711.7,7712.7
1748009057654.0,7711.5,7712.5
1748009057854,,
1748009058254.0,7711.2,7712.2
1748009058454.0,7711.0,7712.0
1748009059411,,
1748009060318.0,7711.0,7712.0
1748009060717.0,7710.7,7711.7
1748009060916.0,7711.0,7712.0
1748009061516,,
1748009061717.0,7711.2,7712.2
1748009062316.0,7711.0,7712.0
1748009062716.0,7711.2,7712.2
1748009064169.0,7711.1,7712.1
1748009064395.0,7711.9,7712.9
1748009064594.0,7712.6,7713.6
1748009064937.0,7712.4,7713.4
1748009065147.0,7710.6,7711.6
1748009065731.0,7710.9,7711.9
1748009065926,,
1748009066249.0,7710.6,7711.6
1748009066448.0,7711.6,7712.6
1748009066648.0,7711.4,7712.4
1748009067050.0,7711.4,7712.4
1748009067422.0,7711.6,7712.6
1748009067848.0,7711.4,7712.4
1748009068288.0,7711.1,7712.1
1748009068688.0,7711.4,7712.4
1748009068887.0,7711.1,7712.1
1748009069289.0,7711.4,7712.4
1748009069673.0,7711.6,7712.6
1748009070274.0,7711.4,7712.4
1748009070471.0,7711.6,7712.6
1748009070676.0,7711.4,7712.4
1748009070984.0,7711.1,7712.1
1748009071215.0,7711.0,7712.0
1748009071475.0,7710.7,7711.7
1748009071874.0,7710.5,7711.5
1748009072079.0,7713.2,7714.2
1748009072273.0,7714.2,7715.2
1748009072476.0,7713.2,7714.2
1748009072874,,
1748009073077.0,7713.7,7714.7
1748009073474.0,7712.7,7713.7
1748009073715.0,7712.5,7713.5
1748009074113,,
1748009074316.0,7713.7,7714.7
1748009074584.0,7714.5,7715.5
1748009074715.0,7714.7,7715.7
1748009074962.0,7715.0,7716.0
1748009075155.0,7715.1,7716.1
1748009075563.0,7715.8,7716.8
1748009076148.0,7715.6,7716.6
1748009076344.0,7715.3,7716.3
1748009076943.0,7715.3,7716.3
1748009077144.0,7714.8,7715.8
1748009077343.0,7714.3,7715.3
1748009077753.0,7714.1,7715.1
1748009078144.0,7714.3,7715.3
1748009078347,,
1748009079041.0,7714.1,7715.1
1748009079241.0,7713.8,7714.8
1748009079853.0,7712.3,7713.3
1748009080070.0,7712.8,7713.8
1748009081111.0,7713.1,7714.1
1748009081309.0,7712.8,7713.8
1748009082008.0,7713.8,7714.8
1748009082209.0,7714.1,7715.1
1748009082410.0,7713.3,7714.3
1748009083076.0,7712.8,7713.8
1748009083762.0,7713.3,7714.3
1748009084240.0,7713.1,7714.1
1748009084443.0,7713.3,7714.3
1748009084661.0,7713.6,7714.6
1748009085060.0,7713.8,7714.8
1748009085948.0,7713.6,7714.6
1748009086150.0,7713.8,7714.8
1748009086789.0,7714.1,7715.1
1748009086987.0,7713.8,7714.8
1748009087216.0,7713.6,7714.6
1748009087416.0,7713.1,7714.1
1748009087816.0,7711.8,7712.8
1748009088018.0,7712.1,7713.1
1748009088216.0,7711.8,7712.8
1748009088415,,
1748009088933.0,7712.3,7713.3
1748009089279.0,7712.6,7713.6
1748009089696.0,7712.6,7713.6
1748009089897.0,7713.1,7714.1
1748009090097.0,7713.3,7714.3
1748009090336.0,7713.1,7714.1
1748009091638.0,7712.8,7713.8
1748009091835.0,7713.1,7714.1
1748009093716.0,7711.8,7712.8
1748009093916.0,7712.3,7713.3
1748009094516.0,7712.6,7713.6
1748009094732.0,7712.3,7713.3
1748009095114.0,7712.6,7713.6
1748009095514.0,7712.3,7713.3
1748009095717.0,7712.8,7713.8
1748009095913.0,7712.6,7713.6
1748009096220.0,7712.8,7713.8
1748009099159.0,7712.6,7713.6
1748009099358.0,7712.3,7713.3
1748009099808.0,7712.6,7713.6
1748009100010.0,7712.3,7713.3
1748009100205.0,7712.8,7713.8
1748009100607.0,7712.8,7713.8
1748009101762.0,7713.1,7714.1
1748009102962.0,7712.8,7713.8
1748009103153,,
1748009103564.0,7713.1,7714.1
1748009103762.0,7713.6,7714.6
1748009103963.0,7713.3,7714.3
1748009104618.0,7712.8,7713.8
1748009105018.0,7713.1,7714.1
1748009105442.0,7712.8,7713.8
1748009105812.0,7712.9,7713.9
1748009106041.0,7712.7,7713.7
1748009106440.0,7712.9,7713.9
1748009106840.0,7712.7,7713.7
1748009107039.0,7712.4,7713.4
1748009107922.0,7712.7,7713.7
1748009108322.0,7713.2,7714.2
1748009108521.0,7712.9,7713.9
1748009109638.0,7713.2,7714.2
1748009109837.0,7712.9,7713.9
1748009110438.0,7712.7,7713.7
1748009110837.0,7712.9,7713.9
1748009112305.0,7712.9,7713.9
1748009112967.0,7713.2,7714.2
1748009113451.0,7712.9,7713.9
1748009113649.0,7713.2,7714.2
1748009113851.0,7712.9,7713.9
1748009114050.0,7714.4,7715.4
1748009114451.0,7715.4,7716.4
1748009115126.0,7715.2,7716.2
1748009115326.0,7714.7,7715.7
1748009115722.0,7714.9,7715.9
1748009115924.0,7715.2,7716.2
1748009116123.0,7715.4,7716.4
1748009116523.0,7714.9,7715.9
1748009117060.0,7714.7,7715.7
1748009117391.0,7714.7,7715.7
1748009117872.0,7715.0,7716.0
1748009118070.0,7714.7,7715.7
1748009118472.0,7716.0,7717.0
1748009118673.0,7716.2,7717.2
1748009118872.0,7715.7,7716.7
1748009119182.0,7716.0,7717.0
1748009119469.0,7715.8,7716.8
1748009119769.0,7716.3,7717.3
1748009120616.0,7716.1,7717.1
1748009120815.0,7715.3,7716.3
1748009121240,,
1748009121442.0,7715.6,7716.6
1748009122564.0,7715.3,7716.3
1748009122981.0,7715.3,7716.3
1748009123523.0,7715.4,7716.4
1748009123784.0,7715.2,7716.2
1748009123981,,
1748009124188.0,7714.7,7715.7
1748009124585.0,7714.4,7715.4
1748009125104.0,7714.2,7715.2
1748009125305.0,7713.7,7714.7
1748009125419.0,7713.6,7714.6
1748009125519.0,7713.8,7714.8
1748009126547.0,7714.1,7715.1
1748009126748.0,7714.3,7715.3
1748009126946.0,7713.8,7714.8
1748009127146.0,7714.1,7715.1
1748009127551.0,7714.3,7715.3
1748009127764.0,7714.1,7715.1
1748009127952.0,7714.3,7715.3
1748009128551.0,7714.3,7715.3
1748009129222,,
1748009129665.0,7714.4,7715.4
1748009129819.0,7713.9,7714.9
1748009130022.0,7713.7,7714.7
1748009130426.0,7714.2,7715.2
1748009130639.0,7714.4,7715.4
1748009130950.0,7714.7,7715.7
1748009131515.0,7714.4,7715.4
1748009131714.0,7714.7,7715.7
1748009131913.0,7714.4,7715.4
1748009132477.0,7714.7,7715.7
1748009133036.0,7714.9,7715.9
1748009133233.0,7715.2,7716.2
1748009133492,,
1748009133693.0,7714.7,7715.7
1748009134346,,
1748009134546.0,7715.2,7716.2
1748009135017.0,7714.9,7715.9
1748009135214.0,7715.4,7716.4
1748009135414.0,7715.2,7716.2
1748009135719.0,7714.8,7715.8
1748009135820.0,7714.7,7715.7
1748009136125.0,7714.5,7715.5
1748009136324,,
1748009136739.0,7714.7,7715.7
1748009137215.0,7714.5,7715.5
1748009137613.0,7715.2,7716.2
1748009138199.0,7715.5,7716.5
1748009138398.0,7715.7,7716.7
1748009138697.0,7716.0,7717.0
1748009138896.0,7716.2,7717.2
1748009139098.0,7715.7,7716.7
1748009139326.0,7716.0,7717.0
1748009140251.0,7715.7,7716.7
1748009140449.0,7716.2,7717.2
1748009140663.0,7715.7,7716.7
1748009141050.0,7716.2,7717.2
1748009141548.0,7716.0,7717.0
1748009141747.0,7716.2,7717.2
1748009142232.0,7716.0,7717.0
1748009142431.0,7716.2,7717.2
1748009144272.0,7716.1,7717.1
1748009144552.0,7716.4,7717.4
1748009144750.0,7716.9,7717.9
1748009144979.0,7717.1,7718.1
1748009145178.0,7716.6,7717.6
1748009145592.0,7716.9,7717.9
1748009145792.0,7716.6,7717.6
1748009146157.0,7716.4,7717.4
1748009146356.0,7716.1,7717.1
1748009147424.0,7716.4,7717.4
1748009147623.0,7716.6,7717.6
1748009149611.0,7716.9,7717.9
1748009149809.0,7716.6,7717.6
1748009150291.0,7716.9,7717.9
1748009150688.0,7717.4,7718.4
1748009150887.0,7717.6,7718.6
1748009151143.0,7717.4,7718.4
1748009151343.0,7717.1,7718.1
1748009151742.0,7717.1,7718.1
1748009152532.0,7717.4,7718.4
1748009152731.0,7717.6,7718.6
1748009152931.0,7717.4,7718.4
1748009153132.0,7717.1,7718.1
1748009153331.0,7717.4,7718.4
1748009153531.0,7717.1,7718.1
1748009153733.0,7716.6,7717.6
1748009153933.0,7717.1,7718.1
1748009155631.0,7717.4,7718.4
1748009155852.0,7717.7,7718.7
1748009156556.0,7717.9,7718.9
1748009156965.0,7717.7,7718.7
1748009157556.0,7716.9,7717.9
1748009157757.0,7721.7,7722.7
1748009158167.0,7721.8,7722.8
1748009158356.0,7720.3,7721.3
1748009158555,,
1748009158955,,
1748009159156.0,7720.6,7721.6
1748009159455.0,7720.7,7721.7
1748009159757.0,7721.2,7722.2
1748009159958.0,7720.7,7721.7
1748009160496.0,7720.3,7721.3
1748009161062.0,7720.1,7721.1
1748009161260.0,7719.8,7720.8
1748009161669.0,7719.8,7720.8
1748009161868.0,7720.1,7721.1
1748009162070.0,7719.8,7720.8
1748009162409.0,7719.7,7720.7
1748009162509.0,7719.0,7720.0
1748009163149.0,7718.7,7719.7
1748009163347.0,7719.0,7720.0
1748009163744,,
1748009163968.0,7719.0,7720.0
1748009164167.0,7719.2,7720.2
1748009164647.0,7718.7,7719.7
1748009165093.0,7719.0,7720.0
1748009165293.0,7718.7,7719.7
1748009166076.0,7718.8,7719.8
1748009167444.0,7719.0,7720.0
1748009167697.0,7718.7,7719.7
1748009167934.0,7718.2,7719.2
1748009168096.0,7718.0,7719.0
1748009168496.0,7717.7,7718.7
1748009168782,,
1748009169639.0,7718.2,7719.2
1748009169942.0,7718.0,7719.0
1748009170141.0,7718.2,7719.2
1748009170341.0,7718.7,7719.7
1748009170542.0,7718.5,7719.5
1748009170945.0,7719.2,7720.2
1748009171149.0,7719.7,7720.7
1748009171343.0,7719.5,7720.5
1748009171542.0,7719.2,7720.2
1748009171947.0,7719.1,7720.1
1748009173080,,
1748009173279,,
1748009173481.0,7720.4,7721.4
1748009173825.0,7720.7,7721.7
1748009173924.0,7720.5,7721.5
1748009174081.0,7720.7,7721.7
1748009174282.0,7720.2,7721.2
1748009174480.0,7720.0,7721.0
1748009174680.0,7720.0,7721.0
1748009174884.0,7720.2,7721.2
1748009175081.0,7720.0,7721.0
1748009175282.0,7719.7,7720.7
1748009175681.0,7719.5,7720.5
1748009175880.0,7719.7,7720.7
1748009176079.0,7719.2,7720.2
1748009176345.0,7719.3,7720.3
1748009177248,,
1748009177452.0,7720.6,7721.6
1748009177650.0,7720.8,7721.8
1748009178140.0,7720.7,7721.7
1748009178425.0,7720.4,7721.4
1748009179044.0,7720.6,7721.6
1748009179245.0,7721.1,7722.1
1748009180347.0,7721.4,7722.4
1748009180745.0,7721.1,7722.1
1748009180948.0,7721.4,7722.4
1748009181520.0,7721.3,7722.3
1748009181870.0,7721.1,7722.1
1748009181970,,
1748009182930,,
1748009183325.0,7720.9,7721.9
1748009183727.0,7720.9,7721.9
1748009183928.0,7721.1,7722.1
1748009184203.0,7720.9,7721.9
1748009184390.0,7720.6,7721.6
1748009184591.0,7720.9,7721.9
1748009184790.0,7720.4,7721.4
1748009185191.0,7720.1,7721.1
1748009185593.0,7719.4,7720.4
1748009185792.0,7720.1,7721.1
1748009186391.0,7719.1,7720.1
1748009187205.0,7719.4,7720.4
1748009187404.0,7719.6,7720.6
1748009187716.0,7719.9,7720.9
1748009187932.0,7720.2,7721.2
1748009188118.0,7720.0,7721.0
1748009188516,,
1748009188714.0,7719.7,7720.7
1748009189250.0,7719.5,7720.5
1748009189451.0,7719.0,7720.0
1748009189649.0,7720.2,7721.2
1748009189851.0,7720.0,7721.0
1748009190650,,
1748009192407.0,7720.5,7721.5
1748009192605.0,7720.2,7721.2
1748009193243.0,7720.5,7721.5
1748009193535.0,7720.2,7721.2
1748009193639.0,7720.5,7721.5
1748009193908.0,7720.6,7721.6
1748009194839.0,7720.8,7721.8
1748009195042.0,7720.3,7721.3
1748009195457,,
1748009195660.0,7720.6,7721.6
1748009195949.0,7720.3,7721.3
1748009196547.0,7720.1,7721.1
1748009196745.0,7719.8,7720.8
1748009196947.0,7718.8,7719.8
1748009197691.0,7718.9,7719.9
1748009198649.0,7718.7,7719.7
1748009199337.0,7718.9,7719.9
1748009199535,,
1748009200127.0,7718.7,7719.7
1748009200326.0,7718.9,7719.9
1748009200527.0,7718.4,7719.4
1748009200938.0,7718.3,7719.3
1748009201743.0,7718.4,7719.4
1748009202927,,
1748009203126,,
1748009203385,,
1748009203588.0,7717.7,7718.7
1748009204312.0,7717.9,7718.9
1748009204546.0,7717.8,7718.8
1748009206114.0,7717.6,7718.6
1748009206314.0,7717.8,7718.8
1748009206951.0,7717.6,7718.6
1748009207149.0,7717.8,7718.8
1748009207631.0,7718.1,7719.1
1748009207833.0,7717.8,7718.8
1748009208789.0,7717.6,7718.6
1748009209572.0,7717.3,7718.3
1748009209769,,
1748009209970.0,7717.8,7718.8
1748009210936.0,7717.8,7718.8
1748009212276.0,7718.1,7719.1
1748009212507.0,7717.7,7718.7
1748009213647.0,7718.0,7719.0
1748009213849.0,7718.2,7719.2
1748009214486.0,7718.0,7719.0
1748009214685.0,7718.2,7719.2
1748009215398,,
1748009215599.0,7718.0,7719.0
1748009215937.0,7717.7,7718.7
1748009216137,,
1748009217153.0,7718.0,7719.0
1748009217551.0,7717.7,7718.7
1748009218611.0,7717.5,7718.5
1748009218809.0,7716.7,7717.7
1748009219011.0,7717.2,7718.2
1748009219359.0,7717.0,7718.0
1748009219559.0,7717.2,7718.2
1748009220458.0,7717.5,7718.5
1748009221236,,
1748009221436.0,7717.7,7718.7
1748009222110.0,7717.8,7718.8
1748009222782.0,7718.1,7719.1
1748009222981.0,7718.6,7719.6
1748009223180.0,7718.8,7719.8
1748009223443.0,7719.1,7720.1
1748009223642.0,7719.8,7720.8
1748009224911.0,7720.1,7721.1
1748009225112.0,7719.8,7720.8
1748009225309.0,7720.3,7721.3
1748009225806.0,7719.8,7720.8
1748009226098.0,7719.6,7720.6
1748009226294.0,7719.1,7720.1
1748009226856.0,7719.3,7720.3
1748009227054,,
1748009227653.0,7719.6,7720.6
1748009227851.0,7720.3,7721.3
1748009228150.0,7720.1,7721.1
1748009228350.0,7719.8,7720.8
1748009229205.0,7720.1,7721.1
1748009229304.0,7720.2,7721.2
1748009229802.0,7719.9,7720.9
1748009230092.0,7719.8,7720.8
1748009230204.0,7719.3,7720.3
1748009230654.0,7719.6,7720.6
1748009230854.0,7719.8,7720.8
1748009232112.0,7719.6,7720.6
1748009232448.0,7719.2,7720.2
1748009232659.0,7719.5,7720.5
1748009232859.0,7719.7,7720.7
1748009233061.0,7719.5,7720.5
1748009233319.0,7719.2,7720.2
1748009233518,,
1748009233718.0,7719.7,7720.7
1748009234619.0,7720.0,7721.0
1748009234805.0,7719.7,7720.7
1748009235005.0,7720.2,7721.2
1748009235404.0,7719.7,7720.7
1748009235604.0,7719.2,7720.2
1748009236164.0,7719.0,7720.0
1748009236364.0,7718.7,7719.7
1748009236729.0,7718.8,7719.8
1748009237225.0,7719.1,7720.1
1748009237424.0,7719.3,7720.3
1748009237728.0,7718.7,7719.7
1748009238209.0,7718.5,7719.5
1748009238608.0,7717.2,7718.2
1748009238808.0,7716.0,7717.0
1748009239007.0,7716.2,7717.2
1748009239209.0,7716.5,7717.5
1748009239693.0,7716.2,7717.2
1748009240620.0,7716.5,7717.5
1748009240820.0,7716.7,7717.7
1748009241020,,
1748009241224.0,7716.7,7717.7
1748009241996.0,7716.5,7717.5
1748009242196.0,7716.2,7717.2
1748009242476.0,7716.1,7717.1
1748009243041.0,7716.4,7717.4
1748009243233.0,7716.6,7717.6
1748009243433.0,7716.4,7717.4
1748009243631.0,7716.6,7717.6
1748009244142.0,7716.3,7717.3
1748009244345.0,7716.0,7717.0
1748009244532.0,7715.5,7716.5
1748009246324,,
1748009247673.0,7715.3,7716.3
1748009247871.0,7714.8,7715.8
1748009248471.0,7715.0,7716.0
1748009248671.0,7714.8,7715.8
1748009249251.0,7714.5,7715.5
1748009250215.0,7714.3,7715.3
1748009250415.0,7713.5,7714.5
1748009250837.0,7714.3,7715.3
1748009251038.0,7714.0,7715.0
1748009251411.0,7714.3,7715.3
1748009251916.0,7714.0,7715.0
1748009252251.0,7713.5,7714.5
1748009253244.0,7713.8,7714.8
1748009253642.0,7714.0,7715.0
1748009254143.0,7713.8,7714.8
1748009254341.0,7714.0,7715.0
1748009254747.0,7714.3,7715.3
1748009254947.0,7714.0,7715.0
1748009255583.0,7714.3,7715.3
1748009255782.0,7714.0,7715.0
1748009256465.0,7714.3,7715.3
1748009256665.0,7714.5,7715.5
1748009256863.0,7714.8,7715.8
1748009257263.0,7714.5,7715.5
1748009257768.0,7714.5,7715.5
1748009257969.0,7714.0,7715.0
1748009258178.0,7714.3,7715.3
1748009258369.0,7714.0,7715.0
1748009258767,,
1748009258870.0,7714.1,7715.1
1748009259368.0,7714.4,7715.4
1748009259610.0,7714.3,7715.3
1748009259779.0,7714.0,7715.0
1748009260204.0,7714.3,7715.3
1748009260603.0,7714.0,7715.0
1748009260803.0,7714.5,7715.5
1748009261260.0,7714.8,7715.8
1748009261459.0,7715.5,7716.5
1748009261659.0,7716.0,7717.0
1748009261888.0,7716.6,7717.6
1748009262940.0,7716.9,7717.9
1748009263123.0,7717.1,7718.1
1748009263586.0,7716.9,7717.9
1748009263786.0,7717.4,7718.4
1748009263988.0,7717.6,7718.6
1748009264284.0,7717.9,7718.9
1748009264484.0,7717.6,7718.6
1748009265179,,
1748009265293.0,7717.1,7718.1
1748009266142.0,7716.9,7717.9
1748009266341.0,7716.6,7717.6
1748009266582.0,7716.9,7717.9
1748009266746.0,7716.6,7717.6
1748009268546.0,7716.4,7717.4
1748009268812.0,7716.5,7717.5
1748009269570.0,7716.8,7717.8
1748009269773.0,7717.0,7718.0
1748009271224.0,7716.8,7717.8
1748009271970.0,7717.0,7718.0
1748009273220.0,7716.8,7717.8
1748009274514.0,7717.0,7718.0
1748009275233.0,7717.3,7718.3
1748009275632.0,7717.0,7718.0
1748009275832.0,7717.3,7718.3
1748009276149.0,7717.5,7718.5
1748009277010.0,7717.3,7718.3
1748009277210.0,7717.5,7718.5
1748009277409.0,7717.3,7718.3
1748009277610.0,7717.5,7718.5
1748009278034.0,7717.3,7718.3
1748009278435.0,7716.0,7717.0
1748009278633.0,7715.8,7716.8
1748009278832.0,7715.5,7716.5
1748009279234.0,7716.0,7717.0
1748009279436.0,7715.8,7716.8
1748009279835.0,7716.3,7717.3
1748009280035.0,7716.0,7717.0
1748009280411.0,7716.3,7717.3
1748009280809.0,7715.8,7716.8
1748009281008.0,7716.0,7717.0
1748009281412.0,7718.0,7719.0
1748009281611.0,7717.8,7718.8
1748009282011.0,7718.0,7719.0
1748009283720.0,7718.3,7719.3
1748009283918.0,7718.0,7719.0
1748009285076.0,7717.8,7718.8
1748009285351.0,7717.7,7718.7
1748009285475.0,7718.2,7719.2
1748009286234.0,7718.0,7719.0
1748009286692.0,7717.7,7718.7
1748009286890.0,7718.2,7719.2
1748009288322.0,7718.5,7719.5
1748009288522.0,7718.7,7719.7
1748009288821.0,7718.5,7719.5
1748009289223.0,7718.2,7719.2
1748009289635.0,7718.7,7719.7
1748009290043.0,7718.5,7719.5
1748009290506.0,7718.2,7719.2
1748009290704,,
1748009291235.0,7718.5,7719.5
1748009291435.0,7718.2,7719.2
1748009292331.0,7718.0,7719.0
1748009292530,,
1748009292732.0,7718.2,7719.2
1748009292981.0,7718.0,7719.0
1748009293382.0,7717.0,7718.0
1748009293660.0,7716.5,7717.5
1748009293953.0,7716.3,7717.3
1748009294154.0,7716.5,7717.5
1748009294353.0,7716.0,7717.0
1748009294553.0,7715.8,7716.8
1748009295017.0,7715.8,7716.8
1748009295217.0,7716.0,7717.0
1748009295417.0,7716.5,7717.5
1748009295755.0,7716.3,7717.3
1748009295954.0,7716.0,7717.0
1748009296533.0,7715.8,7716.8
1748009297134.0,7715.0,7716.0
1748009297333.0,7715.5,7716.5
1748009297534.0,7715.3,7716.3
1748009297733.0,7715.0,7716.0
1748009297932.0,7715.3,7716.3
1748009298134.0,7715.0,7716.0
1748009298737.0,7715.0,7716.0
1748009299599.0,7715.3,7716.3
1748009299998.0,7715.0,7716.0
1748009300519.0,7715.3,7716.3
1748009300718.0,7715.0,7716.0
1748009300931.0,7715.6,7716.6
1748009301346.0,7715.9,7716.9
1748009301544.0,7715.6,7716.6
1748009302057.0,7715.9,7716.9
1748009302457.0,7715.6,7716.6
1748009303005.0,7715.4,7716.4
1748009303205.0,7715.1,7716.1
1748009303667.0,7715.4,7716.4
1748009304392.0,7715.1,7716.1
1748009305006.0,7715.4,7716.4
1748009305404.0,7714.4,7715.4
1748009305603.0,7714.6,7715.6
1748009305805.0,7714.4,7715.4
1748009306004.0,7714.1,7715.1
1748009306366.0,7714.4,7715.4
1748009306562.0,7714.1,7715.1
1748009306761.0,7714.6,7715.6
1748009307349.0,7714.4,7715.4
1748009308091.0,7714.1,7715.1
1748009308329.0,7713.6,7714.6
1748009308529.0,7713.8,7714.8
1748009309645.0,7713.8,7714.8
1748009309892.0,7713.6,7714.6
1748009310404.0,7713.8,7714.8
1748009310992.0,7713.6,7714.6
1748009311194.0,7713.8,7714.8
1748009311625,,
1748009312053.0,7714.6,7715.6
1748009312493,,
1748009314454.0,7714.9,7715.9
1748009314652,,
1748009314851.0,7715.1,7716.1
1748009315251.0,7715.1,7716.1
1748009315452.0,7715.6,7716.6
1748009315651.0,7715.9,7716.9
1748009315867.0,7715.6,7716.6
1748009316794.0,7715.4,7716.4
1748009316993.0,7715.6,7716.6
1748009317421.0,7716.1,7717.1
1748009317594.0,7716.4,7717.4
1748009317794.0,7716.1,7717.1
1748009319011.0,7716.4,7717.4
1748009319211.0,7716.6,7717.6
1748009319804.0,7716.4,7717.4
1748009320006.0,7716.6,7717.6
1748009321079.0,7716.9,7717.9
1748009321379.0,7717.3,7718.3
1748009321479.0,7717.0,7718.0
1748009322455.0,7717.3,7718.3
1748009322655.0,7717.0,7718.0
1748009323649.0,7717.3,7718.3
1748009324054.0,7717.0,7718.0
1748009324253.0,7717.3,7718.3
1748009325066.0,7717.5,7718.5
1748009325266.0,7717.3,7718.3
1748009325708.0,7717.5,7718.5
1748009326315.0,7717.3,7718.3
1748009326508.0,7717.0,7718.0
1748009330890.0,7716.8,7717.8
1748009331080.0,7717.0,7718.0
1748009331753.0,7717.3,7718.3
1748009331953.0,7717.5,7718.5
1748009332178.0,7718.0,7719.0
1748009332445.0,7718.3,7719.3
1748009332925.0,7718.0,7719.0
1748009333213.0,7718.3,7719.3
1748009333414.0,7718.0,7719.0
1748009333612.0,7718.3,7719.3
1748009334015.0,7718.5,7719.5
1748009334178.0,7718.6,7719.6
1748009334413.0,7720.1,7721.1
1748009334624.0,7719.9,7720.9
1748009334812.0,7719.6,7720.6
1748009335125,,
1748009335643.0,7719.3,7720.3
1748009335962.0,7719.0,7720.0
1748009336209.0,7718.8,7719.8
1748009336409.0,7719.3,7720.3
1748009336810.0,7719.0,7720.0
1748009337053.0,7719.3,7720.3
1748009337254.0,7719.5,7720.5
1748009337646.0,7719.8,7720.8
1748009337848.0,7720.5,7721.5
1748009339799.0,7720.8,7721.8
1748009339996.0,7720.5,7721.5
1748009340224.0,7720.8,7721.8
1748009340400.0,7720.5,7721.5
1748009341074.0,7720.3,7721.3
1748009341276.0,7721.0,7722.0
1748009341475.0,7720.5,7721.5
1748009344292.0,7720.6,7721.6
1748009345080.0,7720.5,7721.5
1748009345735.0,7720.4,7721.4
1748009346361.0,7720.5,7721.5
1748009346560.0,7720.8,7721.8
1748009346762.0,7721.0,7722.0
1748009347213.0,7720.5,7721.5
1748009347658.0,7718.8,7719.8
1748009347856.0,7718.5,7719.5
1748009348058.0,7718.8,7719.8
1748009348458.0,7718.5,7719.5
1748009348658.0,7718.0,7719.0
1748009349060.0,7718.3,7719.3
1748009349257.0,7718.0,7719.0
1748009349457.0,7718.3,7719.3
1748009349658.0,7718.5,7719.5
1748009350299.0,7718.3,7719.3
1748009350498.0,7718.5,7719.5
1748009351400.0,7718.3,7719.3
1748009351578.0,7718.5,7719.5
1748009352883.0,7718.3,7719.3
1748009353083.0,7718.5,7719.5
1748009354360.0,7718.4,7719.4
1748009355038.0,7718.7,7719.7
1748009355435.0,7718.7,7719.7
1748009355834.0,7718.9,7719.9
1748009356203.0,7718.7,7719.7
1748009356403.0,7718.4,7719.4
1748009358949.0,7718.2,7719.2
1748009359148.0,7717.9,7718.9
1748009359410,,
1748009360886.0,7718.2,7719.2
1748009361286.0,7718.9,7719.9
1748009362024.0,7719.1,7720.1
1748009362467.0,7719.4,7720.4
1748009362664.0,7719.6,7720.6
1748009364493.0,7720.1,7721.1
1748009364893.0,7720.6,7721.6
1748009365309.0,7720.4,7721.4
1748009365508.0,7720.6,7721.6
1748009365621.0,7721.2,7722.2
1748009365998.0,7721.0,7722.0
1748009366836.0,7721.2,7722.2
1748009367036.0,7721.0,7722.0
1748009367326.0,7721.2,7722.2
1748009367726.0,7721.0,7722.0
1748009368073.0,7720.7,7721.7
1748009368271.0,7721.0,7722.0
1748009368624.0,7720.7,7721.7
1748009369023.0,7720.5,7721.5
1748009369223.0,7720.7,7721.7
1748009369423.0,7721.0,7722.0
1748009369633.0,7720.7,7721.7
1748009370233.0,7720.5,7721.5
1748009370432.0,7720.7,7721.7
1748009370638.0,7721.0,7722.0
1748009371653.0,7720.8,7721.8
1748009371916.0,7721.8,7722.8
1748009372114.0,7722.1,7723.1
1748009372584.0,7721.8,7722.8
1748009372781.0,7721.3,7722.3
1748009373487.0,7721.1,7722.1
1748009373686.0,7720.8,7721.8
1748009373944.0,7720.4,7721.4
1748009374232.0,7720.3,7721.3
1748009374384.0,7719.5,7720.5
1748009374631.0,7719.3,7720.3
1748009374830,,
1748009375074.0,7719.0,7720.0
1748009375273,,
1748009376444.0,7718.9,7719.9
1748009376756.0,7718.4,7719.4
1748009377568,,
1748009378091.0,7718.9,7719.9
1748009378612.0,7719.2,7720.2
1748009378810.0,7719.4,7720.4
1748009379065.0,7719.2,7720.2
1748009379268.0,7719.4,7720.4
1748009379663.0,7718.9,7719.9
1748009380329.0,7719.2,7720.2
1748009380527.0,7718.9,7719.9
1748009380806.0,7718.7,7719.7
1748009381208.0,7717.9,7718.9
1748009381405.0,7717.4,7718.4
1748009381606.0,7717.7,7718.7
1748009381803.0,7717.4,7718.4
1748009383325.0,7717.7,7718.7
1748009383523.0,7717.9,7718.9
1748009384048.0,7717.7,7718.7
1748009384247.0,7718.0,7719.0
1748009385363.0,7717.9,7718.9
1748009385839.0,7717.4,7718.4
1748009386074.0,7717.7,7718.7
1748009386287,,
1748009386673.0,7717.9,7718.9
1748009388528.0,7717.7,7718.7
1748009388931.0,7717.9,7718.9
1748009389131.0,7717.7,7718.7
1748009389330.0,7717.4,7718.4
1748009390065.0,7717.2,7718.2
1748009390263.0,7717.4,7718.4
1748009391666.0,7717.7,7718.7
1748009392506.0,7717.4,7718.4
1748009392706.0,7717.9,7718.9
1748009393177.0,7718.2,7719.2
1748009393376.0,7717.9,7718.9
1748009393611.0,7718.2,7719.2
1748009394011.0,7717.9,7718.9
1748009394212.0,7718.2,7719.2
1748009394421.0,7717.9,7718.9
1748009395039,,
1748009395240.0,7718.2,7719.2
1748009395625.0,7717.9,7718.9
1748009395825.0,7718.2,7719.2
1748009396226.0,7717.9,7718.9
1748009397116.0,7717.7,7718.7
1748009397989.0,7717.9,7718.9
1748009398438.0,7717.6,7718.6
1748009398637.0,7717.9,7718.9
1748009399176.0,7717.6,7718.6
1748009399440.0,7717.4,7718.4
1748009399640.0,7717.1,7718.1
1748009400114,,
1748009400459.0,7715.1,7716.1
1748009400660.0,7714.9,7715.9
1748009400859.0,7715.1,7716.1
1748009401365.0,7715.4,7716.4
1748009401782.0,7715.4,7716.4
1748009401982.0,7716.1,7717.1
1748009402205.0,7716.0,7717.0
1748009403719,,
1748009404049.0,7715.8,7716.8
1748009404298.0,7716.0,7717.0
1748009404498.0,7715.8,7716.8
1748009404864.0,7716.0,7717.0
1748009405066,,
1748009405486.0,7715.9,7716.9
1748009408687.0,7716.2,7717.2
1748009408886.0,7716.7,7717.7
1748009409125.0,7716.9,7717.9
1748009409525.0,7717.7,7718.7
1748009409725.0,7717.9,7718.9
1748009410313.0,7718.0,7719.0
1748009411105.0,7718.0,7719.0
1748009412604.0,7716.3,7717.3
1748009412804.0,7717.0,7718.0
1748009413279.0,7716.8,7717.8
1748009413467.0,7717.0,7718.0
1748009414239,,
1748009414530.0,7716.8,7717.8
1748009414730.0,7716.0,7717.0
1748009415063.0,7715.8,7716.8
1748009415374.0,7715.9,7716.9
1748009415667.0,7716.4,7717.4
1748009415863.0,7715.9,7716.9
1748009416570.0,7715.7,7716.7
1748009416769.0,7715.4,7716.4
1748009417024.0,7714.9,7715.9
1748009417312.0,7714.7,7715.7
1748009417713.0,7714.4,7715.4
1748009418010.0,7714.2,7715.2
1748009418213.0,7714.4,7715.4
1748009418842.0,7714.2,7715.2
1748009419041.0,7713.7,7714.7
1748009419328.0,7713.4,7714.4
1748009419743.0,7713.7,7714.7
1748009420143.0,7714.2,7715.2
1748009420383.0,7714.4,7715.4
1748009420582.0,7714.2,7715.2
1748009421133.0,7714.4,7715.4
1748009421847.0,7714.2,7715.2
1748009422044.0,7714.4,7715.4
1748009424588.0,7714.7,7715.7
1748009425305.0,7714.6,7715.6
1748009426870.0,7714.8,7715.8
1748009427088.0,7715.6,7716.6
1748009427574.0,7714.8,7715.8
1748009428109.0,7715.1,7716.1
1748009428508.0,7714.8,7715.8
1748009428908.0,7715.3,7716.3
1748009429182.0,7715.1,7716.1
1748009429373.0,7714.8,7715.8
1748009429775.0,7714.6,7715.6
1748009429973.0,7714.3,7715.3
1748009430452.0,7714.6,7715.6
1748009430851.0,7714.3,7715.3
1748009431053.0,7714.8,7715.8
1748009431604.0,7715.1,7716.1
1748009431794.0,7714.3,7715.3
1748009432771.0,7714.1,7715.1
1748009433171.0,7714.3,7715.3
1748009433370.0,7714.1,7715.1
1748009433971.0,7714.8,7715.8
1748009435081.0,7714.6,7715.6
1748009435279.0,7714.8,7715.8
1748009438227.0,7714.6,7715.6
1748009438427.0,7714.8,7715.8
1748009439204.0,7714.6,7715.6
1748009439404.0,7714.3,7715.3
1748009440662.0,7714.6,7715.6
1748009441018.0,7714.8,7715.8
1748009442106.0,7715.1,7716.1
1748009442307.0,7714.8,7715.8
1748009442874.0,7715.1,7716.1
1748009443075.0,7715.3,7716.3
1748009444055.0,7715.1,7716.1
1748009444251.0,7714.3,7715.3
1748009444640.0,7714.6,7715.6
1748009444839.0,7714.8,7715.8
1748009445053.0,7715.3,7716.3
1748009445586.0,7715.6,7716.6
1748009445784.0,7715.8,7716.8
1748009446625.0,7716.1,7717.1
1748009446823.0,7716.3,7717.3
1748009449036.0,7716.6,7717.6
1748009449236.0,7716.3,7717.3
1748009449837.0,7716.6,7717.6
1748009450039.0,7717.3,7718.3
1748009450236.0,7717.8,7718.8
1748009450966.0,7718.2,7719.2
1748009451065.0,7718.4,7719.4
1748009451405.0,7718.2,7719.2
1748009451604,,
1748009452743.0,7717.9,7718.9
1748009453181.0,7716.2,7717.2
1748009453343.0,7716.4,7717.4
1748009453542,,
1748009453933.0,7716.2,7717.2
1748009454133.0,7715.9,7716.9
1748009454495.0,7715.7,7716.7
1748009454696.0,7715.4,7716.4
1748009455476.0,7715.2,7716.2
1748009455660.0,7714.7,7715.7
1748009455864.0,7714.4,7715.4
1748009456818.0,7714.7,7715.7
1748009457018.0,7715.2,7716.2
1748009457216.0,7714.7,7715.7
1748009457622.0,7714.7,7715.7
1748009458698.0,7714.4,7715.4
1748009459741.0,7714.2,7715.2
1748009459942.0,7714.4,7715.4
1748009460232.0,7714.2,7715.2
1748009460632.0,7713.2,7714.2
1748009460841.0,7713.4,7714.4
1748009461031.0,7713.2,7714.2
1748009461229.0,7712.9,7713.9
1748009461628.0,7713.4,7714.4
1748009461839.0,7713.5,7714.5
1748009462230.0,7713.0,7714.0
1748009462565.0,7713.3,7714.3
1748009463129.0,7713.0,7714.0
1748009463730.0,7713.5,7714.5
1748009463929.0,7713.0,7714.0
1748009464379.0,7713.3,7714.3
1748009464578.0,7714.0,7715.0
1748009465081.0,7713.1,7714.1
1748009465182.0,7712.1,7713.1
1748009465378.0,7712.6,7713.6
1748009465778.0,7712.4,7713.4
1748009465979.0,7712.6,7713.6
1748009466179.0,7713.1,7714.1
1748009466740.0,7712.9,7713.9
1748009466936.0,7712.1,7713.1
1748009467136.0,7712.4,7713.4
1748009467337.0,7712.6,7713.6
1748009467687.0,7712.9,7713.9
1748009467887,,
1748009468087.0,7713.1,7714.1
1748009468513.0,7712.8,7713.8
1748009469113.0,7713.3,7714.3
1748009469314.0,7713.5,7714.5
1748009469574.0,7713.3,7714.3
1748009469973.0,7713.5,7714.5
1748009470466.0,7713.3,7714.3
1748009470912.0,7713.0,7714.0
1748009471064.0,7713.3,7714.3
1748009471553.0,7713.5,7714.5
1748009472280.0,7713.3,7714.3
1748009472479.0,7713.0,7714.0
1748009472679.0,7712.8,7713.8
1748009473249.0,7713.0,7714.0
1748009473449.0,7712.8,7713.8
1748009473870.0,7713.0,7714.0
1748009474086.0,7712.6,7713.6
1748009474489.0,7712.1,7713.1
1748009474979.0,7711.9,7712.9
1748009475176.0,7711.6,7712.6
1748009475964.0,7711.5,7712.5
1748009476484.0,7711.8,7712.8
1748009476687.0,7712.0,7713.0
1748009477277.0,7712.3,7713.3
1748009477476.0,7712.8,7713.8
1748009477805.0,7712.5,7713.5
1748009478337.0,7712.8,7713.8
1748009478828.0,7713.0,7714.0
1748009479231.0,7713.3,7714.3
1748009479909.0,7713.0,7714.0
1748009480106,,
1748009480755.0,7713.3,7714.3
1748009480953.0,7712.0,7713.0
1748009481361.0,7712.0,7713.0
1748009481560.0,7712.3,7713.3
1748009481761.0,7712.0,7713.0
1748009482161.0,7712.5,7713.5
1748009482456.0,7712.8,7713.8
1748009482656.0,7712.5,7713.5
1748009483845.0,7712.8,7713.8
1748009484045.0,7713.0,7714.0
1748009484443,,
1748009485098,,
1748009485298.0,7712.3,7713.3
1748009485625.0,7712.5,7713.5
1748009485825.0,7712.3,7713.3
1748009486108.0,7712.5,7713.5
1748009486310.0,7712.3,7713.3
1748009486853.0,7712.0,7713.0
1748009487067.0,7709.8,7710.8
1748009487252.0,7709.5,7710.5
1748009487514.0,7709.8,7710.8
1748009487651.0,7710.0,7711.0
1748009487852.0,7709.5,7710.5
1748009488052.0,7710.0,7711.0
1748009488253.0,7709.8,7710.8
1748009488451.0,7710.0,7711.0
1748009488816.0,7709.8,7710.8
1748009489016.0,7710.0,7711.0
1748009489217.0,7709.8,7710.8
1748009489616.0,7709.9,7710.9
1748009490112.0,7709.7,7710.7
1748009490312.0,7709.9,7710.9
1748009490602.0,7709.9,7710.9
1748009490878.0,7710.1,7711.1
1748009491408.0,7709.9,7710.9
1748009491606.0,7709.6,7710.6
1748009493018.0,7709.9,7710.9
1748009493219.0,7710.1,7711.1
1748009493622.0,7710.1,7711.1
1748009496214.0,7709.9,7710.9
1748009496669.0,7710.2,7711.2
1748009496869.0,7710.4,7711.4
1748009497269.0,7710.7,7711.7
1748009497487.0,7710.4,7711.4
1748009497889.0,7710.7,7711.7
1748009498313.0,7710.9,7711.9
1748009498511.0,7711.2,7712.2
1748009498711.0,7710.9,7711.9
1748009499652.0,7711.2,7712.2
1748009499848.0,7710.7,7711.7
1748009500250.0,7710.9,7711.9
1748009500657.0,7710.7,7711.7
1748009500850.0,7710.2,7711.2
1748009501050.0,7710.4,7711.4
1748009501432.0,7710.7,7711.7
1748009501646.0,7710.4,7711.4
1748009502633.0,7710.6,7711.6
1748009503166.0,7710.9,7711.9
1748009503372.0,7711.1,7712.1
1748009503992.0,7710.9,7711.9
1748009504391.0,7711.1,7712.1
1748009504590.0,7710.9,7711.9
1748009505038.0,7711.1,7712.1
1748009505225.0,7710.9,7711.9
1748009505626.0,7710.6,7711.6
1748009505827.0,7710.9,7711.9
1748009506226.0,7710.6,7711.6
1748009506845,,
1748009507686.0,7710.9,7711.9
1748009507882.0,7711.1,7712.1
1748009508828.0,7711.2,7712.2
1748009509348.0,7711.5,7712.5
1748009510471.0,7711.2,7712.2
1748009512962.0,7711.0,7712.0
1748009516521,,
1748009520347.0,7710.8,7711.8
1748009520544.0,7710.5,7711.5
1748009521362.0,7710.3,7711.3
1748009521562.0,7710.5,7711.5
1748009522367.0,7710.6,7711.6
1748009522559,,
1748009522759,,
1748009522961.0,7711.1,7712.1
1748009523539.0,7711.3,7712.3
1748009523938,,
1748009524212.0,7711.5,7712.5
1748009524610.0,7711.5,7712.5
1748009525077.0,7711.3,7712.3
1748009525276,,
1748009525477.0,7711.0,7712.0
1748009527022.0,7710.8,7711.8
1748009527221.0,7710.6,7711.6
1748009527558.0,7710.4,7711.4
1748009527759.0,7710.1,7711.1
1748009528598,,
1748009529659.0,7710.6,7711.6
1748009529992.0,7710.9,7711.9
1748009530207.0,7711.1,7712.1
1748009530864.0,7711.4,7712.4
1748009531057.0,7712.6,7713.6
1748009531337.0,7712.4,7713.4
1748009531717.0,7711.9,7712.9
1748009531992.0,7712.1,7713.1
1748009532390,,
1748009532791.0,7712.1,7713.1
1748009533191.0,7711.9,7712.9
1748009533590.0,7711.6,7712.6
1748009534064,,
1748009534263.0,7712.1,7713.1
1748009534937,,
1748009535339.0,7711.6,7712.6
1748009535576,,
1748009535952.0,7712.1,7713.1
1748009536151.0,7712.4,7713.4
1748009536941,,
1748009537141.0,7712.6,7713.6
1748009537804,,
1748009537952.0,7713.4,7714.4
1748009538151.0,7713.6,7714.6
1748009538803.0,7713.4,7714.4
1748009539008.0,7715.1,7716.1
1748009539210.0,7714.9,7715.9
1748009539408.0,7714.6,7715.6
1748009539806.0,7715.1,7716.1
1748009540007.0,7716.9,7717.9
1748009540209.0,7717.1,7718.1
1748009540418.0,7717.4,7718.4
1748009540681.0,7719.7,7720.7
1748009540816.0,7718.7,7719.7
1748009541014.0,7718.5,7719.5
1748009541214.0,7718.2,7719.2
1748009541414.0,7718.7,7719.7
1748009541692.0,7718.4,7719.4
1748009542069.0,7719.6,7720.6
1748009542267.0,7718.6,7719.6
1748009542669.0,7718.9,7719.9
1748009543069.0,7718.4,7719.4
1748009543268.0,7718.7,7719.7
1748009543556.0,7719.0,7720.0
1748009543955.0,7719.0,7720.0
1748009544155.0,7718.7,7719.7
1748009544355.0,7719.0,7720.0
1748009544555.0,7718.7,7719.7
1748009544781,,
1748009544979.0,7719.1,7720.1
1748009545190.0,7719.3,7720.3
1748009545544,,
1748009545746.0,7719.6,7720.6
1748009546035.0,7719.3,7720.3
1748009546426.0,7719.8,7720.8
1748009546724.0,7720.1,7721.1
1748009547022,,
1748009547853.0,7719.9,7720.9
1748009548051.0,7719.6,7720.6
1748009548360,,
1748009548664.0,7719.9,7720.9
1748009548953.0,7719.8,7720.8
1748009549769.0,7719.6,7720.6
1748009549869,,
1748009550240.0,7719.1,7720.1
1748009550439.0,7719.4,7720.4
1748009550651.0,7719.6,7720.6
1748009551869.0,7719.9,7720.9
1748009552070.0,7719.6,7720.6
1748009552555.0,7719.9,7720.9
1748009552756.0,7720.6,7721.6
1748009553155.0,7721.6,7722.6
1748009553355.0,7720.9,7721.9
1748009553729.0,7721.2,7722.2
1748009553828,,
1748009554193.0,7721.5,7722.5
1748009554393.0,7721.7,7722.7
1748009554705.0,7721.6,7722.6
1748009555004.0,7721.7,7722.7
1748009555394.0,7722.0,7723.0
1748009555810.0,7722.7,7723.7
1748009555994.0,7723.2,7724.2
1748009556250.0,7723.0,7724.0
1748009556447,,
1748009556904.0,7723.2,7724.2
1748009557107.0,7722.8,7723.8
1748009557304.0,7723.1,7724.1
1748009557551.0,7723.3,7724.3
1748009557974.0,7723.6,7724.6
1748009558172.0,7723.8,7724.8
1748009558371,,
1748009558846.0,7724.1,7725.1
1748009559046.0,7724.3,7725.3
1748009559849.0,7724.6,7725.6
1748009560049.0,7724.8,7725.8
1748009560248,,
1748009560969.0,7725.1,7726.1
1748009561414.0,7725.1,7726.1
1748009561613.0,7725.3,7726.3
1748009562214.0,7725.3,7726.3
1748009562413,,
1748009562586.0,7725.5,7726.5
1748009562784.0,7725.8,7726.8
1748009563185.0,7726.0,7727.0
1748009563382.0,7725.5,7726.5
1748009563607.0,7725.8,7726.8
1748009564009.0,7725.5,7726.5
1748009564207.0,7726.0,7727.0
1748009564405,,
1748009565121.0,7725.8,7726.8
1748009565319.0,7726.0,7727.0
1748009566589,,
1748009566960.0,7727.0,7728.0
1748009567157.0,7726.5,7727.5
1748009567410.0,7726.8,7727.8
1748009567841.0,7726.5,7727.5
1748009568039.0,7726.8,7727.8
1748009568269.0,7726.5,7727.5
1748009568468,,
1748009569091.0,7726.8,7727.8
1748009569286.0,7726.5,7727.5
1748009569528.0,7726.8,7727.8
1748009569930.0,7727.0,7728.0
1748009570135.0,7726.8,7727.8
1748009570533.0,7727.5,7728.5
1748009570695.0,7727.4,7728.4
1748009570934.0,7726.4,7727.4
1748009571136.0,7727.2,7728.2
1748009571335.0,7727.4,7728.4
1748009571662.0,7727.7,7728.7
1748009571878.0,7727.4,7728.4
1748009572263.0,7727.7,7728.7
1748009572463.0,7727.4,7728.4
1748009573063.0,7727.4,7728.4
1748009573559.0,7727.7,7728.7
1748009573759.0,7727.9,7728.9
1748009574262.0,7727.8,7728.8
1748009574399.0,7727.6,7728.6
1748009574599.0,7727.8,7728.8
1748009575088.0,7728.1,7729.1
1748009575304.0,7728.8,7729.8
1748009575849.0,7728.7,7729.7
1748009576176.0,7729.0,7730.0
1748009576375,,
1748009576597.0,7728.7,7729.7
1748009576797,,
1748009578352.0,7728.6,7729.6
1748009579370,,
1748009579930.0,7728.7,7729.7
1748009580195,,
1748009580390.0,7728.2,7729.2
1748009580590.0,7727.7,7728.7
1748009580789.0,7727.5,7728.5
1748009580991.0,7727.7,7728.7
1748009581189.0,7728.2,7729.2
1748009581884.0,7728.0,7729.0
1748009582309.0,7728.0,7729.0
1748009582580.0,7727.7,7728.7
1748009582710.0,7728.0,7729.0
1748009582912.0,7728.2,7729.2
1748009583375.0,7728.0,7729.0
1748009583575.0,7727.7,7728.7
1748009583965.0,7727.8,7728.8
1748009584215.0,7727.7,7728.7
1748009584427.0,7727.7,7728.7
1748009584638,,
1748009584834.0,7728.1,7729.1
1748009585234.0,7728.3,7729.3
1748009585580.0,7728.1,7729.1
1748009585979.0,7728.1,7729.1
1748009586180.0,7727.6,7728.6
1748009586379.0,7727.3,7728.3
1748009586579.0,7727.8,7728.8
1748009586979.0,7728.1,7729.1
1748009587179.0,7727.8,7728.8
1748009587600.0,7728.0,7729.0
1748009587805.0,7728.5,7729.5
1748009588004.0,7729.2,7730.2
1748009588205.0,7728.7,7729.7
1748009588508.0,7729.0,7730.0
1748009588908.0,7729.2,7730.2
1748009589108.0,7729.0,7730.0
1748009589307.0,7728.7,7729.7
1748009589595.0,7728.5,7729.5
1748009589795.0,7728.7,7729.7
1748009590271.0,7726.7,7727.7
1748009590469.0,7727.2,7728.2
1748009590676.0,7727.5,7728.5
1748009590875.0,7727.2,7728.2
1748009591276.0,7727.0,7728.0
1748009591476.0,7726.7,7727.7
1748009592111.0,7726.2,7727.2
1748009592304,,
1748009592505.0,7726.7,7727.7
1748009592703.0,7726.5,7727.5
1748009593106.0,7725.2,7726.2
1748009593305.0,7725.0,7726.0
1748009593505.0,7724.7,7725.7
1748009593704.0,7725.2,7726.2
1748009593905.0,7724.7,7725.7
1748009594105.0,7724.2,7725.2
1748009594507.0,7725.0,7726.0
1748009594604.0,7725.1,7726.1
1748009594933.0,7724.8,7725.8
1748009595132.0,7725.1,7726.1
1748009595522.0,7725.3,7726.3
1748009595824.0,7725.7,7726.7
1748009595924.0,7725.2,7726.2
1748009596347.0,7725.0,7726.0
1748009596555.0,7725.2,7726.2
1748009596819.0,7725.5,7726.5
1748009597268.0,7725.2,7726.2
1748009597669.0,7725.0,7726.0
1748009597868.0,7724.7,7725.7
1748009598069.0,7725.0,7726.0
1748009598480.0,7725.0,7726.0
1748009598878.0,7724.2,7725.2
1748009599242.0,7724.0,7725.0
1748009599641.0,7724.2,7725.2
1748009599841.0,7724.0,7725.0
1748009600048.0,7724.2,7725.2
1748009600427,,
1748009601391.0,7723.5,7724.5
1748009601591.0,7723.7,7724.7
1748009601791.0,7724.1,7725.1
1748009602210.0,7723.9,7724.9
1748009602410.0,7723.6,7724.6
1748009603157.0,7723.7,7724.7
1748009603680.0,7723.5,7724.5
1748009603880.0,7723.7,7724.7
1748009604391.0,7723.5,7724.5
1748009604790.0,7722.7,7723.7
1748009604989,,
1748009605781.0,7722.5,7723.5
1748009605973.0,7722.7,7723.7
1748009606258.0,7722.5,7723.5
1748009606459.0,7722.2,7723.2
1748009606921.0,7722.1,7723.1
1748009609738.0,7721.9,7722.9
1748009610167.0,7721.6,7722.6
1748009610362.0,7720.9,7721.9
1748009610572.0,7720.6,7721.6
1748009610672.0,7720.5,7721.5
1748009611172.0,7720.8,7721.8
1748009611373.0,7720.5,7721.5
1748009611677.0,7720.6,7721.6
1748009611777.0,7720.9,7721.9
1748009612220.0,7720.6,7721.6
1748009612827.0,7720.5,7721.5
1748009612974.0,7720.8,7721.8
1748009613375.0,7720.5,7721.5
1748009613808.0,7720.8,7721.8
1748009614447.0,7720.5,7721.5
1748009615083.0,7720.3,7721.3
1748009615284.0,7720.0,7721.0
1748009615641.0,7720.3,7721.3
1748009615840.0,7720.0,7721.0
1748009616040.0,7721.0,7722.0
1748009616442,,
1748009616720.0,7720.8,7721.8
1748009616923.0,7720.0,7721.0
1748009617320.0,7719.0,7720.0
1748009617736.0,7719.3,7720.3
1748009617936.0,7719.5,7720.5
1748009618849.0,7719.8,7720.8
1748009619050.0,7720.0,7721.0
1748009619347.0,7719.4,7720.4
1748009619448.0,7719.7,7720.7
1748009619647.0,7719.9,7720.9
1748009620135.0,7720.2,7721.2
1748009620336.0,7720.4,7721.4
1748009621203.0,7720.7,7721.7
1748009621515.0,7721.5,7722.5
1748009621614.0,7722.0,7723.0
1748009622421.0,7722.3,7723.3
1748009622820,,
1748009623230.0,7722.8,7723.8
1748009623630.0,7722.3,7723.3
1748009623831.0,7722.0,7723.0
1748009624029,,
1748009624230.0,7721.0,7722.0
1748009624967.0,7721.5,7722.5
1748009625705.0,7721.3,7722.3
1748009625903.0,7721.5,7722.5
1748009626345.0,7721.3,7722.3
1748009626745.0,7721.0,7722.0
1748009626942.0,7721.5,7722.5
1748009627143.0,7722.0,7723.0
1748009627342.0,7721.5,7722.5
1748009627542.0,7722.0,7723.0
1748009628345.0,7721.8,7722.8
1748009628542.0,7721.5,7722.5
1748009628941.0,7721.5,7722.5
1748009629542.0,7721.8,7722.8
1748009629743.0,7722.0,7723.0
1748009629942.0,7721.5,7722.5
1748009630315.0,7721.8,7722.8
1748009630515.0,7721.5,7722.5
1748009631406.0,7721.3,7722.3
1748009631793.0,7721.0,7722.0
1748009632056.0,7720.8,7721.8
1748009632253.0,7720.5,7721.5
1748009632454.0,7720.3,7721.3
1748009633041.0,7720.0,7721.0
1748009634262,,
1748009634817.0,7719.8,7720.8
1748009635646.0,7719.5,7720.5
1748009635842,,
1748009636045.0,7718.8,7719.8
1748009636244.0,7719.0,7720.0
1748009636981.0,7718.8,7719.8
1748009637549.0,7718.5,7719.5
1748009637749.0,7718.3,7719.3
1748009637948.0,7718.5,7719.5
1748009638151.0,7718.0,7719.0
1748009638549.0,7717.5,7718.5
1748009638752.0,7717.0,7718.0
1748009639149.0,7717.3,7718.3
1748009639351.0,7717.0,7718.0
1748009639550.0,7717.3,7718.3
1748009639963.0,7717.5,7718.5
1748009640186,,
1748009640586.0,7717.3,7718.3
1748009640864.0,7717.5,7718.5
1748009641065.0,7717.0,7718.0
1748009641736.0,7717.3,7718.3
1748009641936.0,7717.5,7718.5
1748009642573.0,7717.8,7718.8
1748009642872.0,7718.1,7719.1
1748009643062.0,7717.9,7718.9
1748009643463.0,7717.9,7718.9
1748009643662.0,7718.1,7719.1
1748009646643.0,7718.1,7719.1
1748009647452.0,7717.4,7718.4
1748009647653.0,7717.1,7718.1
1748009647873.0,7717.2,7718.2
1748009648862.0,7717.5,7718.5
1748009649062.0,7717.2,7718.2
1748009651358.0,7717.5,7718.5
1748009651457.0,7717.4,7718.4
1748009651757.0,7717.9,7718.9
1748009651956.0,7718.1,7719.1
1748009652211.0,7718.9,7719.9
1748009652449.0,7719.1,7720.1
1748009652648,,
1748009653126.0,7718.9,7719.9
1748009653525.0,7717.4,7718.4
1748009653746.0,7717.6,7718.6
1748009654043.0,7717.9,7718.9
1748009654246.0,7717.6,7718.6
1748009655006.0,7717.9,7718.9
1748009655204.0,7718.6,7719.6
1748009655609.0,7718.9,7719.9
1748009655809.0,7718.6,7719.6
1748009656459.0,7718.9,7719.9
1748009656658.0,7719.1,7720.1
1748009657055.0,7718.9,7719.9
1748009657455.0,7719.1,7720.1
1748009658306.0,7719.1,7720.1
1748009658504.0,7718.9,7719.9
1748009658703.0,7717.9,7718.9
1748009658906.0,7717.6,7718.6
1748009659317.0,7717.4,7718.4
1748009659517.0,7717.1,7718.1
1748009659717.0,7716.6,7717.6
1748009660411.0,7716.1,7717.1
1748009660810.0,7715.6,7716.6
1748009661906.0,7715.4,7716.4
1748009662105.0,7715.1,7716.1
1748009662408.0,7714.9,7715.9
1748009662810.0,7715.1,7716.1
1748009663557.0,7715.4,7716.4
1748009663757.0,7715.6,7716.6
1748009664557.0,7715.1,7716.1
1748009664785.0,7715.0,7716.0
1748009665186.0,7715.5,7716.5
1748009665430.0,7715.3,7716.3
1748009665630.0,7715.0,7716.0
1748009665887.0,7714.8,7715.8
1748009666091.0,7714.5,7715.5
1748009666488.0,7714.0,7715.0
1748009666706.0,7714.3,7715.3
1748009666888.0,7714.5,7715.5
1748009667164.0,7714.3,7715.3
1748009667364.0,7714.5,7715.5
1748009667765.0,7715.0,7716.0
1748009668073.0,7714.8,7715.8
1748009668475.0,7714.5,7715.5
1748009669404.0,7714.8,7715.8
1748009669816.0,7715.0,7716.0
1748009670006.0,7715.5,7716.5
1748009670994.0,7715.4,7716.4
1748009671175.0,7715.5,7716.5
1748009671410.0,7716.2,7717.2
1748009671794.0,7716.2,7717.2
1748009672183.0,7716.5,7717.5
1748009672580.0,7716.2,7717.2
1748009672793.0,7716.7,7717.7
1748009673411.0,7716.5,7717.5
1748009673609.0,7716.7,7717.7
1748009673839.0,7717.0,7718.0
1748009674040.0,7716.7,7717.7
1748009674283.0,7716.6,7717.6
1748009674616.0,7716.4,7717.4
1748009674814.0,7716.6,7717.6
1748009676828.0,7716.4,7717.4
1748009677229.0,7716.6,7717.6
1748009677884.0,7716.9,7717.9
1748009678083.0,7717.1,7718.1
1748009678668.0,7717.6,7718.6
1748009678895.0,7717.5,7718.5
1748009679012.0,7717.2,7718.2
1748009680108.0,7717.5,7718.5
1748009680507.0,7717.2,7718.2
1748009680709.0,7717.5,7718.5
1748009680905.0,7717.2,7718.2
1748009681237.0,7717.5,7718.5
1748009681457.0,7718.2,7719.2
1748009682245.0,7718.5,7719.5
1748009682442.0,7718.2,7719.2
1748009682664.0,7718.0,7719.0
1748009682881.0,7718.2,7719.2
1748009683596.0,7718.3,7719.3
1748009685303.0,7718.6,7719.6
1748009685417.0,7718.8,7719.8
1748009686746.0,7719.1,7720.1
1748009687147.0,7718.8,7719.8
1748009688837.0,7718.6,7719.6
1748009689049.0,7718.3,7719.3
1748009690575.0,7718.1,7719.1
1748009690775.0,7717.8,7718.8
1748009691935.0,7717.6,7718.6
1748009692137.0,7717.8,7718.8
1748009692962.0,7718.1,7719.1
1748009693361.0,7717.8,7718.8
1748009693564.0,7717.3,7718.3
1748009694720.0,7717.1,7718.1
1748009694894,,
1748009695096.0,7717.3,7718.3
1748009695297.0,7717.6,7718.6
1748009695497.0,7717.3,7718.3
1748009695990.0,7717.1,7718.1
1748009696589.0,7717.3,7718.3
1748009697018.0,7717.1,7718.1
1748009697216.0,7717.3,7718.3
1748009697387.0,7717.2,7718.2
1748009697517.0,7717.0,7718.0
1748009698117.0,7716.7,7717.7
1748009700085,,
1748009700284.0,7716.0,7717.0
1748009700721.0,7716.2,7717.2
1748009701628.0,7716.0,7717.0
1748009701946.0,7716.3,7717.3
1748009703479.0,7716.1,7717.1
1748009703677.0,7715.8,7716.8
1748009705763.0,7717.1,7718.1
1748009706161,,
1748009706692.0,7717.1,7718.1
1748009706893,,
1748009707104.0,7717.3,7718.3
1748009708066.0,7717.1,7718.1
1748009708264.0,7716.6,7717.6
1748009708461.0,7715.6,7716.6
1748009708861.0,7716.1,7717.1
1748009709061.0,7715.8,7716.8
1748009709857.0,7716.1,7717.1
1748009710258.0,7715.8,7716.8
1748009711445.0,7715.6,7716.6
1748009711846.0,7714.8,7715.8
1748009712443.0,7715.1,7716.1
1748009712683.0,7715.3,7716.3
1748009713160.0,7715.6,7716.6
1748009713598.0,7715.8,7716.8
1748009713799.0,7715.3,7716.3
1748009714057.0,7715.6,7716.6
1748009714455.0,7715.3,7716.3
1748009714655.0,7715.1,7716.1
1748009715057.0,7715.3,7716.3
1748009715495.0,7715.2,7716.2
1748009716157.0,7715.5,7716.5
1748009716356.0,7715.2,7716.2
1748009717070.0,7715.5,7716.5
1748009717176.0,7716.2,7717.2
1748009717377.0,7716.5,7717.5
1748009717776.0,7716.2,7717.2
1748009717978.0,7716.5,7717.5
1748009718646.0,7716.2,7717.2
1748009719046.0,7716.5,7717.5
1748009719486.0,7716.2,7717.2
1748009719886.0,7716.5,7717.5
1748009720367.0,7716.7,7717.7
1748009720768.0,7717.0,7718.0
1748009720968.0,7717.2,7718.2
1748009721778.0,7717.5,7718.5
1748009721983.0,7718.2,7719.2
1748009722178.0,7718.5,7719.5
1748009722379.0,7719.2,7720.2
1748009723034,,
1748009723237.0,7718.5,7719.5
1748009723829.0,7718.2,7719.2
1748009724236.0,7717.7,7718.7
1748009724625.0,7717.5,7718.5
1748009724824.0,7717.0,7718.0
1748009725194.0,7717.2,7718.2
1748009725393,,
1748009725855.0,7717.1,7718.1
1748009725954.0,7716.9,7717.9
1748009726162,,
1748009726348.0,7716.1,7717.1
1748009726749.0,7716.6,7717.6
1748009728011.0,7716.4,7717.4
1748009728210.0,7716.6,7717.6
1748009728410.0,7716.4,7717.4
1748009728963.0,7716.1,7717.1
1748009731546.0,7716.0,7717.0
1748009732094.0,7715.8,7716.8
1748009733981,,
1748009734257.0,7715.3,7716.3
1748009734457.0,7715.5,7716.5
1748009735040.0,7715.4,7716.4
1748009735420.0,7715.2,7716.2
1748009735999,,
1748009737741.0,7715.4,7716.4
1748009737920.0,7715.9,7716.9
1748009738268.0,7716.2,7717.2
1748009738463.0,7715.9,7716.9
1748009738862.0,7716.4,7717.4
1748009740227.0,7716.2,7717.2
1748009740407.0,7715.7,7716.7
1748009740887.0,7715.9,7716.9
1748009741581.0,7716.2,7717.2
1748009741980.0,7716.2,7717.2
1748009742181.0,7715.9,7716.9
1748009742580.0,7715.4,7716.4
1748009743003.0,7715.2,7716.2
1748009743200.0,7713.9,7714.9
1748009743569,,
1748009743670.0,7714.2,7715.2
1748009743904.0,7713.9,7714.9
1748009744305.0,7713.8,7714.8
1748009744506.0,7712.8,7713.8
1748009745897,,
1748009746098.0,7712.5,7713.5
1748009746299.0,7713.0,7714.0
1748009746612.0,7713.3,7714.3
1748009746811.0,7713.0,7714.0
1748009747222.0,7714.0,7715.0
1748009748436.0,7713.8,7714.8
1748009748996.0,7714.0,7715.0
1748009750098.0,7713.8,7714.8
1748009750296.0,7714.0,7715.0
1748009750512.0,7714.3,7715.3
1748009751498,,
1748009752568,,
1748009753157.0,7713.8,7714.8
1748009753611.0,7713.5,7714.5
1748009753808,,
1748009754211.0,7713.0,7714.0
1748009755607.0,7713.3,7714.3
1748009755804.0,7713.5,7714.5
1748009756222.0,7713.5,7714.5
1748009758077.0,7713.8,7714.8
1748009758276.0,7714.0,7715.0
1748009759933.0,7713.8,7714.8
1748009760133.0,7714.0,7715.0
1748009760439.0,7713.8,7714.8
1748009760626,,
1748009761470.0,7713.5,7714.5
1748009761659.0,7713.3,7714.3
1748009762278.0,7713.4,7714.4
1748009762379.0,7713.6,7714.6
1748009762480,,
1748009763711.0,7713.4,7714.4
1748009763908.0,7712.9,7713.9
1748009764308.0,7712.6,7713.6
1748009764678.0,7712.4,7713.4
1748009764877.0,7712.6,7713.6
1748009765535.0,7712.4,7713.4
1748009765737.0,7712.1,7713.1
1748009766138.0,7712.4,7713.4
1748009766675.0,7712.1,7713.1
1748009766875.0,7711.9,7712.9
1748009767086.0,7712.4,7713.4
1748009767675.0,7711.9,7712.9
1748009768134.0,7712.0,7713.0
1748009768432.0,7711.8,7712.8
1748009769570.0,7711.5,7712.5
1748009770335.0,7712.0,7713.0
1748009770536.0,7712.3,7713.3
1748009770733.0,7712.0,7713.0
1748009771134.0,7712.0,7713.0
1748009771527.0,7712.3,7713.3
1748009771927.0,7712.0,7713.0
1748009772326.0,7712.5,7713.5
1748009773068.0,7712.3,7713.3
1748009773266.0,7712.5,7713.5
1748009773769.0,7712.8,7713.8
1748009774032.0,7712.3,7713.3
1748009774577.0,7712.1,7713.1
1748009774779.0,7712.3,7713.3
1748009775141.0,7712.1,7713.1
1748009775240.0,7711.9,7712.9
1748009775377.0,7711.6,7712.6
1748009776160.0,7711.6,7712.6
1748009776357.0,7712.1,7713.1
1748009776558.0,7711.5,7712.5
1748009778273.0,7711.8,7712.8
1748009778466.0,7711.5,7712.5
1748009781688.0,7711.0,7712.0
1748009781887,,
1748009782488.0,7711.5,7712.5
1748009782690.0,7712.0,7713.0
1748009782905.0,7713.0,7714.0
1748009783306.0,7712.0,7713.0
1748009783505.0,7711.5,7712.5
1748009783705,,
1748009784169.0,7711.3,7712.3
1748009784568.0,7711.5,7712.5
1748009785098.0,7711.3,7712.3
1748009785295.0,7711.5,7712.5
1748009785494.0,7711.0,7712.0
1748009785976.0,7711.3,7712.3
1748009786375.0,7711.5,7712.5
1748009786776.0,7711.8,7712.8
1748009786974.0,7711.5,7712.5
1748009787379.0,7711.3,7712.3
1748009787580.0,7711.0,7712.0
1748009789292.0,7710.8,7711.8
1748009789492.0,7710.5,7711.5
1748009790433.0,7710.5,7711.5
1748009792565.0,7710.3,7711.3
1748009792964.0,7709.8,7710.8
1748009793163.0,7710.0,7711.0
1748009793886.0,7709.8,7710.8
1748009794709.0,7709.5,7710.5
1748009795109.0,7709.0,7710.0
1748009795730.0,7708.8,7709.8
1748009795930.0,7708.5,7709.5
1748009796141.0,7708.8,7709.8
1748009796534.0,7708.8,7709.8
1748009797517.0,7709.0,7710.0
1748009798127.0,7708.5,7709.5
1748009798316.0,7707.5,7708.5
1748009798924.0,7708.0,7709.0
1748009799759.0,7707.9,7708.9
1748009800436.0,7707.9,7708.9
1748009800741.0,7708.2,7709.2
1748009800940.0,7708.7,7709.7
1748009801142.0,7708.4,7709.4
1748009801540.0,7708.4,7709.4
1748009801777.0,7708.7,7709.7
1748009802013.0,7708.5,7709.5
1748009803431.0,7708.3,7709.3
1748009803631.0,7708.0,7709.0
1748009804889.0,7707.8,7708.8
1748009805288.0,7708.0,7709.0
1748009805488.0,7707.5,7708.5
1748009805687.0,7707.3,7708.3
1748009807973.0,7707.0,7708.0
1748009808171,,
1748009809450.0,7707.3,7708.3
1748009809650.0,7707.0,7708.0
1748009809974.0,7706.8,7707.8
1748009810949.0,7706.9,7707.9
1748009811304.0,7707.1,7708.1
1748009811505,,
1748009811703.0,7706.8,7707.8
1748009811904.0,7707.0,7708.0
1748009812105.0,7706.8,7707.8
1748009812304.0,7707.0,7708.0
1748009812598.0,7706.8,7707.8
1748009812833.0,7707.0,7708.0
1748009813328.0,7706.8,7707.8
1748009813537.0,7707.0,7708.0
1748009813858.0,7706.9,7707.9
1748009815255.0,7707.2,7708.2
1748009815454.0,7707.9,7708.9
1748009815655.0,7708.4,7709.4
1748009816654.0,7707.9,7708.9
1748009818238.0,7707.7,7708.7
1748009818639.0,7707.2,7708.2
1748009818838.0,7706.7,7707.7
1748009819105.0,7706.9,7707.9
1748009820262,,
1748009820662.0,7707.2,7708.2
1748009821063.0,7707.2,7708.2
1748009821860.0,7707.4,7708.4
1748009822059.0,7707.2,7708.2
1748009822258.0,7707.7,7708.7
1748009822483.0,7707.9,7708.9
1748009822698.0,7707.7,7708.7
1748009822883.0,7707.2,7708.2
1748009823081.0,7707.4,7708.4
1748009823314.0,7707.2,7708.2
1748009824566.0,7707.2,7708.2
1748009825315.0,7707.4,7708.4
1748009825514.0,7707.2,7708.2
1748009825712.0,7706.7,7707.7
1748009826143.0,7707.1,7708.1
1748009826552.0,7706.9,7707.9
1748009826752.0,7706.1,7707.1
1748009827493.0,7706.9,7707.9
1748009827740.0,7706.5,7707.5
1748009827908.0,7706.0,7707.0
1748009828551.0,7707.0,7708.0
1748009828925.0,7707.3,7708.3
1748009829124.0,7707.5,7708.5
1748009829587.0,7707.3,7708.3
1748009829785.0,7707.5,7708.5
1748009829986.0,7707.0,7708.0
1748009830385.0,7707.1,7708.1
1748009830689.0,7707.0,7708.0
1748009831407.0,7706.8,7707.8
1748009831608.0,7707.0,7708.0
1748009832007.0,7707.3,7708.3
1748009832208.0,7707.0,7708.0
1748009832609.0,7707.3,7708.3
1748009833036.0,7707.0,7708.0
1748009833236.0,7707.8,7708.8
1748009833436.0,7707.5,7708.5
1748009834079.0,7707.3,7708.3
1748009834278.0,7707.0,7708.0
1748009834711.0,7706.8,7707.8
1748009834920.0,7706.0,7707.0
1748009835110.0,7706.5,7707.5
1748009835308.0,7706.0,7707.0
1748009835796.0,7706.3,7707.3
1748009836398.0,7706.0,7707.0
1748009836837.0,7706.3,7707.3
1748009837036.0,7707.0,7708.0
1748009837435,,
1748009837732.0,7706.8,7707.8
1748009838132.0,7707.3,7708.3
1748009838332.0,7707.5,7708.5
1748009838731.0,7707.3,7708.3
1748009838931.0,7707.5,7708.5
1748009840985.0,7707.8,7708.8
1748009841184.0,7707.5,7708.5
1748009841507.0,7707.3,7708.3
1748009841707.0,7707.0,7708.0
1748009841969.0,7707.3,7708.3
1748009842371.0,7707.5,7708.5
1748009842821.0,7707.3,7708.3
1748009843019.0,7707.0,7708.0
1748009843348.0,7707.3,7708.3
1748009843549.0,7707.0,7708.0
1748009843749.0,7707.5,7708.5
1748009844184.0,7707.7,7708.7
1748009844592.0,7707.4,7708.4
1748009845057.0,7707.2,7708.2
1748009845711.0,7706.9,7707.9
1748009845909,,
1748009846211.0,7706.7,7707.7
1748009846660.0,7706.2,7707.2
1748009846860.0,7706.4,7707.4
1748009847460.0,7706.4,7707.4
1748009847664.0,7707.0,7708.0
1748009847860.0,7707.5,7708.5
1748009848268.0,7707.8,7708.8
1748009848469.0,7708.2,7709.2
1748009849483.0,7707.9,7708.9
1748009850088.0,7707.7,7708.7
1748009850292.0,7707.9,7708.9
1748009852517.0,7708.4,7709.4
1748009852717,,
1748009852919.0,7707.9,7708.9
1748009853355.0,7707.3,7708.3
1748009853517.0,7707.1,7708.1
1748009853918.0,7707.3,7708.3
1748009854134.0,7707.1,7708.1
1748009854535.0,7707.6,7708.6
1748009854933.0,7707.6,7708.6
1748009855135.0,7707.3,7708.3
1748009855333.0,7707.6,7708.6
1748009855534.0,7707.3,7708.3
1748009855803.0,7707.6,7708.6
1748009856708.0,7707.4,7708.4
1748009856828.0,7707.7,7708.7
1748009857280.0,7707.9,7708.9
1748009857482.0,7707.7,7708.7
1748009857879.0,7707.9,7708.9
1748009858081.0,7707.4,7708.4
1748009858416.0,7707.7,7708.7
1748009858815.0,7707.9,7708.9
1748009859016.0,7708.2,7709.2
1748009859425.0,7707.9,7708.9
1748009859906.0,7707.7,7708.7
1748009860988.0,7707.4,7708.4
1748009861187.0,7707.7,7708.7
1748009861387.0,7707.4,7708.4
1748009862525.0,7707.7,7708.7
1748009863705.0,7707.9,7708.9
1748009863905.0,7708.2,7709.2
1748009864152.0,7708.4,7709.4
1748009864552.0,7708.7,7709.7
1748009864753.0,7708.9,7709.9
1748009865436.0,7708.4,7709.4
1748009865751.0,7708.2,7709.2
1748009866499.0,7708.4,7709.4
1748009866689.0,7708.2,7709.2
1748009867374.0,7708.4,7709.4
1748009867574.0,7708.2,7709.2
1748009868005.0,7708.1,7709.1
1748009868285.0,7707.8,7708.8
1748009868714.0,7708.1,7709.1
1748009868913.0,7707.4,7708.4
1748009869567.0,7707.7,7708.7
1748009869767.0,7707.4,7708.4
1748009871879.0,7707.2,7708.2
1748009872078.0,7706.9,7707.9
1748009872995.0,7707.2,7708.2
1748009873194.0,7707.4,7708.4
1748009874182.0,7707.3,7708.3
1748009874622.0,7707.6,7708.6
1748009874819.0,7707.8,7708.8
1748009875248.0,7708.1,7709.1
1748009875448.0,7708.8,7709.8
1748009875646.0,7708.6,7709.6
1748009875847.0,7708.3,7709.3
1748009876247.0,7708.3,7709.3
1748009876446.0,7707.8,7708.8
1748009877531.0,7707.6,7708.6
1748009877730.0,7707.3,7708.3
1748009878130.0,7706.8,7707.8
1748009879786.0,7706.9,7707.9
1748009880504.0,7706.4,7707.4
1748009882170.0,7706.7,7707.7
1748009882740.0,7706.9,7707.9
1748009883693.0,7706.7,7707.7
1748009883894.0,7706.9,7707.9
1748009884356.0,7707.2,7708.2
1748009884558.0,7707.4,7708.4
1748009884957.0,7707.8,7708.8
1748009885172.0,7707.5,7708.5
1748009885556.0,7707.0,7708.0
1748009885669.0,7707.1,7708.1
1748009886377.0,7707.4,7708.4
1748009886576.0,7707.6,7708.6
1748009886776.0,7707.1,7708.1
1748009887704.0,7707.1,7708.1
1748009889307.0,7706.9,7707.9
1748009889907.0,7707.1,7708.1
1748009890258.0,7707.4,7708.4
1748009890457.0,7707.1,7708.1
1748009891330.0,7707.4,7708.4
1748009891534.0,7707.1,7708.1
1748009891729.0,7706.6,7707.6
1748009892374.0,7706.9,7707.9
1748009892973.0,7707.1,7708.1
1748009894451.0,7706.9,7707.9
1748009894850.0,7706.9,7707.9
1748009895051.0,7707.1,7708.1
1748009896188.0,7707.4,7708.4
1748009896378,,
1748009896684.0,7707.1,7708.1
1748009896883.0,7707.4,7708.4
1748009897083.0,7707.1,7708.1
1748009897283.0,7707.6,7708.6
1748009897482.0,7707.4,7708.4
1748009897762.0,7707.6,7708.6
1748009898574.0,7707.4,7708.4
1748009898972.0,7707.6,7708.6
1748009899905.0,7707.4,7708.4
1748009900104.0,7707.6,7708.6
1748009900431.0,7707.4,7708.4
1748009900629.0,7707.6,7708.6
1748009901888.0,7707.8,7708.8
1748009904210.0,7707.3,7708.3
1748009904400.0,7707.1,7708.1
1748009904711.0,7706.8,7707.8
1748009904911.0,7707.1,7708.1
1748009905111.0,7707.3,7708.3
1748009905340.0,7707.1,7708.1
1748009905739.0,7707.3,7708.3
1748009905940.0,7707.1,7708.1
1748009906341.0,7707.3,7708.3
1748009906936.0,7707.2,7708.2
1748009908204.0,7707.2,7708.2
1748009908463.0,7707.5,7708.5
1748009908665,,
1748009909194.0,7707.2,7708.2
1748009909393.0,7707.5,7708.5
1748009910041.0,7707.7,7708.7
1748009910239.0,7707.5,7708.5
1748009910839.0,7707.5,7708.5
1748009911077.0,7707.7,7708.7
1748009911276.0,7707.5,7708.5
1748009911477.0,7707.7,7708.7
1748009911676.0,7708.0,7709.0
1748009911876.0,7707.7,7708.7
1748009912140.0,7708.0,7709.0
1748009912340.0,7707.7,7708.7
1748009912541.0,7707.2,7708.2
1748009913738.0,7707.5,7708.5
1748009913935.0,7707.2,7708.2
1748009914568.0,7707.5,7708.5
1748009914968.0,7707.7,7708.7
1748009915166.0,7707.5,7708.5
1748009915778.0,7707.2,7708.2
1748009918409.0,7707.0,7708.0
1748009918607.0,7706.7,7707.7
1748009920135.0,7706.8,7707.8
1748009920589.0,7707.1,7708.1
1748009920785.0,7707.3,7708.3
1748009921202,,
1748009921402.0,7706.8,7707.8
1748009921802.0,7706.6,7707.6
1748009922229.0,7706.8,7707.8
1748009922428.0,7706.6,7707.6
1748009922630.0,7706.3,7707.3
1748009923264.0,7706.8,7707.8
1748009923462,,
1748009923694.0,7707.1,7708.1
1748009923894.0,7706.8,7707.8
1748009924285.0,7707.1,7708.1
1748009924669.0,7705.8,7706.8
1748009925005.0,7706.1,7707.1
1748009925403.0,7706.3,7707.3
1748009925867.0,7706.1,7707.1
1748009926066,,
1748009927022.0,7705.8,7706.8
1748009929791.0,7705.6,7706.6
1748009931098.0,7705.8,7706.8
1748009931296,,
1748009932805.0,7706.1,7707.1
1748009933203.0,7706.1,7707.1
1748009933403.0,7706.3,7707.3
1748009933658.0,7706.1,7707.1
1748009934054.0,7706.1,7707.1
1748009934256.0,7706.3,7707.3
1748009936293.0,7706.1,7707.1
1748009936494.0,7705.8,7706.8
1748009936896.0,7705.6,7706.6
1748009937099.0,7705.3,7706.3
1748009937744.0,7704.8,7705.8
1748009938830,,
1748009939232.0,7704.8,7705.8
1748009940252.0,7705.1,7706.1
1748009940689.0,7705.2,7706.2
1748009940886.0,7705.7,7706.7
1748009941288.0,7706.0,7707.0
1748009941487.0,7706.2,7707.2
1748009941710.0,7706.5,7707.5
1748009942114.0,7706.2,7707.2
1748009942781.0,7706.0,7707.0
1748009942880.0,7706.1,7707.1
1748009943182.0,7706.3,7707.3
1748009943581.0,7706.1,7707.1
1748009943780.0,7705.6,7706.6
1748009943995.0,7705.3,7706.3
1748009944181.0,7705.6,7706.6
1748009944579.0,7705.3,7706.3
1748009944744.0,7705.2,7706.2
1748009945482.0,7706.0,7707.0
1748009945681.0,7706.2,7707.2
1748009945881.0,7706.0,7707.0
1748009946081.0,7705.7,7706.7
1748009947516.0,7705.5,7706.5
1748009947712,,
1748009948062.0,7705.7,7706.7
1748009948260.0,7705.5,7706.5
1748009948661.0,7706.2,7707.2
1748009948973,,
1748009949603.0,7706.1,7707.1
1748009950060.0,7706.4,7707.4
1748009950460.0,7706.1,7707.1
1748009950792.0,7706.6,7707.6
1748009951058,,
1748009952030.0,7707.1,7708.1
1748009952229.0,7706.8,7707.8
1748009952484.0,7707.1,7708.1
1748009952883.0,7706.8,7707.8
1748009953085.0,7707.1,7708.1
1748009953531.0,7706.8,7707.8
1748009957273.0,7706.6,7707.6
1748009960286.0,7706.8,7707.8
1748009960483.0,7707.1,7708.1
1748009960683.0,7706.8,7707.8
1748009961567.0,7707.1,7708.1
1748009961765.0,7706.8,7707.8
1748009962502.0,7706.6,7707.6
1748009962689.0,7706.3,7707.3
1748009963122.0,7706.6,7707.6
1748009963523.0,7706.8,7707.8
1748009964108.0,7706.6,7707.6
1748009964706.0,7706.8,7707.8
1748009964928.0,7706.6,7707.6
1748009965179.0,7706.8,7707.8
1748009965990.0,7707.1,7708.1
1748009966174.0,7707.3,7708.3
1748009966434.0,7707.1,7708.1
1748009966637.0,7706.8,7707.8
1748009968011.0,7706.6,7707.6
1748009968210.0,7706.1,7707.1
1748009970408.0,7705.8,7706.8
1748009970807.0,7705.3,7706.3
1748009971007.0,7705.8,7706.8
1748009971206.0,7706.1,7707.1
1748009971426.0,7706.3,7707.3
1748009971824.0,7706.3,7707.3
1748009972025.0,7706.1,7707.1
1748009972226.0,7705.8,7706.8
1748009972564.0,7706.1,7707.1
1748009972765.0,7705.8,7706.8
1748009974577.0,7706.1,7707.1
1748009974775.0,7706.3,7707.3
1748009975033.0,7706.0,7707.0
1748009975451.0,7706.2,7707.2
1748009976499.0,7706.5,7707.5
1748009977099.0,7706.2,7707.2
1748009977496.0,7705.5,7706.5
1748009977894.0,7705.7,7706.7
1748009978096.0,7705.2,7706.2
1748009978386.0,7705.5,7706.5
1748009978798.0,7706.0,7707.0
1748009978983.0,7705.7,7706.7
1748009979385.0,7706.0,7707.0
1748009981539.0,7705.9,7706.9
1748009981888.0,7705.6,7706.6
1748009982089.0,7705.1,7706.1
1748009982793.0,7705.1,7706.1
1748009983290.0,7704.9,7705.9
1748009983490.0,7704.6,7705.6
1748009983828.0,7704.9,7705.9
1748009984031.0,7704.6,7705.6
1748009984341.0,7704.9,7705.9
1748009984538.0,7705.1,7706.1
1748009984924.0,7705.0,7706.0
1748009985033.0,7704.8,7705.8
1748009986005.0,7704.5,7705.5
1748009986405.0,7704.8,7705.8
1748009987585.0,7704.5,7705.5
1748009987788.0,7704.0,7705.0
1748009988250,,
1748009988490.0,7704.1,7705.1
1748009990908.0,7703.9,7704.9
1748009991119.0,7703.6,7704.6
1748009993576.0,7703.5,7704.5
1748009994158.0,7703.8,7704.8
1748009994360.0,7704.0,7705.0
1748009994864.0,7703.8,7704.8
1748009995265.0,7703.5,7704.5
1748009996604.0,7703.6,7704.6
1748009998478.0,7703.4,7704.4
1748009998676.0,7703.1,7704.1
1748009999474.0,7703.0,7704.0
1748009999674,,
1748010000013.0,7703.6,7704.6
1748010000255,,
1748010000454.0,7703.1,7704.1
1748010000658.0,7703.4,7704.4
1748010001388.0,7703.2,7704.2
1748010001685.0,7703.2,7704.2
1748010002182,,
1748010002851.0,7703.0,7704.0
1748010004521.0,7703.2,7704.2
1748010004854.0,7703.5,7704.5
1748010005066.0,7704.2,7705.2
1748010005254.0,7705.0,7706.0
1748010005451.0,7704.2,7705.2
1748010006298.0,7704.0,7705.0
1748010006497.0,7702.2,7703.2
1748010007013.0,7702.5,7703.5
1748010007219.0,7702.2,7703.2
1748010009041.0,7702.5,7703.5
1748010009790.0,7702.7,7703.7
1748010010554.0,7703.0,7704.0
1748010010954.0,7703.7,7704.7
1748010011155.0,7703.2,7704.2
1748010011354.0,7703.5,7704.5
1748010012692.0,7703.2,7704.2
1748010012891.0,7703.0,7704.0
1748010013292.0,7703.2,7704.2
1748010013848.0,7703.5,7704.5
1748010014048,,
1748010014257.0,7703.7,7704.7
1748010014488.0,7703.8,7704.8
1748010014661.0,7703.6,7704.6
1748010014863.0,7703.3,7704.3
1748010015262.0,7703.8,7704.8
1748010015848.0,7703.6,7704.6
1748010016045.0,7703.3,7704.3
1748010016459.0,7703.1,7704.1
1748010016858.0,7703.6,7704.6
1748010017512.0,7703.3,7704.3
1748010017710.0,7703.6,7704.6
1748010017908.0,7703.3,7704.3
1748010018110.0,7703.6,7704.6
1748010018508,,
1748010018739.0,7703.3,7704.3
1748010019110.0,7702.8,7703.8
1748010019480.0,7702.6,7703.6
1748010019679.0,7702.8,7703.8
1748010020370,,
1748010021423.0,7702.6,7703.6
1748010021821.0,7702.7,7703.7
1748010022560.0,7702.5,7703.5
1748010022959.0,7702.0,7703.0
1748010023160.0,7701.7,7702.7
1748010024113.0,7702.0,7703.0
1748010024510.0,7702.2,7703.2
1748010027744,,
1748010028058.0,7702.5,7703.5
1748010028260.0,7703.2,7704.2
1748010028459.0,7703.5,7704.5
1748010028858.0,7703.7,7704.7
1748010029588.0,7703.5,7704.5
1748010029785.0,7703.7,7704.7
1748010030060.0,7703.5,7704.5
1748010030260.0,7703.7,7704.7
1748010030829.0,7703.5,7704.5
1748010031230.0,7704.5,7705.5
1748010031429.0,7704.2,7705.2
1748010032308.0,7704.0,7705.0
1748010032507.0,7704.2,7705.2
1748010033093.0,7704.5,7705.5
1748010033293.0,7704.2,7705.2
1748010034422.0,7704.5,7705.5
1748010034623.0,7704.7,7705.7
1748010036325.0,7704.5,7705.5
1748010037077.0,7704.7,7705.7
1748010038093.0,7704.5,7705.5
1748010038404.0,7704.6,7705.6
1748010038683.0,7704.1,7705.1
1748010039086.0,7704.4,7705.4
1748010040038.0,7704.1,7705.1
1748010040515.0,7703.9,7704.9
1748010040713.0,7704.1,7705.1
1748010042162,,
1748010042895.0,7704.6,7705.6
1748010043367.0,7704.9,7705.9
1748010043578.0,7705.4,7706.4
1748010044882.0,7705.1,7706.1
1748010045731.0,7704.9,7705.9
1748010046130.0,7704.1,7705.1
1748010046384.0,7704.4,7705.4
1748010046609.0,7704.1,7705.1
1748010046992.0,7704.4,7705.4
1748010047814.0,7704.1,7705.1
1748010048013.0,7704.4,7705.4
1748010048578.0,7704.1,7705.1
1748010050590,,
1748010050838.0,7703.9,7704.9
1748010051018.0,7703.6,7704.6
1748010052244.0,7703.6,7704.6
1748010053047.0,7704.1,7705.1
1748010053741.0,7703.9,7704.9
1748010053906.0,7704.0,7705.0
1748010054140.0,7704.2,7705.2
1748010055052.0,7704.0,7705.0
1748010055441.0,7703.7,7704.7
1748010055718.0,7703.5,7704.5
1748010055918,,
1748010056518.0,7704.2,7705.2
1748010057095.0,7704.0,7705.0
1748010057494.0,7704.2,7705.2
1748010057935.0,7704.5,7705.5
1748010058138.0,7705.2,7706.2
1748010059098.0,7705.0,7706.0
1748010059296.0,7705.2,7706.2
1748010060982.0,7705.0,7706.0
1748010061384.0,7704.2,7705.2
1748010061782.0,7704.7,7705.7
1748010062787.0,7705.0,7706.0
1748010062988.0,7705.2,7706.2
1748010063385.0,7704.7,7705.7
1748010063585.0,7704.2,7705.2
1748010064162.0,7704.5,7705.5
1748010064561.0,7704.7,7705.7
1748010064983.0,7704.7,7705.7
1748010065180.0,7704.5,7705.5
1748010065382.0,7704.7,7705.7
1748010066751.0,7704.5,7705.5
1748010067162.0,7704.2,7705.2
1748010067352.0,7703.7,7704.7
1748010067551.0,7704.0,7705.0
1748010068179.0,7704.2,7705.2
1748010069477.0,7704.0,7705.0
1748010070156.0,7704.2,7705.2
1748010070879.0,7703.7,7704.7
1748010071295.0,7703.5,7704.5
1748010071670.0,7703.3,7704.3
1748010071892.0,7703.1,7704.1
1748010072223.0,7703.3,7704.3
1748010072622.0,7703.6,7704.6
1748010072836.0,7703.3,7704.3
1748010073435,,
1748010074511.0,7703.6,7704.6
1748010074709.0,7703.3,7704.3
1748010075422.0,7703.1,7704.1
1748010075615.0,7702.8,7703.8
1748010077898.0,7703.1,7704.1
1748010078300.0,7704.1,7705.1
1748010078698.0,7703.8,7704.8
1748010079150.0,7704.1,7705.1
1748010079350.0,7703.8,7704.8
1748010080076.0,7704.1,7705.1
1748010080274.0,7703.8,7704.8
1748010081342.0,7704.1,7705.1
1748010081784.0,7703.8,7704.8
1748010081991,,
1748010082334.0,7703.7,7704.7
1748010083877.0,7703.4,7704.4
1748010084075.0,7702.4,7703.4
1748010084291.0,7702.7,7703.7
1748010084492.0,7703.4,7704.4
1748010084949.0,7703.7,7704.7
1748010085551.0,7703.4,7704.4
1748010086316.0,7703.7,7704.7
1748010087086.0,7703.4,7704.4
1748010087573,,
1748010087844.0,7703.7,7704.7
1748010088055.0,7703.4,7704.4
1748010090305.0,7702.9,7703.9
1748010092305.0,7703.2,7704.2
1748010092504,,
1748010093004.0,7702.9,7703.9
1748010093896.0,7703.2,7704.2
1748010094294.0,7703.4,7704.4
1748010094492.0,7703.7,7704.7
1748010095014.0,7703.4,7704.4
1748010096336.0,7703.2,7704.2
1748010096728.0,7703.7,7704.7
1748010096925.0,7703.4,7704.4
1748010097125.0,7703.7,7704.7
1748010097326.0,7703.4,7704.4
1748010097989.0,7703.2,7704.2
1748010098870.0,7703.4,7704.4
1748010099295.0,7703.2,7704.2
1748010099491.0,7703.4,7704.4
1748010102929.0,7703.2,7704.2
1748010103130.0,7702.9,7703.9
1748010103544.0,7703.2,7704.2
1748010104299.0,7703.7,7704.7
1748010104583.0,7703.9,7704.9
1748010104935.0,7704.0,7705.0
1748010105554.0,7703.9,7704.9
1748010106149.0,7703.7,7704.7
1748010106348.0,7703.9,7704.9
1748010108263.0,7704.2,7705.2
1748010108480.0,7704.4,7705.4
1748010109336.0,7704.3,7705.3
1748010110414.0,7704.6,7705.6
1748010110612.0,7704.8,7705.8
1748010112151.0,7705.1,7706.1
1748010112368.0,7705.3,7706.3
1748010112890.0,7705.6,7706.6
1748010113290.0,7705.8,7706.8
1748010113548.0,7705.7,7706.7
1748010115331.0,7705.8,7706.8
1748010117118.0,7706.1,7707.1
1748010117318.0,7705.8,7706.8
1748010117640.0,7706.0,7707.0
1748010117742.0,7706.2,7707.2
1748010118131.0,7706.5,7707.5
1748010118329.0,7706.7,7707.7
1748010119269,,
1748010119673.0,7707.2,7708.2
1748010120132.0,7707.0,7708.0
1748010120329.0,7707.2,7708.2
1748010120630.0,7707.6,7708.6
1748010120930.0,7707.3,7708.3
1748010121331.0,7707.6,7708.6
1748010121628.0,7707.8,7708.8
1748010121839.0,7708.1,7709.1
1748010122185.0,7709.2,7710.2
1748010122284.0,7708.4,7709.4
1748010122446.0,7708.7,7709.7
1748010122643.0,7708.9,7709.9
1748010123730.0,7709.2,7710.2
1748010123929.0,7709.3,7710.3
1748010124187.0,7709.0,7710.0
1748010124910.0,7710.5,7711.5
1748010125113.0,7710.8,7711.8
1748010125312.0,7711.0,7712.0
1748010125513.0,7710.8,7711.8
1748010125915.0,7710.0,7711.0
1748010126111.0,7710.5,7711.5
1748010126465.0,7710.8,7711.8
1748010126666.0,7710.5,7711.5
1748010127273.0,7710.8,7711.8
1748010127752.0,7711.0,7712.0
1748010127948.0,7711.5,7712.5
1748010128347.0,7711.8,7712.8
1748010128548.0,7711.5,7712.5
1748010128928.0,7711.8,7712.8
1748010129127.0,7712.0,7713.0
1748010129528.0,7713.5,7714.5
1748010129858.0,7713.8,7714.8
1748010130058.0,7713.5,7714.5
1748010130458.0,7713.5,7714.5
1748010131567.0,7713.0,7714.0
1748010131768.0,7713.3,7714.3
1748010131967.0,7714.0,7715.0
1748010132892.0,7714.3,7715.3
1748010133091.0,7713.8,7714.8
1748010133291.0,7714.0,7715.0
1748010133588.0,7714.3,7715.3
1748010133787.0,7714.0,7715.0
1748010134189.0,7714.5,7715.5
1748010134392.0,7714.3,7715.3
1748010134588.0,7714.0,7715.0
1748010135395.0,7714.3,7715.3
1748010135692.0,7714.4,7715.4
1748010136983.0,7714.7,7715.7
1748010137384.0,7715.7,7716.7
1748010137582.0,7715.9,7716.9
1748010137897.0,7716.2,7717.2
1748010138095.0,7715.9,7716.9
1748010139168.0,7716.2,7717.2
1748010139367.0,7715.9,7716.9
1748010139568.0,7716.4,7717.4
1748010139766,,
1748010140273.0,7716.2,7717.2
1748010140472.0,7715.9,7716.9
1748010141637.0,7715.7,7716.7
1748010141837.0,7715.9,7716.9
1748010143283.0,7715.9,7716.9
1748010143484.0,7715.2,7716.2
1748010143686.0,7715.4,7716.4
1748010143884.0,7715.2,7716.2
1748010144284.0,7714.9,7715.9
1748010144824.0,7715.2,7716.2
1748010145223.0,7714.9,7715.9
1748010145559.0,7715.2,7716.2
1748010145960.0,7715.2,7716.2
1748010146165.0,7714.9,7715.9
1748010146365.0,7715.2,7716.2
1748010146568.0,7715.4,7716.4
1748010146777.0,7715.2,7716.2
1748010147106.0,7714.9,7715.9
1748010147307.0,7715.2,7716.2
1748010147865.0,7715.4,7716.4
1748010148234.0,7715.3,7716.3
1748010149388.0,7716.1,7717.1
1748010149587.0,7715.8,7716.8
1748010150111.0,7715.6,7716.6
1748010150311.0,7715.8,7716.8
1748010150644.0,7716.1,7717.1
1748010150842.0,7716.3,7717.3
1748010151124.0,7716.6,7717.6
1748010151324.0,7717.3,7718.3
1748010152235.0,7717.1,7718.1
1748010152581.0,7716.5,7717.5
1748010152681.0,7716.2,7717.2
1748010153532.0,7716.1,7717.1
1748010155179.0,7716.2,7717.2
1748010156983.0,7716.0,7717.0
1748010157449.0,7716.2,7717.2
1748010157874.0,7716.1,7717.1
1748010158166.0,7716.1,7717.1
1748010158365.0,7715.9,7716.9
1748010158565.0,7716.1,7717.1
1748010158766.0,7715.4,7716.4
1748010159221.0,7715.6,7716.6
1748010159622.0,7714.4,7715.4
1748010159824.0,7714.1,7715.1
1748010161052.0,7714.4,7715.4
1748010161252.0,7714.1,7715.1
1748010161652.0,7714.6,7715.6
1748010162587.0,7714.4,7715.4
1748010162986.0,7714.4,7715.4
1748010163186.0,7714.1,7715.1
1748010163785.0,7714.6,7715.6
1748010164291.0,7714.7,7715.7
1748010164575.0,7715.2,7716.2
1748010164776.0,7715.1,7716.1
1748010164975.0,7714.8,7715.8
1748010165376.0,7714.8,7715.8
1748010165779.0,7715.1,7716.1
1748010165975.0,7714.8,7715.8
1748010166988.0,7715.1,7716.1
1748010167189.0,7712.8,7713.8
1748010167390.0,7713.3,7714.3
1748010167919.0,7713.6,7714.6
1748010168125.0,7713.3,7714.3
1748010168719.0,7712.8,7713.8
1748010169021.0,7712.7,7713.7
1748010169121.0,7713.0,7714.0
1748010169423.0,7712.7,7713.7
1748010169661.0,7713.0,7714.0
1748010169862.0,7712.7,7713.7
1748010170063.0,7713.0,7714.0
1748010170261.0,7712.7,7713.7
1748010171472.0,7712.8,7713.8
1748010171627.0,7712.5,7713.5
1748010172777.0,7712.8,7713.8
1748010172976.0,7712.5,7713.5
1748010173176.0,7713.0,7714.0
1748010173699.0,7713.3,7714.3
1748010174289.0,7713.0,7714.0
1748010174579.0,7713.3,7714.3
1748010174777,,
1748010175373.0,7713.0,7714.0
1748010175846.0,7712.8,7713.8
1748010176245.0,7712.8,7713.8
1748010176520.0,7713.0,7714.0
1748010177371.0,7712.8,7713.8
1748010177571.0,7713.0,7714.0
1748010177811.0,7713.3,7714.3
1748010178412.0,7713.0,7714.0
1748010178877.0,7713.3,7714.3
1748010179080.0,7713.0,7714.0
1748010179279.0,7712.0,7713.0
1748010179676.0,7712.3,7713.3
1748010179876.0,7712.0,7713.0
1748010180783.0,7711.5,7712.5
1748010180984.0,7711.8,7712.8
1748010181182.0,7712.0,7713.0
1748010181769.0,7712.3,7713.3
1748010181975.0,7713.0,7714.0
1748010183090.0,7713.3,7714.3
1748010183289.0,7713.5,7714.5
1748010183489.0,7713.0,7714.0
1748010183689,,
1748010183890.0,7713.3,7714.3
1748010184090.0,7714.0,7715.0
1748010184505.0,7714.8,7715.8
1748010185105.0,7714.5,7715.5
1748010188124.0,7714.8,7715.8
1748010188519.0,7715.5,7716.5
1748010188787.0,7715.8,7716.8
1748010188994.0,7715.5,7716.5
1748010190632.0,7715.8,7716.8
1748010190827.0,7716.5,7717.5
1748010191566.0,7716.8,7717.8
1748010191967.0,7717.3,7718.3
1748010192374.0,7717.5,7718.5
1748010192567.0,7717.8,7718.8
1748010192750.0,7718.0,7719.0
1748010192850.0,7718.2,7719.2
1748010193325.0,7718.0,7719.0
1748010193523.0,7718.2,7719.2
1748010193867.0,7718.5,7719.5
1748010194069.0,7718.2,7719.2
1748010195091.0,7718.0,7719.0
1748010195288.0,7718.2,7719.2
1748010196487.0,7718.2,7719.2
1748010198194.0,7718.0,7719.0
1748010198394.0,7718.2,7719.2
1748010198770.0,7718.0,7719.0
1748010198965.0,7718.2,7719.2
1748010203101.0,7718.5,7719.5
1748010203303.0,7718.2,7719.2
1748010205675.0,7718.5,7719.5
1748010205875.0,7718.7,7719.7
1748010206911,,
1748010207114.0,7720.2,7721.2
1748010207521.0,7720.7,7721.7
1748010208133.0,7721.0,7722.0
1748010208431.0,7720.6,7721.6
1748010208706.0,7720.4,7721.4
1748010208907.0,7719.6,7720.6
1748010209505.0,7720.1,7721.1
1748010209797.0,7720.4,7721.4
1748010210197.0,7720.6,7721.6
1748010210578.0,7720.4,7721.4
1748010210776.0,7720.6,7721.6
1748010210977.0,7720.4,7721.4
1748010211295.0,7720.1,7721.1
1748010211504.0,7720.4,7721.4
1748010211704.0,7720.1,7721.1
1748010212104.0,7720.4,7721.4
1748010212304.0,7720.6,7721.6
1748010214016.0,7720.9,7721.9
1748010214216,,
1748010214416.0,7720.6,7721.6
1748010214894.0,7720.6,7721.6
1748010215093.0,7720.9,7721.9
1748010215628.0,7720.6,7721.6
1748010215827.0,7720.9,7721.9
1748010216256.0,7720.8,7721.8
1748010216428.0,7720.5,7721.5
1748010216627.0,7720.8,7721.8
1748010216826.0,7720.5,7721.5
1748010217205.0,7720.3,7721.3
1748010217406.0,7720.0,7721.0
1748010217667.0,7720.3,7721.3
1748010217867.0,7720.5,7721.5
1748010218068.0,7720.0,7721.0
1748010218511.0,7719.8,7720.8
1748010218792.0,7720.0,7721.0
1748010220463.0,7720.0,7721.0
1748010220977.0,7719.8,7720.8
1748010221179.0,7720.0,7721.0
1748010224906.0,7719.8,7720.8
1748010225111.0,7719.5,7720.5
1748010225521.0,7719.0,7720.0
1748010225707.0,7718.5,7719.5
1748010225906.0,7719.0,7720.0
1748010226450.0,7718.8,7719.8
1748010226848.0,7718.0,7719.0
1748010227051.0,7719.0,7720.0
1748010227850.0,7718.8,7719.8
1748010228054.0,7719.0,7720.0
1748010228579.0,7719.3,7720.3
1748010229027.0,7719.0,7720.0
1748010229225.0,7719.5,7720.5
1748010229426.0,7719.3,7720.3
1748010230697.0,7719.5,7720.5
1748010232959.0,7719.8,7720.8
1748010233158.0,7720.0,7721.0
1748010234316.0,7720.3,7721.3
1748010234517.0,7720.0,7721.0
1748010235914.0,7719.8,7720.8
1748010236117.0,7720.0,7721.0
1748010236315.0,7719.8,7720.8
1748010236936.0,7719.5,7720.5
1748010237145,,
1748010238539.0,7719.3,7720.3
1748010238736.0,7719.0,7720.0
1748010238998.0,7719.3,7720.3
1748010239197.0,7719.5,7720.5
1748010240958.0,7719.6,7720.6
1748010241350.0,7719.9,7720.9
1748010241748.0,7719.6,7720.6
1748010242347.0,7719.9,7720.9
1748010242592.0,7719.6,7720.6
1748010243929.0,7719.7,7720.7
1748010244274.0,7720.0,7721.0
1748010244474.0,7719.7,7720.7
1748010245057.0,7720.0,7721.0
1748010245243.0,7720.2,7721.2
1748010245954.0,7720.0,7721.0
1748010246221.0,7720.2,7721.2
1748010246416,,
1748010246617,,
1748010247078.0,7720.5,7721.5
1748010247279,,
1748010247472.0,7720.7,7721.7
1748010247872.0,7720.2,7721.2
1748010248073.0,7720.7,7721.7
1748010249228.0,7721.0,7722.0
1748010249426.0,7721.5,7722.5
1748010249629.0,7721.2,7722.2
1748010251207.0,7721.1,7722.1
1748010253163.0,7721.2,7722.2
1748010253448.0,7721.0,7722.0
1748010253735.0,7720.7,7721.7
1748010254468.0,7721.0,7722.0
1748010254665.0,7721.2,7722.2
1748010255513.0,7721.3,7722.3
1748010255848.0,7721.6,7722.6
1748010256044.0,7721.3,7722.3
1748010261880.0,7721.1,7722.1
1748010262080.0,7721.3,7722.3
1748010262541.0,7721.8,7722.8
1748010262741.0,7721.3,7722.3
1748010262942.0,7721.6,7722.6
1748010263654.0,7721.3,7722.3
1748010263767.0,7720.8,7721.8
1748010264877.0,7720.6,7721.6
1748010265131.0,7720.8,7721.8
1748010265330,,
1748010268130.0,7721.1,7722.1
1748010268399.0,7721.4,7722.4
1748010269209.0,7721.7,7722.7
1748010269408.0,7721.9,7722.9
1748010269606.0,7722.2,7723.2
1748010269808.0,7721.9,7722.9
1748010270222.0,7722.2,7723.2
1748010270608.0,7721.9,7722.9
1748010271021.0,7721.4,7722.4
1748010274246.0,7721.4,7722.4
1748010276410.0,7721.2,7722.2
1748010276608.0,7720.9,7721.9
1748010277259.0,7721.2,7722.2
1748010277657.0,7720.9,7721.9
1748010278455.0,7721.2,7722.2
1748010278652.0,7721.4,7722.4
1748010278790.0,7721.5,7722.5
1748010279043.0,7721.3,7722.3
1748010279354.0,7721.0,7722.0
1748010279603.0,7721.3,7722.3
1748010280045.0,7721.0,7722.0
1748010280628.0,7721.3,7722.3
1748010281030.0,7721.5,7722.5
1748010283004.0,7721.8,7722.8
1748010283199.0,7721.5,7722.5
1748010284531.0,7721.6,7722.6
1748010285441.0,7721.9,7722.9
1748010285640.0,7722.1,7723.1
