1748008706751.0,14042.4,14047.4
1748008707203.0,14042.9,14047.9
1748008708649.0,14042.4,14047.4
1748008708872.0,14041.9,14046.9
1748008709098.0,14042.9,14047.9
1748008712196.0,14043.4,14048.4
1748008713473.0,14042.9,14047.9
1748008714818.0,14042.4,14047.4
1748008716368,,
1748008719156.0,14041.9,14046.9
1748008719665.0,14042.4,14047.4
1748008719879.0,14041.9,14046.9
1748008720224.0,14041.4,14046.4
1748008720448,,
1748008722019.0,14040.9,14045.9
1748008722242.0,14040.4,14045.4
1748008723206.0,14039.9,14044.9
1748008724575.0,14039.4,14044.4
1748008726522,,
1748008733586.0,14040.4,14045.4
1748008737105.0,14040.9,14045.9
1748008738390.0,14040.4,14045.4
1748008740394,,
1748008740590.0,14038.9,14043.9
1748008741667.0,14038.4,14043.4
1748008743038.0,14037.9,14042.9
1748008743485.0,14038.4,14043.4
1748008743820.0,14037.9,14042.9
1748008745672.0,14037.4,14042.4
1748008746384.0,14036.9,14041.9
1748008746940.0,14036.4,14041.4
1748008748087.0,14036.9,14041.9
1748008755308.0,14038.4,14043.4
1748008755530.0,14038.9,14043.9
1748008756083,,
1748008756259.0,14038.4,14043.4
1748008758968.0,14038.9,14043.9
1748008761411.0,14038.4,14043.4
1748008761637.0,14037.4,14042.4
1748008767185.0,14037.9,14042.9
1748008769418.0,14036.9,14041.9
1748008771743.0,14037.4,14042.4
1748008771967.0,14037.9,14042.9
1748008773717.0,14038.4,14043.4
1748008773939.0,14038.9,14043.9
1748008774167.0,14037.9,14042.9
1748008777242.0,14038.4,14043.4
1748008782099.0,14038.9,14043.9
1748008782324.0,14040.4,14045.4
1748008782871.0,14039.9,14044.9
1748008787991.0,14043.4,14048.4
1748008793424.0,14044.4,14049.4
1748008793647.0,14044.9,14049.9
1748008795119.0,14045.4,14050.4
1748008795343.0,14044.4,14049.4
1748008795573.0,14044.9,14049.9
1748008797296.0,14045.4,14050.4
1748008798398.0,14045.9,14050.9
1748008799817.0,14048.9,14053.9
1748008800120.0,14049.4,14054.4
1748008800268.0,14050.4,14055.4
1748008800491.0,14050.9,14055.9
1748008800717.0,14050.4,14055.4
1748008800942.0,14049.9,14054.9
1748008801168.0,14047.9,14052.9
1748008801617.0,14046.9,14051.9
1748008802691.0,14047.4,14052.4
1748008803149.0,14047.9,14052.9
1748008803366.0,14048.4,14053.4
1748008804068.0,14048.9,14053.9
1748008806161.0,14049.4,14054.4
1748008807965.0,14049.9,14054.9
1748008809889.0,14050.4,14055.4
1748008811105.0,14050.9,14055.9
1748008814559.0,14051.4,14056.4
1748008814799.0,14055.4,14060.4
1748008815081.0,14055.9,14060.9
1748008816807.0,14055.4,14060.4
1748008817031.0,14053.4,14058.4
1748008818776.0,14053.9,14058.9
1748008819005.0,14052.4,14057.4
1748008820267.0,14051.9,14056.9
1748008820490.0,14051.4,14056.4
1748008821538.0,14050.9,14055.9
1748008821764.0,14051.4,14056.4
1748008822245.0,14052.9,14057.9
1748008822470.0,14053.4,14058.4
1748008822697.0,14054.4,14059.4
1748008823669.0,14055.4,14060.4
1748008824164.0,14055.9,14060.9
1748008824389.0,14058.9,14063.9
1748008825088.0,14058.4,14063.4
1748008825312.0,14056.4,14061.4
1748008826110.0,14055.9,14060.9
1748008826559.0,14055.4,14060.4
1748008827781.0,14056.9,14061.9
1748008828073.0,14056.4,14061.4
1748008828298.0,14055.9,14060.9
1748008828720.0,14056.4,14061.4
1748008828939.0,14056.9,14061.9
1748008830503.0,14058.9,14063.9
1748008830716.0,14059.9,14064.9
1748008832815.0,14059.4,14064.4
1748008833039.0,14059.9,14064.9
1748008837836.0,14059.4,14064.4
1748008838060.0,14058.9,14063.9
1748008838286.0,14059.4,14064.4
1748008838511.0,14060.4,14065.4
1748008839697.0,14059.9,14064.9
1748008842537.0,14060.4,14065.4
1748008843698.0,14059.9,14064.9
1748008843921.0,14059.4,14064.4
1748008845158.0,14058.9,14063.9
1748008846734.0,14058.4,14063.4
1748008846955.0,14057.9,14062.9
1748008848167,,
1748008848806.0,14054.9,14059.9
1748008849827.0,14053.4,14058.4
1748008850051.0,14052.9,14057.9
1748008850550.0,14053.4,14058.4
1748008850773.0,14051.9,14056.9
1748008854021.0,14052.4,14057.4
1748008854706.0,14052.9,14057.9
1748008854927.0,14051.9,14056.9
1748008855250.0,14052.4,14057.4
1748008857258.0,14051.9,14056.9
1748008857483.0,14052.4,14057.4
1748008857707.0,14051.4,14056.4
1748008857932.0,14052.4,14057.4
1748008858323.0,14052.9,14057.9
1748008858547.0,14052.4,14057.4
1748008860349.0,14051.9,14056.9
1748008861328.0,14051.4,14056.4
1748008862175.0,14051.9,14056.9
1748008862627.0,14051.4,14056.4
1748008862850.0,14052.4,14057.4
1748008863558.0,14051.4,14056.4
1748008864555.0,14051.9,14056.9
1748008864778.0,14049.9,14054.9
1748008865004.0,14049.4,14054.4
1748008865555.0,14048.9,14053.9
1748008865787.0,14047.4,14052.4
1748008866680.0,14048.9,14053.9
1748008867485.0,14047.9,14052.9
1748008867783.0,14048.4,14053.4
1748008868008.0,14048.9,14053.9
1748008868233.0,14049.9,14054.9
1748008868804.0,14049.4,14054.4
1748008869037.0,14048.9,14053.9
1748008870216.0,14049.4,14054.4
1748008870443.0,14048.9,14053.9
1748008870665.0,14049.4,14054.4
1748008870940.0,14048.9,14053.9
1748008871608.0,14049.4,14054.4
1748008872279.0,14049.9,14054.9
1748008872757.0,14049.4,14054.4
1748008872981.0,14049.9,14054.9
1748008873206.0,14050.9,14055.9
1748008873984.0,14051.4,14056.4
1748008874209.0,14051.9,14056.9
1748008874434.0,14052.4,14057.4
1748008875481.0,14053.9,14058.9
1748008875706.0,14054.9,14059.9
1748008875982.0,14055.4,14060.4
1748008876210.0,14054.9,14059.9
1748008876572.0,14055.4,14060.4
1748008876794.0,14055.9,14060.9
1748008877657.0,14055.4,14060.4
1748008878697.0,14055.9,14060.9
1748008878923.0,14056.4,14061.4
1748008880141.0,14056.9,14061.9
1748008880590.0,14057.9,14062.9
1748008881204.0,14057.4,14062.4
1748008881653.0,14058.4,14063.4
1748008882052.0,14057.9,14062.9
1748008882278.0,14057.4,14062.4
1748008882917.0,14057.9,14062.9
1748008883142.0,14057.4,14062.4
1748008883696.0,14057.9,14062.9
1748008883919,,
1748008884809.0,14058.4,14063.4
1748008885223.0,14058.9,14063.9
1748008886071.0,14058.4,14063.4
1748008886295.0,14059.4,14064.4
1748008886606.0,14059.9,14064.9
1748008886836.0,14060.4,14065.4
1748008888050.0,14060.9,14065.9
1748008888281.0,14062.9,14067.9
1748008888510.0,14061.4,14066.4
1748008890525.0,14061.9,14066.9
1748008891105.0,14061.4,14066.4
1748008891552.0,14060.9,14065.9
1748008892248.0,14061.4,14066.4
1748008893106.0,14060.9,14065.9
1748008893328.0,14060.4,14065.4
1748008894575.0,14059.4,14064.4
1748008894804.0,14057.9,14062.9
1748008895296.0,14057.4,14062.4
1748008895527.0,14056.4,14061.4
1748008895855.0,14055.9,14060.9
1748008896341.0,14056.4,14061.4
1748008896563.0,14056.9,14061.9
1748008896909.0,14057.4,14062.4
1748008897360.0,14056.9,14061.9
1748008898088.0,14057.4,14062.4
1748008898312.0,14056.4,14061.4
1748008898536.0,14055.9,14060.9
1748008898985.0,14056.4,14061.4
1748008899211.0,14055.9,14060.9
1748008899436.0,14056.4,14061.4
1748008900274.0,14056.9,14061.9
1748008900500.0,14057.4,14062.4
1748008900724.0,14056.4,14061.4
1748008901197.0,14056.9,14061.9
1748008901431.0,14057.4,14062.4
1748008901885.0,14056.4,14061.4
1748008902194.0,14056.9,14061.9
1748008902420.0,14057.4,14062.4
1748008902644.0,14056.4,14061.4
1748008902868.0,14057.4,14062.4
1748008904232.0,14056.9,14061.9
1748008904457.0,14057.4,14062.4
1748008906114.0,14055.4,14060.4
1748008906354.0,14054.9,14059.9
1748008906580.0,14055.4,14060.4
1748008907705.0,14053.9,14058.9
1748008909212.0,14054.4,14059.4
1748008910091.0,14053.9,14058.9
1748008910313.0,14053.4,14058.4
1748008910567.0,14053.9,14058.9
1748008911064.0,14054.4,14059.4
1748008912449.0,14053.9,14058.9
1748008913578.0,14054.4,14059.4
1748008914039.0,14053.9,14058.9
1748008914489.0,14054.4,14059.4
1748008915692.0,14054.9,14059.9
1748008916140.0,14055.4,14060.4
1748008917060.0,14054.9,14059.9
1748008917283.0,14054.4,14059.4
1748008921432.0,14054.9,14059.9
1748008921657.0,14056.4,14061.4
1748008922355.0,14055.4,14060.4
1748008922721.0,14055.9,14060.9
1748008923204.0,14056.4,14061.4
1748008923652.0,14057.4,14062.4
1748008924583.0,14057.9,14062.9
1748008925265.0,14058.4,14063.4
1748008925763.0,14057.9,14062.9
1748008925988.0,14057.4,14062.4
1748008926212.0,14057.9,14062.9
1748008926437.0,14058.4,14063.4
1748008926672.0,14057.9,14062.9
1748008926898.0,14057.4,14062.4
1748008929605.0,14057.9,14062.9
1748008930565.0,14057.4,14062.4
1748008930788.0,14057.9,14062.9
1748008932169,,
1748008932268.0,14055.4,14060.4
1748008932634.0,14054.9,14059.9
1748008932859.0,14054.4,14059.4
1748008933083.0,14053.4,14058.4
1748008936382.0,14053.9,14058.9
1748008936605.0,14053.4,14058.4
1748008937334.0,14052.9,14057.9
1748008937955.0,14053.4,14058.4
1748008938178.0,14054.4,14059.4
1748008938405.0,14053.4,14058.4
1748008938643.0,14054.4,14059.4
1748008940706.0,14054.9,14059.9
1748008940931.0,14055.4,14060.4
1748008941391.0,14054.9,14059.9
1748008941615.0,14053.4,14058.4
1748008941841.0,14052.4,14057.4
1748008943307.0,14052.9,14057.9
1748008943544.0,14054.4,14059.4
1748008944116.0,14053.9,14058.9
1748008944340.0,14053.4,14058.4
1748008944932.0,14053.9,14058.9
1748008945156.0,14054.4,14059.4
1748008945403.0,14053.9,14058.9
1748008945629.0,14053.4,14058.4
1748008945849.0,14052.4,14057.4
1748008946969.0,14052.9,14057.9
1748008947194.0,14054.4,14059.4
1748008947696.0,14053.9,14058.9
1748008947921.0,14053.4,14058.4
1748008949262.0,14052.9,14057.9
1748008949486.0,14053.4,14058.4
1748008949998.0,14052.9,14057.9
1748008950223.0,14052.4,14057.4
1748008950450.0,14053.4,14058.4
1748008952731.0,14053.9,14058.9
1748008952955.0,14053.4,14058.4
1748008954851.0,14052.9,14057.9
1748008955084.0,14052.4,14057.4
1748008955717.0,14051.4,14056.4
1748008955941.0,14049.4,14054.4
1748008956952.0,14049.9,14054.9
1748008958526.0,14049.4,14054.4
1748008959324.0,14049.9,14054.9
1748008959547.0,14049.4,14054.4
1748008962265.0,14049.9,14054.9
1748008963933.0,14050.4,14055.4
1748008964566.0,14050.9,14055.9
1748008964790.0,14051.9,14056.9
1748008965204.0,14052.4,14057.4
1748008965649.0,14052.4,14057.4
1748008966099.0,14051.9,14056.9
1748008966324.0,14052.4,14057.4
1748008969115.0,14050.4,14055.4
1748008970696.0,14050.9,14055.9
1748008970920.0,14051.4,14056.4
1748008971723.0,14051.9,14056.9
1748008971945.0,14051.4,14056.4
1748008972171.0,14052.4,14057.4
1748008973534.0,14051.4,14056.4
1748008974149.0,14054.4,14059.4
1748008974809.0,14053.9,14058.9
1748008975368.0,14054.4,14059.4
1748008976396.0,14053.9,14058.9
1748008976620.0,14053.4,14058.4
1748008978383.0,14052.9,14057.9
1748008978610.0,14053.4,14058.4
1748008978832.0,14052.9,14057.9
1748008979057.0,14051.4,14056.4
1748008979899.0,14050.9,14055.9
1748008980124.0,14050.4,14055.4
1748008980347.0,14051.4,14056.4
1748008980811.0,14050.4,14055.4
1748008981037.0,14049.9,14054.9
1748008981260.0,14049.4,14054.4
1748008982571.0,14048.9,14053.9
1748008982793.0,14049.4,14054.4
1748008983116.0,14049.9,14054.9
1748008983341.0,14050.4,14055.4
1748008983566.0,14049.4,14054.4
1748008983852.0,14049.9,14054.9
1748008984076.0,14050.4,14055.4
1748008984486.0,14050.9,14055.9
1748008984711.0,14050.4,14055.4
1748008985067.0,14050.9,14055.9
1748008985292.0,14050.4,14055.4
1748008985743,,
1748008985904.0,14049.4,14054.4
1748008986861.0,14049.9,14054.9
1748008987085.0,14050.4,14055.4
1748008987419.0,14049.9,14054.9
1748008987642.0,14050.4,14055.4
1748008987868.0,14049.4,14054.4
1748008988094.0,14050.4,14055.4
1748008988504.0,14049.9,14054.9
1748008989445.0,14049.4,14054.4
1748008990134.0,14049.9,14054.9
1748008990576.0,14049.4,14054.4
1748008991026.0,14050.4,14055.4
1748008993116.0,14049.9,14054.9
1748008993341.0,14049.4,14054.4
1748008993642.0,14049.9,14054.9
1748008993885.0,14050.4,14055.4
1748008995424.0,14050.9,14055.9
1748008995649.0,14049.9,14054.9
1748008996684.0,14051.4,14056.4
1748008996909.0,14050.4,14055.4
1748008997543.0,14049.9,14054.9
1748008997768.0,14050.4,14055.4
1748008998204.0,14050.9,14055.9
1748008998428.0,14051.4,14056.4
1748008998679.0,14051.9,14056.9
1748008998905.0,14052.4,14057.4
1748009000173.0,14053.4,14058.4
1748009000747.0,14053.9,14058.9
1748009000971.0,14053.4,14058.4
1748009001290.0,14053.9,14058.9
1748009001514.0,14054.4,14059.4
1748009001739.0,14053.4,14058.4
1748009001964.0,14054.4,14059.4
1748009002190.0,14056.4,14061.4
1748009002640.0,14057.4,14062.4
1748009002871.0,14056.4,14061.4
1748009003479.0,14056.9,14061.9
1748009003705.0,14056.4,14061.4
1748009004637.0,14056.9,14061.9
1748009004862.0,14057.4,14062.4
1748009006373.0,14056.9,14061.9
1748009006598.0,14056.4,14061.4
1748009007244.0,14055.9,14060.9
1748009007469.0,14056.4,14061.4
1748009009167.0,14056.9,14061.9
1748009009390.0,14057.4,14062.4
1748009010238.0,14056.9,14061.9
1748009010689.0,14057.4,14062.4
1748009012119.0,14057.9,14062.9
1748009012341.0,14058.4,14063.4
1748009015738.0,14057.9,14062.9
1748009015962.0,14057.4,14062.4
1748009017182.0,14057.9,14062.9
1748009017407.0,14058.4,14063.4
1748009017631.0,14057.4,14062.4
1748009017857.0,14058.4,14063.4
1748009018385.0,14057.9,14062.9
1748009018610.0,14057.4,14062.4
1748009019520.0,14057.9,14062.9
1748009019746.0,14058.4,14063.4
1748009019989.0,14057.9,14062.9
1748009020215.0,14057.4,14062.4
1748009020698.0,14056.4,14061.4
1748009020924.0,14057.4,14062.4
1748009022742.0,14057.9,14062.9
1748009022966.0,14058.4,14063.4
1748009023193.0,14057.4,14062.4
1748009024083.0,14057.9,14062.9
1748009024298.0,14058.4,14063.4
1748009025147.0,14057.9,14062.9
1748009025365.0,14057.4,14062.4
1748009027919.0,14056.9,14061.9
1748009028144.0,14056.4,14061.4
1748009028787.0,14056.9,14061.9
1748009029011.0,14057.9,14062.9
1748009029517.0,14058.4,14063.4
1748009030365.0,14058.9,14063.9
1748009031068.0,14059.4,14064.4
1748009031758.0,14059.9,14064.9
1748009031983.0,14059.4,14064.4
1748009032503.0,14058.9,14063.9
1748009032737.0,14059.4,14064.4
1748009033543.0,14058.9,14063.9
1748009033766.0,14059.4,14064.4
1748009033993.0,14058.9,14063.9
1748009034217.0,14059.4,14064.4
1748009035295.0,14060.4,14065.4
1748009036447.0,14059.4,14064.4
1748009037242.0,14057.4,14062.4
1748009040109.0,14056.9,14061.9
1748009040332.0,14055.4,14060.4
1748009040926.0,14055.9,14060.9
1748009041152.0,14056.4,14061.4
1748009041749.0,14056.9,14061.9
1748009041973.0,14057.4,14062.4
1748009042206.0,14058.4,14063.4
1748009043557.0,14058.9,14063.9
1748009043781.0,14059.4,14064.4
1748009044006.0,14058.4,14063.4
1748009044927.0,14058.9,14063.9
1748009045151.0,14058.4,14063.4
1748009045553.0,14058.9,14063.9
1748009045777.0,14059.4,14064.4
1748009046229.0,14058.9,14063.9
1748009046452.0,14058.4,14063.4
1748009046680.0,14059.4,14064.4
1748009046904.0,14058.9,14063.9
1748009047136.0,14059.4,14064.4
1748009047380.0,14059.9,14064.9
1748009047605.0,14060.4,14065.4
1748009049033.0,14060.9,14065.9
1748009049272.0,14062.9,14067.9
1748009049982.0,14062.4,14067.4
1748009050207.0,14062.9,14067.9
1748009050431.0,14062.4,14067.4
1748009050882.0,14062.4,14067.4
1748009051333.0,14063.4,14068.4
1748009051557.0,14062.9,14067.9
1748009051781.0,14062.4,14067.4
1748009053726.0,14062.9,14067.9
1748009053949.0,14062.4,14067.4
1748009055243.0,14062.9,14067.9
1748009055742.0,14062.4,14067.4
1748009056752.0,14061.9,14066.9
1748009056976.0,14062.4,14067.4
1748009057204.0,14061.4,14066.4
1748009057681.0,14060.9,14065.9
1748009058436.0,14060.4,14065.4
1748009059201.0,14060.9,14065.9
1748009059423.0,14061.4,14066.4
1748009059739.0,14060.9,14065.9
1748009059965.0,14061.4,14066.4
1748009060328.0,14060.9,14065.9
1748009061005.0,14060.4,14065.4
1748009061231.0,14061.4,14066.4
1748009061756.0,14060.4,14065.4
1748009062205.0,14060.9,14065.9
1748009062706.0,14061.4,14066.4
1748009064397.0,14061.9,14066.9
1748009064617.0,14062.4,14067.4
1748009065190.0,14059.9,14064.9
1748009065754.0,14060.4,14065.4
1748009069665.0,14060.9,14065.9
1748009070596.0,14061.4,14066.4
1748009070821.0,14060.9,14065.9
1748009071046.0,14059.9,14064.9
1748009071959.0,14059.4,14064.4
1748009072408.0,14065.4,14070.4
1748009072633.0,14063.4,14068.4
1748009072965.0,14064.4,14069.4
1748009073191.0,14063.9,14068.9
1748009073413.0,14063.4,14068.4
1748009073639.0,14062.4,14067.4
1748009074484.0,14065.4,14070.4
1748009075069.0,14064.9,14069.9
1748009075290.0,14065.4,14070.4
1748009075518.0,14066.4,14071.4
1748009075740.0,14066.9,14071.9
1748009076205.0,14064.9,14069.9
1748009077260.0,14064.4,14069.4
1748009077487,,
1748009078495.0,14063.9,14068.9
1748009079328.0,14063.4,14068.4
1748009079550.0,14064.4,14069.4
1748009079770.0,14063.4,14068.4
1748009079995.0,14060.4,14065.4
1748009080226.0,14062.4,14067.4
1748009080966.0,14062.9,14067.9
1748009081189.0,14063.4,14068.4
1748009081889.0,14063.9,14068.9
1748009082113.0,14064.4,14069.4
1748009082348.0,14063.9,14068.9
1748009083291.0,14064.4,14069.4
1748009084395.0,14063.9,14068.9
1748009084846.0,14064.9,14069.9
1748009087250.0,14064.4,14069.4
1748009087704.0,14063.4,14068.4
1748009087925.0,14062.4,14067.4
1748009088150.0,14061.9,14066.9
1748009088379.0,14062.4,14067.4
1748009088754.0,14062.9,14067.9
1748009089206.0,14062.4,14067.4
1748009089429.0,14063.4,14068.4
1748009093575.0,14062.9,14067.9
1748009093798.0,14062.4,14067.4
1748009094023.0,14062.9,14067.9
1748009094248.0,14062.4,14067.4
1748009095704.0,14062.9,14067.9
1748009095928.0,14063.4,14068.4
1748009096941.0,14062.9,14067.9
1748009097375.0,14062.4,14067.4
1748009097677.0,14062.9,14067.9
1748009097903.0,14063.4,14068.4
1748009098128.0,14062.4,14067.4
1748009103486.0,14063.4,14068.4
1748009103712.0,14064.4,14069.4
1748009104521,,
1748009104741.0,14063.4,14068.4
1748009105116.0,14063.9,14068.9
1748009105342.0,14064.4,14069.4
1748009105676.0,14063.9,14068.9
1748009105904.0,14063.4,14068.4
1748009106479.0,14063.9,14068.9
1748009106930.0,14063.4,14068.4
1748009107996.0,14063.9,14068.9
1748009108220.0,14064.4,14069.4
1748009110099.0,14063.9,14068.9
1748009110323.0,14063.4,14068.4
1748009111505.0,14063.9,14068.9
1748009111727.0,14063.4,14068.4
1748009112135.0,14062.9,14067.9
1748009112360.0,14063.4,14068.4
1748009112696.0,14063.9,14068.9
1748009113878.0,14063.4,14068.4
1748009114107.0,14065.4,14070.4
1748009114327.0,14067.4,14072.4
1748009115168.0,14066.9,14071.9
1748009115393.0,14067.4,14072.4
1748009115907.0,14067.9,14072.9
1748009116130.0,14068.4,14073.4
1748009117020.0,14067.9,14072.9
1748009117244.0,14067.4,14072.4
1748009117766.0,14067.9,14072.9
1748009118216.0,14068.9,14073.9
1748009118441.0,14069.4,14074.4
1748009118666.0,14069.9,14074.9
1748009118893.0,14068.4,14073.4
1748009119115.0,14069.4,14074.4
1748009120051.0,14069.9,14074.9
1748009120504.0,14070.4,14075.4
1748009120729.0,14068.4,14073.4
1748009123225.0,14068.9,14073.9
1748009124057.0,14067.4,14072.4
1748009124372.0,14066.9,14071.9
1748009124595.0,14066.4,14071.4
1748009124937.0,14065.9,14070.9
1748009125177.0,14065.4,14070.4
1748009125479.0,14065.9,14070.9
1748009125704.0,14066.4,14071.4
1748009129688.0,14067.4,14072.4
1748009130105.0,14066.9,14071.9
1748009130326.0,14067.4,14072.4
1748009131698.0,14068.4,14073.4
1748009136220.0,14067.9,14072.9
1748009136443.0,14068.4,14073.4
1748009138448.0,14069.4,14074.4
1748009142292.0,14069.9,14074.9
1748009143084.0,14069.4,14074.4
1748009144571.0,14069.9,14074.9
1748009144795.0,14070.4,14075.4
1748009145831.0,14069.9,14074.9
1748009146295.0,14070.4,14075.4
1748009146518.0,14069.9,14074.9
1748009146744.0,14070.4,14075.4
1748009147450.0,14070.9,14075.9
1748009147899.0,14070.4,14075.4
1748009149744.0,14069.9,14074.9
1748009149967.0,14070.4,14075.4
1748009150288.0,14070.9,14075.9
1748009150511.0,14073.9,14078.9
1748009150731.0,14072.4,14077.4
1748009150956.0,14073.4,14078.4
1748009151182.0,14072.4,14077.4
1748009151407.0,14071.4,14076.4
1748009151897.0,14071.9,14076.9
1748009152121.0,14072.4,14077.4
1748009153735.0,14071.9,14076.9
1748009153961.0,14072.4,14077.4
1748009156679.0,14072.9,14077.9
1748009156902.0,14073.4,14078.4
1748009157646,,
1748009157905,,
1748009158130.0,14078.4,14083.4
1748009158354.0,14077.9,14082.9
1748009158580.0,14076.4,14081.4
1748009158830.0,14075.4,14080.4
1748009159053,,
1748009159281.0,14076.4,14081.4
1748009159506.0,14075.9,14080.9
1748009159731.0,14076.4,14081.4
1748009160315.0,14075.9,14080.9
1748009160540.0,14074.9,14079.9
1748009161739.0,14073.4,14078.4
1748009162184.0,14073.4,14078.4
1748009162408.0,14072.4,14077.4
1748009163489.0,14072.9,14077.9
1748009163713.0,14071.9,14076.9
1748009163939.0,14071.4,14076.4
1748009164250.0,14071.9,14076.9
1748009164475.0,14072.4,14077.4
1748009164698.0,14073.4,14078.4
1748009166167.0,14072.9,14077.9
1748009166618.0,14073.4,14078.4
1748009167737.0,14072.9,14077.9
1748009167963.0,14071.4,14076.4
1748009168389.0,14070.9,14075.9
1748009168613.0,14070.4,14075.4
1748009168839.0,14070.9,14075.9
1748009169693.0,14072.4,14077.4
1748009170475,,
1748009170574.0,14073.4,14078.4
1748009171170.0,14074.4,14079.4
1748009171723.0,14073.4,14078.4
1748009173377.0,14073.9,14078.9
1748009173605.0,14075.4,14080.4
1748009174345.0,14074.4,14079.4
1748009174570.0,14074.9,14079.9
1748009174780.0,14075.4,14080.4
1748009175506.0,14075.4,14080.4
1748009176022.0,14074.9,14079.9
1748009176246.0,14074.4,14079.4
1748009177057.0,14074.9,14079.9
1748009177281.0,14075.4,14080.4
1748009177510.0,14077.4,14082.4
1748009178445.0,14076.9,14081.9
1748009178670.0,14076.4,14081.4
1748009179114.0,14076.9,14081.9
1748009179345.0,14077.4,14082.4
1748009180433.0,14077.9,14082.9
1748009180886.0,14077.4,14082.4
1748009181758.0,14076.9,14081.9
1748009181981.0,14076.4,14081.4
1748009183061.0,14076.9,14081.9
1748009183285.0,14076.4,14081.4
1748009183746.0,14075.9,14080.9
1748009183971.0,14075.4,14080.4
1748009184373.0,14074.9,14079.9
1748009184598.0,14074.4,14079.4
1748009185336.0,14073.9,14078.9
1748009185785.0,14076.4,14081.4
1748009186009.0,14075.4,14080.4
1748009186233.0,14074.4,14079.4
1748009186458.0,14073.4,14078.4
1748009186791.0,14073.9,14078.9
1748009187015.0,14074.4,14079.4
1748009187468.0,14074.9,14079.9
1748009187690.0,14074.4,14079.4
1748009187914,,
1748009189278.0,14073.9,14078.9
1748009189505.0,14073.4,14078.4
1748009189721.0,14075.4,14080.4
1748009189946.0,14074.4,14079.4
1748009190403.0,14074.9,14079.9
1748009190626.0,14075.4,14080.4
1748009192626.0,14074.9,14079.9
1748009193282.0,14075.4,14080.4
1748009194623.0,14074.9,14079.9
1748009194848.0,14075.4,14080.4
1748009197049.0,14073.9,14078.9
1748009197275.0,14073.4,14078.4
1748009199089.0,14072.9,14077.9
1748009199898.0,14073.4,14078.4
1748009200436.0,14072.9,14077.9
1748009200660.0,14072.4,14077.4
1748009203553.0,14071.9,14076.9
1748009203777.0,14072.4,14077.4
1748009204371.0,14072.9,14077.9
1748009204595.0,14073.4,14078.4
1748009205892.0,14072.9,14077.9
1748009206116.0,14072.4,14077.4
1748009206390.0,14072.9,14077.9
1748009206613.0,14072.4,14077.4
1748009207725.0,14072.9,14077.9
1748009207947.0,14072.4,14077.4
1748009208182.0,14071.9,14076.9
1748009208792.0,14071.4,14076.4
1748009209879.0,14071.9,14076.9
1748009210105.0,14072.4,14077.4
1748009211587.0,14072.9,14077.9
1748009212261.0,14073.4,14078.4
1748009216163.0,14072.9,14077.9
1748009216387.0,14073.4,14078.4
1748009217899.0,14072.9,14077.9
1748009218122.0,14070.4,14075.4
1748009218964.0,14070.9,14075.9
1748009219186.0,14071.4,14076.4
1748009219415.0,14070.4,14075.4
1748009219830.0,14070.9,14075.9
1748009220055.0,14071.4,14076.4
1748009220505.0,14072.4,14077.4
1748009222803.0,14072.9,14077.9
1748009223028.0,14073.4,14078.4
1748009223527.0,14073.9,14078.9
1748009223746.0,14074.4,14079.4
1748009224728.0,14074.9,14079.9
1748009224952.0,14075.4,14080.4
1748009225176.0,14074.4,14079.4
1748009225404.0,14074.9,14079.9
1748009226137.0,14073.9,14078.9
1748009226878.0,14074.4,14079.4
1748009227692.0,14074.9,14079.9
1748009227922.0,14075.9,14080.9
1748009228141.0,14075.4,14080.4
1748009228369.0,14074.4,14079.4
1748009229226.0,14074.9,14079.9
1748009229452.0,14075.4,14080.4
1748009229677.0,14074.4,14079.4
1748009230127.0,14072.9,14077.9
1748009230368.0,14073.4,14078.4
1748009230593.0,14072.9,14077.9
1748009230818.0,14073.9,14078.9
1748009231043.0,14074.4,14079.4
1748009232778.0,14074.9,14079.9
1748009233003.0,14074.4,14079.4
1748009233678.0,14074.9,14079.9
1748009233906.0,14075.4,14080.4
1748009234547.0,14075.9,14080.9
1748009234997.0,14076.4,14081.4
1748009235220.0,14075.4,14080.4
1748009235678.0,14073.4,14078.4
1748009236186.0,14072.9,14077.9
1748009236412.0,14071.4,14076.4
1748009236678.0,14071.9,14076.9
1748009237324.0,14072.4,14077.4
1748009237778.0,14071.4,14076.4
1748009238512.0,14070.9,14075.9
1748009238736.0,14069.4,14074.4
1748009240634.0,14069.9,14074.9
1748009240859.0,14070.4,14075.4
1748009242737.0,14070.9,14075.9
1748009242962.0,14071.4,14076.4
1748009243187.0,14070.9,14075.9
1748009243536.0,14071.4,14076.4
1748009244155.0,14070.9,14075.9
1748009244379.0,14070.4,14075.4
1748009245219.0,14069.9,14074.9
1748009245438.0,14070.4,14075.4
1748009246049.0,14070.9,14075.9
1748009246503.0,14070.4,14075.4
1748009247752.0,14069.9,14074.9
1748009247976.0,14068.9,14073.9
1748009248204.0,14069.4,14074.4
1748009249270.0,14068.9,14073.9
1748009249490.0,14068.4,14073.4
1748009250597.0,14067.4,14072.4
1748009251537.0,14068.4,14073.4
1748009252300.0,14067.9,14072.9
1748009252523.0,14068.4,14073.4
1748009253262.0,14068.9,14073.9
1748009254297.0,14068.4,14073.4
1748009254747.0,14068.9,14073.9
1748009254972.0,14068.4,14073.4
1748009255590.0,14068.9,14073.9
1748009255814.0,14068.4,14073.4
1748009256466.0,14068.9,14073.9
1748009256690.0,14069.4,14074.4
1748009258314.0,14068.9,14073.9
1748009258539.0,14069.4,14074.4
1748009260720.0,14069.9,14074.9
1748009260945.0,14070.4,14075.4
1748009261405.0,14070.9,14075.9
1748009261629.0,14071.4,14076.4
1748009261852.0,14072.4,14077.4
1748009262831.0,14071.4,14076.4
1748009263056.0,14072.4,14077.4
1748009263827.0,14072.9,14077.9
1748009264052.0,14073.4,14078.4
1748009265343.0,14072.9,14077.9
1748009265565.0,14072.4,14077.4
1748009270678.0,14072.9,14077.9
1748009270902.0,14072.4,14077.4
1748009271352.0,14072.4,14077.4
1748009271990.0,14072.9,14077.9
1748009272213.0,14073.4,14078.4
1748009274966.0,14073.9,14078.9
1748009275189.0,14074.4,14079.4
1748009276170.0,14074.9,14079.9
1748009276393.0,14075.4,14080.4
1748009277598.0,14075.9,14080.9
1748009278068.0,14075.4,14080.4
1748009278532.0,14072.9,14077.9
1748009280275.0,14072.4,14077.4
1748009280786.0,14071.9,14076.9
1748009281011.0,14072.4,14077.4
1748009281236.0,14074.4,14079.4
1748009281463.0,14073.4,14078.4
1748009282105.0,14073.9,14078.9
1748009282329.0,14073.4,14078.4
1748009282618.0,14073.9,14078.9
1748009282842.0,14073.4,14078.4
1748009283068.0,14074.4,14079.4
1748009283291.0,14073.9,14078.9
1748009283739.0,14074.4,14079.4
1748009284188.0,14073.9,14078.9
1748009285106.0,14073.4,14078.4
1748009285326.0,14073.9,14078.9
1748009285553.0,14074.4,14079.4
1748009286722.0,14073.9,14078.9
1748009286946.0,14074.4,14079.4
1748009287171.0,14073.9,14078.9
1748009287733.0,14074.4,14079.4
1748009288352.0,14074.9,14079.9
1748009288846.0,14074.4,14079.4
1748009289530.0,14074.9,14079.9
1748009289753.0,14074.4,14079.4
1748009290725.0,14073.9,14078.9
1748009291481.0,14074.4,14079.4
1748009293437.0,14073.4,14078.4
1748009294235.0,14072.9,14077.9
1748009294459.0,14071.4,14076.4
1748009295116.0,14071.9,14076.9
1748009295339.0,14072.4,14077.4
1748009295835.0,14071.9,14076.9
1748009296061.0,14071.4,14076.4
1748009296918.0,14070.9,14075.9
1748009297144.0,14070.4,14075.4
1748009297923.0,14071.4,14076.4
1748009298151.0,14070.4,14075.4
1748009298578.0,14070.9,14075.9
1748009298804.0,14070.4,14075.4
1748009299349.0,14070.9,14075.9
1748009299799.0,14071.4,14076.4
1748009300024.0,14070.9,14075.9
1748009300247.0,14070.4,14075.4
1748009300536.0,14070.9,14075.9
1748009300760.0,14071.4,14076.4
1748009301598.0,14070.9,14075.9
1748009301836.0,14071.4,14076.4
1748009302344.0,14070.9,14075.9
1748009302961.0,14070.4,14075.4
1748009303410.0,14069.4,14074.4
1748009305387.0,14068.9,14073.9
1748009305611,,
1748009305894.0,14068.4,14073.4
1748009306118.0,14067.9,14072.9
1748009306343.0,14068.4,14073.4
1748009309638.0,14067.9,14072.9
1748009309864.0,14067.4,14072.4
1748009310088.0,14066.9,14071.9
1748009310540.0,14067.4,14072.4
1748009310990.0,14066.4,14071.4
1748009311216.0,14067.4,14072.4
1748009311927.0,14067.9,14072.9
1748009312162.0,14068.4,14073.4
1748009314453.0,14068.9,14073.9
1748009314903.0,14069.4,14074.4
1748009315372.0,14069.9,14074.9
1748009315821.0,14070.4,14075.4
1748009316045.0,14069.4,14074.4
1748009316970.0,14069.9,14074.9
1748009317196.0,14069.4,14074.4
1748009317646.0,14071.4,14076.4
1748009318968.0,14071.9,14076.9
1748009319208.0,14071.4,14076.4
1748009319825.0,14070.9,14075.9
1748009320273.0,14071.4,14076.4
1748009320844.0,14070.9,14075.9
1748009321297.0,14072.4,14077.4
1748009323654.0,14072.9,14077.9
1748009323879.0,14073.4,14078.4
1748009324364.0,14073.9,14078.9
1748009324588.0,14074.4,14079.4
1748009326769.0,14073.9,14078.9
1748009326993.0,14073.4,14078.4
1748009327218.0,14074.4,14079.4
1748009327557.0,14073.9,14078.9
1748009327783.0,14073.4,14078.4
1748009328360.0,14073.9,14078.9
1748009329423.0,14074.4,14079.4
1748009329873.0,14073.9,14078.9
1748009330324.0,14074.4,14079.4
1748009331115.0,14074.9,14079.9
1748009331338.0,14075.4,14080.4
1748009331927.0,14075.9,14080.9
1748009332163.0,14076.9,14081.9
1748009332377.0,14077.4,14082.4
1748009332604.0,14078.4,14083.4
1748009332879.0,14077.9,14082.9
1748009333105.0,14077.4,14082.4
1748009333839.0,14077.9,14082.9
1748009334289.0,14078.9,14083.9
1748009334521.0,14080.4,14085.4
1748009334739.0,14079.4,14084.4
1748009335171.0,14078.9,14083.9
1748009335395.0,14078.4,14083.4
1748009335862.0,14077.9,14082.9
1748009336088.0,14077.4,14082.4
1748009337225.0,14077.9,14082.9
1748009337449.0,14078.4,14083.4
1748009337674.0,14079.4,14084.4
1748009337916.0,14080.4,14085.4
1748009347158,,
1748009347258.0,14077.9,14082.9
1748009347713.0,14074.4,14079.4
1748009347938.0,14075.4,14080.4
1748009348276.0,14074.9,14079.9
1748009348503.0,14074.4,14079.4
1748009349154.0,14073.4,14078.4
1748009349605.0,14073.9,14078.9
1748009349830.0,14073.4,14078.4
1748009350187.0,14073.9,14078.9
1748009351187.0,14073.4,14078.4
1748009351411.0,14072.4,14077.4
1748009352531.0,14072.9,14077.9
1748009352981.0,14072.4,14077.4
1748009354452.0,14072.9,14077.9
1748009354675.0,14073.4,14078.4
1748009355209.0,14073.9,14078.9
1748009355434.0,14074.4,14079.4
1748009356273.0,14073.9,14078.9
1748009356498.0,14073.4,14078.4
1748009356725.0,14074.4,14079.4
1748009357809.0,14073.9,14078.9
1748009358034.0,14074.4,14079.4
1748009358518.0,14073.9,14078.9
1748009358981.0,14073.4,14078.4
1748009359430.0,14072.9,14077.9
1748009359655.0,14073.4,14078.4
1748009359887.0,14072.9,14077.9
1748009360252.0,14073.4,14078.4
1748009360478.0,14071.4,14076.4
1748009361173.0,14071.9,14076.9
1748009361398.0,14071.4,14076.4
1748009362132.0,14071.9,14076.9
1748009362355.0,14072.4,14077.4
1748009362580.0,14073.4,14078.4
1748009364339.0,14073.9,14078.9
1748009365049.0,14074.4,14079.4
1748009366084.0,14073.9,14078.9
1748009366307.0,14073.4,14078.4
1748009366588.0,14073.9,14078.9
1748009366813.0,14074.4,14079.4
1748009367039.0,14073.9,14078.9
1748009367344.0,14074.4,14079.4
1748009367792.0,14073.4,14078.4
1748009368202.0,14073.9,14078.9
1748009368423.0,14074.4,14079.4
1748009368649.0,14073.9,14078.9
1748009369070.0,14073.4,14078.4
1748009369295,,
1748009370655.0,14073.9,14078.9
1748009370880.0,14074.4,14079.4
1748009372112.0,14075.4,14080.4
1748009372681.0,14074.9,14079.9
1748009372904.0,14074.4,14079.4
1748009374227.0,14073.9,14078.9
1748009374475.0,14073.4,14078.4
1748009375319.0,14072.4,14077.4
1748009375808.0,14072.9,14077.9
1748009376046.0,14072.4,14077.4
1748009378170.0,14071.4,14076.4
1748009378395.0,14072.4,14077.4
1748009378842.0,14072.9,14077.9
1748009379068.0,14072.4,14077.4
1748009380907.0,14071.9,14076.9
1748009381138.0,14071.4,14076.4
1748009381348.0,14070.4,14075.4
1748009385204.0,14070.9,14075.9
1748009385424.0,14071.4,14076.4
1748009385648.0,14070.4,14075.4
1748009386680.0,14070.9,14075.9
1748009386904.0,14071.4,14076.4
1748009387698.0,14070.9,14075.9
1748009388955.0,14071.4,14076.4
1748009389183.0,14070.9,14075.9
1748009389404.0,14069.4,14074.4
1748009390440.0,14069.9,14074.9
1748009390662.0,14070.4,14075.4
1748009391109.0,14069.9,14074.9
1748009391328.0,14070.4,14075.4
1748009391555.0,14069.4,14074.4
1748009392536.0,14068.9,14073.9
1748009392763.0,14069.4,14074.4
1748009393938.0,14068.9,14073.9
1748009394163.0,14067.4,14072.4
1748009395060.0,14067.9,14072.9
1748009395284.0,14067.4,14072.4
1748009395824.0,14067.9,14072.9
1748009396026.0,14068.4,14073.4
1748009396406.0,14067.9,14072.9
1748009396633.0,14067.4,14072.4
1748009396857.0,14068.4,14073.4
1748009397141.0,14067.9,14072.9
1748009397365.0,14067.4,14072.4
1748009397864.0,14067.9,14072.9
1748009398124.0,14067.4,14072.4
1748009399469.0,14066.9,14071.9
1748009399692.0,14066.4,14071.4
1748009399915.0,14065.4,14070.4
1748009400147.0,14064.9,14069.9
1748009400371.0,14064.4,14069.4
1748009401394.0,14064.9,14069.9
1748009401618.0,14064.4,14069.4
1748009401843.0,14065.4,14070.4
1748009402716.0,14064.9,14069.9
1748009402939.0,14064.4,14069.4
1748009403310.0,14064.9,14069.9
1748009403532.0,14065.4,14070.4
1748009403757.0,14064.4,14069.4
1748009404214.0,14064.4,14069.4
1748009404433.0,14063.9,14068.9
1748009404657.0,14064.4,14069.4
1748009405594.0,14064.9,14069.9
1748009406042.0,14065.4,14070.4
1748009407103.0,14064.9,14069.9
1748009407550.0,14065.4,14070.4
1748009408119.0,14064.9,14069.9
1748009408353.0,14065.4,14070.4
1748009409145.0,14065.9,14070.9
1748009409373.0,14068.4,14073.4
1748009412380.0,14067.9,14072.9
1748009412829.0,14067.4,14072.4
1748009414551.0,14066.9,14071.9
1748009414776.0,14066.4,14071.4
1748009415522.0,14066.9,14071.9
1748009415745.0,14066.4,14071.4
1748009415970.0,14065.4,14070.4
1748009416592.0,14064.9,14069.9
1748009416816.0,14064.4,14069.4
1748009417880.0,14062.4,14067.4
1748009418105.0,14060.9,14065.9
1748009418332.0,14062.4,14067.4
1748009418867.0,14061.9,14066.9
1748009419104.0,14061.4,14066.4
1748009419340.0,14060.9,14065.9
1748009419565.0,14060.4,14065.4
1748009419795.0,14060.9,14065.9
1748009420019.0,14060.4,14065.4
1748009420368.0,14060.9,14065.9
1748009421092.0,14060.4,14065.4
1748009421315.0,14062.4,14067.4
1748009424615.0,14062.9,14067.9
1748009424840.0,14063.4,14068.4
1748009425065.0,14062.4,14067.4
1748009426894.0,14062.9,14067.9
1748009427120.0,14063.4,14068.4
1748009428197.0,14063.9,14068.9
1748009428697.0,14064.4,14069.4
1748009429197.0,14063.9,14068.9
1748009429643.0,14064.4,14069.4
1748009429869.0,14063.9,14068.9
1748009430095.0,14063.4,14068.4
1748009430503.0,14063.9,14068.9
1748009430726.0,14063.4,14068.4
1748009430951.0,14063.9,14068.9
1748009431176.0,14064.4,14069.4
1748009431869.0,14062.4,14067.4
1748009432583.0,14062.9,14067.9
1748009432807.0,14062.4,14067.4
1748009434602.0,14062.9,14067.9
1748009435052.0,14062.4,14067.4
1748009435499.0,14062.9,14067.9
1748009435818.0,14062.4,14067.4
1748009436403.0,14062.9,14067.9
1748009436802.0,14062.4,14067.4
1748009437472.0,14062.9,14067.9
1748009437697.0,14062.4,14067.4
1748009439225.0,14061.9,14066.9
1748009439448.0,14061.4,14066.4
1748009440629.0,14061.9,14066.9
1748009440855.0,14062.4,14067.4
1748009441235.0,14062.9,14067.9
1748009441458.0,14063.4,14068.4
1748009441842.0,14062.9,14067.9
1748009442066.0,14062.4,14067.4
1748009443330.0,14063.4,14068.4
1748009444086.0,14062.9,14067.9
1748009444314.0,14062.4,14067.4
1748009444552.0,14061.9,14066.9
1748009444772.0,14063.4,14068.4
1748009445625.0,14063.9,14068.9
1748009445849.0,14064.4,14069.4
1748009446510.0,14064.9,14069.9
1748009446734.0,14065.4,14070.4
1748009447822.0,14064.9,14069.9
1748009448046.0,14064.4,14069.4
1748009448272.0,14064.9,14069.9
1748009448794.0,14065.4,14070.4
1748009449857.0,14065.9,14070.9
1748009450088.0,14066.4,14071.4
1748009450308.0,14066.9,14071.9
1748009450758.0,14066.9,14071.9
1748009450982.0,14067.4,14072.4
1748009451282.0,14067.9,14072.9
1748009451507,,
1748009451732.0,14067.4,14072.4
1748009452821.0,14066.9,14071.9
1748009453046.0,14066.4,14071.4
1748009453291.0,14064.4,14069.4
1748009453607.0,14063.4,14068.4
1748009454417.0,14062.9,14067.9
1748009454644.0,14062.4,14067.4
1748009455600.0,14061.9,14066.9
1748009455823.0,14061.4,14066.4
1748009456121.0,14061.9,14066.9
1748009456346.0,14062.4,14067.4
1748009458916,,
1748009459016.0,14060.9,14065.9
1748009460394.0,14060.4,14065.4
1748009460843.0,14058.9,14063.9
1748009461482.0,14059.9,14064.9
1748009461705.0,14059.4,14064.4
1748009462173.0,14059.4,14064.4
1748009462397.0,14058.9,14063.9
1748009462622.0,14059.4,14064.4
1748009463474.0,14058.9,14063.9
1748009464104.0,14059.4,14064.4
1748009464956.0,14058.9,14063.9
1748009465179.0,14057.4,14062.4
1748009465405.0,14058.4,14063.4
1748009465904.0,14058.9,14063.9
1748009466152.0,14059.4,14064.4
1748009466993.0,14058.4,14063.4
1748009467223.0,14059.4,14064.4
1748009467432.0,14058.9,14063.9
1748009467658.0,14059.4,14064.4
1748009467886.0,14058.4,14063.4
1748009469082.0,14058.9,14063.9
1748009469307.0,14060.4,14065.4
1748009470587.0,14059.9,14064.9
1748009470811.0,14059.4,14064.4
1748009472350.0,14058.9,14063.9
1748009472574.0,14059.4,14064.4
1748009473471.0,14058.9,14063.9
1748009474074.0,14058.4,14063.4
1748009475227.0,14057.9,14062.9
1748009475963.0,14058.4,14063.4
1748009476627.0,14058.9,14063.9
1748009477092.0,14059.4,14064.4
1748009478881.0,14059.9,14064.9
1748009479104.0,14060.4,14065.4
1748009481084.0,14058.4,14063.4
1748009482649.0,14057.9,14062.9
1748009483860.0,14058.4,14063.4
1748009484089.0,14058.9,14063.9
1748009484312.0,14059.9,14064.9
1748009485478.0,14059.4,14064.4
1748009486171.0,14059.9,14064.9
1748009486387.0,14059.4,14064.4
1748009486686.0,14058.9,14063.9
1748009486910.0,14057.9,14062.9
1748009487137.0,14055.9,14060.9
1748009489396.0,14055.4,14060.4
1748009489620.0,14054.9,14059.9
1748009493370.0,14055.4,14060.4
1748009494182.0,14054.9,14059.9
1748009494406.0,14054.4,14059.4
1748009495012.0,14054.9,14059.9
1748009495236.0,14055.4,14060.4
1748009496309.0,14054.9,14059.9
1748009496760.0,14055.9,14060.9
1748009497087.0,14056.4,14061.4
1748009497305.0,14055.9,14060.9
1748009497727.0,14056.4,14061.4
1748009498354.0,14056.9,14061.9
1748009498578.0,14057.4,14062.4
1748009498804.0,14056.4,14061.4
1748009500734.0,14055.9,14060.9
1748009500957.0,14055.4,14060.4
1748009503129,,
1748009503261.0,14056.4,14061.4
1748009504017.0,14055.9,14060.9
1748009504467.0,14056.4,14061.4
1748009505540.0,14055.9,14060.9
1748009505764.0,14056.4,14061.4
1748009506426.0,14055.9,14060.9
1748009506652.0,14056.4,14061.4
1748009508172.0,14057.4,14062.4
1748009510358.0,14057.9,14062.9
1748009510809.0,14058.4,14063.4
1748009513245.0,14058.9,14063.9
1748009513469.0,14059.4,14064.4
1748009513695.0,14058.9,14063.9
1748009515178.0,14059.4,14064.4
1748009515829.0,14058.9,14063.9
1748009516309.0,14056.4,14061.4
1748009518548.0,14056.9,14061.9
1748009518772.0,14057.4,14062.4
1748009520372.0,14056.9,14061.9
1748009520597.0,14056.4,14061.4
1748009521386.0,14055.9,14060.9
1748009521611.0,14055.4,14060.4
1748009521836.0,14055.9,14060.9
1748009522090.0,14056.4,14061.4
1748009522313.0,14055.4,14060.4
1748009522538.0,14055.9,14060.9
1748009522764.0,14056.4,14061.4
1748009523778.0,14057.4,14062.4
1748009525346.0,14056.9,14061.9
1748009525575.0,14056.4,14061.4
1748009527582.0,14055.9,14060.9
1748009527810.0,14056.4,14061.4
1748009529920.0,14057.9,14062.9
1748009530184.0,14058.4,14063.4
1748009530693.0,14058.9,14063.9
1748009530917.0,14059.4,14064.4
1748009531764,,
1748009533159.0,14058.9,14063.9
1748009533384.0,14058.4,14063.4
1748009533836.0,14058.9,14063.9
1748009534111.0,14059.4,14064.4
1748009534553,,
1748009535249.0,14058.9,14063.9
1748009535474.0,14059.4,14064.4
1748009538071.0,14060.9,14065.9
1748009538895.0,14061.4,14066.4
1748009539120.0,14062.4,14067.4
1748009539345.0,14061.4,14066.4
1748009539663.0,14061.9,14066.9
1748009539882.0,14062.9,14067.9
1748009540124.0,14065.4,14070.4
1748009540443.0,14065.9,14070.9
1748009540671.0,14068.9,14073.9
1748009540894.0,14067.4,14072.4
1748009541118.0,14066.9,14071.9
1748009541342.0,14066.4,14071.4
1748009541948.0,14066.9,14071.9
1748009542171.0,14066.4,14071.4
1748009543577.0,14066.9,14071.9
1748009543804.0,14066.4,14071.4
1748009544253.0,14066.9,14071.9
1748009544476,,
1748009546473.0,14067.4,14072.4
1748009546710.0,14068.4,14073.4
1748009548185.0,14066.4,14071.4
1748009548551.0,14067.4,14072.4
1748009548998.0,14066.4,14071.4
1748009549558.0,14065.9,14070.9
1748009549782.0,14065.4,14070.4
1748009550007.0,14065.9,14070.9
1748009550232.0,14065.4,14070.4
1748009550457.0,14066.4,14071.4
1748009550907.0,14067.4,14072.4
1748009551131.0,14066.9,14071.9
1748009551436.0,14067.4,14072.4
1748009551889.0,14067.9,14072.9
1748009552126.0,14068.4,14073.4
1748009552713.0,14068.9,14073.9
1748009552938.0,14070.4,14075.4
1748009553240,,
1748009553419.0,14069.4,14074.4
1748009553642.0,14070.4,14075.4
1748009553868.0,14069.9,14074.9
1748009554093.0,14070.4,14075.4
1748009554319.0,14071.4,14076.4
1748009555659.0,14071.9,14076.9
1748009555904.0,14072.4,14077.4
1748009556976.0,14071.9,14076.9
1748009557210.0,14071.4,14076.4
1748009557573.0,14071.9,14076.9
1748009558024.0,14072.9,14077.9
1748009558248.0,14072.4,14077.4
1748009558566.0,14072.9,14077.9
1748009558789.0,14072.4,14077.4
1748009561005.0,14072.9,14077.9
1748009561230.0,14073.4,14078.4
1748009561455.0,14072.9,14077.9
1748009561680.0,14072.4,14077.4
1748009561907.0,14072.9,14077.9
1748009562354.0,14072.4,14077.4
1748009562580.0,14071.9,14076.9
1748009562807.0,14072.4,14077.4
1748009563256.0,14073.4,14078.4
1748009563479.0,14072.4,14077.4
1748009566183.0,14071.9,14076.9
1748009566408.0,14072.4,14077.4
1748009566688.0,14072.9,14077.9
1748009566926.0,14074.4,14079.4
1748009567137.0,14072.9,14077.9
1748009567359.0,14073.4,14078.4
1748009568289.0,14072.9,14077.9
1748009569112.0,14073.4,14078.4
1748009569579.0,14073.9,14078.9
1748009570050.0,14074.4,14079.4
1748009570935.0,14073.9,14078.9
1748009571159.0,14074.4,14079.4
1748009571384.0,14074.9,14079.9
1748009571688.0,14075.4,14080.4
1748009571913.0,14074.9,14079.9
1748009572137.0,14075.4,14080.4
1748009572999.0,14074.9,14079.9
1748009573224.0,14074.4,14079.4
1748009573448.0,14073.9,14078.9
1748009573673.0,14074.4,14079.4
1748009575151.0,14074.9,14079.9
1748009575375.0,14075.4,14080.4
1748009576210.0,14075.9,14080.9
1748009576426.0,14076.4,14081.4
1748009576654.0,14075.4,14080.4
1748009577268.0,14075.9,14080.9
1748009577493.0,14076.4,14081.4
1748009577716.0,14075.4,14080.4
1748009579136.0,14075.9,14080.9
1748009579360.0,14075.4,14080.4
1748009580004.0,14074.9,14079.9
1748009580228.0,14075.4,14080.4
1748009580527.0,14074.9,14079.9
1748009580749.0,14074.4,14079.4
1748009580975.0,14075.4,14080.4
1748009581217.0,14075.9,14080.9
1748009581906.0,14075.4,14080.4
1748009582357.0,14075.9,14080.9
1748009582579.0,14076.4,14081.4
1748009583405.0,14075.9,14080.9
1748009583629.0,14075.4,14080.4
1748009586912.0,14075.9,14080.9
1748009587874,,
1748009587975.0,14077.4,14082.4
1748009588963.0,14077.9,14082.9
1748009589188.0,14077.4,14082.4
1748009590189,,
1748009590538.0,14074.4,14079.4
1748009590765.0,14075.4,14080.4
1748009591224.0,14074.9,14079.9
1748009591446.0,14074.4,14079.4
1748009591935.0,14073.9,14078.9
1748009592158.0,14073.4,14078.4
1748009592518.0,14073.9,14078.9
1748009593004.0,14073.4,14078.4
1748009593226.0,14072.4,14077.4
1748009593610.0,14072.9,14077.9
1748009593834.0,14073.4,14078.4
1748009594060.0,14071.4,14076.4
1748009594284.0,14072.4,14077.4
1748009594749.0,14073.4,14078.4
1748009595480.0,14073.9,14078.9
1748009595706.0,14074.4,14079.4
1748009596421.0,14073.9,14078.9
1748009596646.0,14073.4,14078.4
1748009596871.0,14073.9,14078.9
1748009597120.0,14074.4,14079.4
1748009597344.0,14073.9,14078.9
1748009597569.0,14073.4,14078.4
1748009597942.0,14072.9,14077.9
1748009598170.0,14073.4,14078.4
1748009598813.0,14072.9,14077.9
1748009599051.0,14071.9,14076.9
1748009600150.0,14072.4,14077.4
1748009601289.0,14071.9,14076.9
1748009601512.0,14071.4,14076.4
1748009604761.0,14070.9,14075.9
1748009604983.0,14069.9,14074.9
1748009605207.0,14070.4,14075.4
1748009606280.0,14069.9,14074.9
1748009606504.0,14069.4,14074.4
1748009607687.0,14069.9,14074.9
1748009607910.0,14070.4,14075.4
1748009610287.0,14069.9,14074.9
1748009610511.0,14069.4,14074.4
1748009611558.0,14068.4,14073.4
1748009616072.0,14068.9,14073.9
1748009616294.0,14069.4,14074.4
1748009616744.0,14068.9,14073.9
1748009616968.0,14068.4,14073.4
1748009617194.0,14067.4,14072.4
1748009618967.0,14067.9,14072.9
1748009619415.0,14067.9,14072.9
1748009619645.0,14068.4,14073.4
1748009620198.0,14068.9,14073.9
1748009620421.0,14069.4,14074.4
1748009621478.0,14070.4,14075.4
1748009621877.0,14070.9,14075.9
1748009622104.0,14071.4,14076.4
1748009622689,,
1748009622936.0,14071.9,14076.9
1748009623383.0,14071.4,14076.4
1748009623862.0,14070.9,14075.9
1748009624087.0,14071.4,14076.4
1748009624313.0,14070.4,14075.4
1748009624787.0,14070.9,14075.9
1748009625025.0,14071.4,14076.4
1748009625319.0,14071.9,14076.9
1748009625543.0,14072.4,14077.4
1748009626948.0,14072.9,14077.9
1748009627173.0,14073.4,14078.4
1748009628467.0,14072.9,14077.9
1748009629424.0,14073.4,14078.4
1748009630985,,
1748009631158.0,14072.4,14077.4
1748009631417.0,14071.9,14076.9
1748009631642.0,14071.4,14076.4
1748009632080.0,14070.9,14075.9
1748009632312.0,14070.4,14075.4
1748009634611.0,14069.9,14074.9
1748009634833.0,14070.4,14075.4
1748009635524.0,14069.9,14074.9
1748009635975.0,14070.4,14075.4
1748009636198.0,14069.9,14074.9
1748009636421.0,14070.4,14075.4
1748009637208.0,14069.4,14074.4
1748009638109.0,14068.9,14073.9
1748009638333.0,14068.4,14073.4
1748009638580.0,14067.9,14072.9
1748009638806.0,14067.4,14072.4
1748009639030.0,14066.4,14071.4
1748009639255.0,14067.4,14072.4
1748009640021.0,14067.9,14072.9
1748009640695.0,14066.9,14071.9
1748009641163.0,14066.4,14071.4
1748009641386.0,14065.4,14070.4
1748009641612.0,14066.4,14071.4
1748009643087.0,14065.9,14070.9
1748009643309.0,14065.4,14070.4
1748009643936.0,14065.9,14070.9
1748009644387.0,14066.4,14071.4
1748009645043.0,14065.9,14070.9
1748009645267.0,14066.4,14071.4
1748009645973.0,14065.9,14070.9
1748009646197.0,14065.4,14070.4
1748009646491.0,14064.9,14069.9
1748009646714.0,14065.4,14070.4
1748009647708.0,14061.9,14066.9
1748009651547.0,14062.4,14067.4
1748009651772.0,14064.4,14069.4
1748009652033.0,14064.9,14069.9
1748009653344.0,14064.4,14069.4
1748009653568.0,14063.9,14068.9
1748009655083.0,14064.4,14069.4
1748009655308.0,14064.9,14069.9
1748009655695.0,14064.4,14069.4
1748009656555.0,14064.9,14069.9
1748009656780.0,14064.4,14069.4
1748009657453.0,14064.9,14069.9
1748009657678.0,14065.4,14070.4
1748009658366.0,14064.9,14069.9
1748009658591.0,14064.4,14069.4
1748009658815.0,14063.4,14068.4
1748009659278.0,14062.9,14067.9
1748009659503.0,14062.4,14067.4
1748009659728.0,14061.9,14066.9
1748009659953.0,14061.4,14066.4
1748009660549.0,14060.9,14065.9
1748009660773.0,14060.4,14065.4
1748009660997.0,14060.9,14065.9
1748009661223.0,14060.4,14065.4
1748009661447.0,14060.9,14065.9
1748009661804.0,14060.4,14065.4
1748009662250.0,14059.4,14064.4
1748009662874.0,14059.9,14064.9
1748009663098.0,14059.4,14064.4
1748009663750.0,14059.9,14064.9
1748009663975.0,14060.9,14065.9
1748009664504.0,14060.4,14065.4
1748009664728.0,14059.4,14064.4
1748009664953.0,14060.4,14065.4
1748009665593.0,14059.9,14064.9
1748009665819.0,14059.4,14064.4
1748009666458.0,14058.9,14063.9
1748009666681.0,14058.4,14063.4
1748009667082.0,14058.9,14063.9
1748009667304.0,14058.4,14063.4
1748009669671.0,14058.9,14063.9
1748009669897.0,14059.4,14064.4
1748009670700.0,14059.9,14064.9
1748009671468.0,14060.4,14065.4
1748009671917.0,14059.4,14064.4
1748009673463.0,14059.9,14064.9
1748009673911.0,14060.4,14065.4
1748009674136.0,14059.9,14064.9
1748009674726.0,14059.4,14064.4
1748009675174.0,14059.9,14064.9
1748009675625.0,14060.4,14065.4
1748009675942.0,14059.9,14064.9
1748009676387.0,14060.4,14065.4
1748009676764.0,14059.9,14064.9
1748009676989.0,14059.4,14064.4
1748009677916.0,14059.9,14064.9
1748009678642.0,14060.4,14065.4
1748009679215.0,14059.9,14064.9
1748009680062.0,14060.4,14065.4
1748009681314.0,14060.9,14065.9
1748009681540.0,14061.4,14066.4
1748009682270.0,14062.4,14067.4
1748009682494.0,14061.9,14066.9
1748009685239.0,14062.4,14067.4
1748009685461.0,14061.9,14066.9
1748009685687.0,14061.4,14066.4
1748009686860.0,14061.9,14066.9
1748009687086.0,14062.4,14067.4
1748009687797.0,14061.9,14066.9
1748009688308.0,14062.4,14067.4
1748009688861.0,14061.9,14066.9
1748009689086.0,14062.4,14067.4
1748009689308.0,14061.9,14066.9
1748009689766.0,14062.4,14067.4
1748009690704.0,14061.9,14066.9
1748009691562.0,14061.4,14066.4
1748009692142.0,14061.9,14066.9
1748009692366.0,14062.4,14067.4
1748009693467.0,14061.9,14066.9
1748009693691.0,14061.4,14066.4
1748009695293.0,14062.4,14067.4
1748009695848.0,14061.9,14066.9
1748009696073.0,14060.9,14065.9
1748009697543.0,14060.4,14065.4
1748009697993.0,14061.4,14066.4
1748009698217.0,14060.4,14065.4
1748009698446.0,14059.4,14064.4
1748009698679.0,14059.9,14064.9
1748009699130.0,14060.4,14065.4
1748009700150.0,14059.9,14064.9
1748009700374.0,14059.4,14064.4
1748009700747.0,14059.9,14064.9
1748009700971.0,14060.4,14065.4
1748009703499.0,14059.9,14064.9
1748009703724.0,14059.4,14064.4
1748009705159.0,14059.9,14064.9
1748009705871.0,14060.4,14065.4
1748009707136.0,14060.9,14065.9
1748009707586.0,14061.4,14066.4
1748009708082.0,14060.9,14065.9
1748009708306.0,14060.4,14065.4
1748009708529.0,14059.4,14064.4
1748009708759.0,14059.9,14064.9
1748009709428.0,14059.4,14064.4
1748009709969.0,14059.9,14064.9
1748009710190.0,14059.4,14064.4
1748009710970.0,14059.9,14064.9
1748009711193.0,14059.4,14064.4
1748009712097.0,14058.9,14063.9
1748009712320.0,14058.4,14063.4
1748009712717.0,14058.9,14063.9
1748009712942.0,14059.4,14064.4
1748009714311.0,14058.9,14063.9
1748009714986.0,14059.4,14064.4
1748009716782.0,14058.9,14063.9
1748009717008.0,14059.4,14064.4
1748009717231.0,14060.4,14065.4
1748009717457.0,14061.4,14066.4
1748009718072.0,14061.9,14066.9
1748009718669.0,14061.4,14066.4
1748009720393.0,14061.9,14066.9
1748009720618.0,14062.4,14067.4
1748009722038.0,14065.4,14070.4
1748009722396.0,14065.9,14070.9
1748009722609.0,14066.4,14071.4
1748009723149.0,14065.9,14070.9
1748009723377.0,14065.4,14070.4
1748009723598.0,14064.4,14069.4
1748009724112.0,14063.9,14068.9
1748009724336.0,14063.4,14068.4
1748009724647.0,14062.9,14067.9
1748009724889.0,14062.4,14067.4
1748009725930.0,14061.9,14066.9
1748009726381.0,14061.4,14066.4
1748009726830.0,14061.9,14066.9
1748009727057.0,14062.4,14067.4
1748009727572.0,14061.9,14066.9
1748009727797.0,14061.4,14066.4
1748009728021.0,14061.9,14066.9
1748009728247.0,14062.4,14067.4
1748009728962.0,14061.9,14066.9
1748009729203.0,14062.4,14067.4
1748009730349.0,14062.9,14067.9
1748009731018.0,14063.4,14068.4
1748009731956.0,14062.9,14067.9
1748009732179.0,14062.4,14067.4
1748009733824.0,14061.9,14066.9
1748009734049,,
1748009734498.0,14061.9,14066.9
1748009734949.0,14062.4,14067.4
1748009735172.0,14061.9,14066.9
1748009735441.0,14061.4,14066.4
1748009736808.0,14061.9,14066.9
1748009737031.0,14061.4,14066.4
1748009737746.0,14062.9,14067.9
1748009738028.0,14063.4,14068.4
1748009740230.0,14062.9,14067.9
1748009740454.0,14062.4,14067.4
1748009741611.0,14062.9,14067.9
1748009741840.0,14062.4,14067.4
1748009742112.0,14061.9,14066.9
1748009742327.0,14061.4,14066.4
1748009743019.0,14060.9,14065.9
1748009743245.0,14059.4,14064.4
1748009743469,,
1748009744333.0,14058.9,14063.9
1748009744566.0,14057.4,14062.4
1748009746316.0,14057.9,14062.9
1748009746540.0,14058.4,14063.4
1748009746992.0,14058.9,14063.9
1748009747219.0,14059.4,14064.4
1748009747441.0,14060.4,14065.4
1748009749017.0,14060.9,14065.9
1748009749856.0,14061.4,14066.4
1748009750306.0,14060.4,14065.4
1748009753185.0,14059.4,14064.4
1748009754547.0,14058.4,14063.4
1748009755569.0,14058.9,14063.9
1748009755793.0,14059.4,14064.4
1748009756234.0,14059.9,14064.9
1748009756459.0,14059.4,14064.4
1748009757715.0,14059.9,14064.9
1748009757940.0,14060.4,14065.4
1748009759967.0,14059.9,14064.9
1748009760431.0,14059.4,14064.4
1748009760853.0,14058.9,14063.9
1748009761305.0,14057.4,14062.4
1748009763784.0,14056.9,14061.9
1748009764008.0,14057.4,14062.4
1748009764743.0,14056.9,14061.9
1748009764968.0,14057.4,14062.4
1748009765764.0,14056.9,14061.9
1748009765989.0,14057.4,14062.4
1748009766818.0,14056.9,14061.9
1748009767042.0,14057.4,14062.4
1748009767516.0,14056.9,14061.9
1748009768072.0,14057.4,14062.4
1748009769010.0,14056.9,14061.9
1748009770083.0,14057.4,14062.4
1748009772189.0,14057.9,14062.9
1748009772413.0,14058.4,14063.4
1748009773051.0,14057.9,14062.9
1748009773275.0,14057.4,14062.4
1748009775358.0,14056.9,14061.9
1748009775583.0,14056.4,14061.4
1748009776419.0,14057.4,14062.4
1748009778749.0,14056.9,14061.9
1748009779199.0,14056.4,14061.4
1748009781512.0,14055.9,14060.9
1748009781734.0,14056.4,14061.4
1748009782541.0,14056.9,14061.9
1748009782764.0,14058.9,14063.9
1748009782988.0,14059.4,14064.4
1748009783213.0,14058.4,14063.4
1748009783438.0,14057.4,14062.4
1748009786789.0,14057.9,14062.9
1748009787014.0,14057.4,14062.4
1748009789092.0,14056.9,14061.9
1748009789316.0,14056.4,14061.4
1748009790505.0,14055.4,14060.4
1748009790730.0,14056.4,14061.4
1748009791177.0,14055.9,14060.9
1748009791398.0,14056.4,14061.4
1748009792120.0,14055.9,14060.9
1748009792821.0,14055.4,14060.4
1748009793271.0,14055.9,14060.9
1748009793495.0,14055.4,14060.4
1748009794982.0,14054.9,14059.9
1748009795231.0,14054.4,14059.4
1748009796230.0,14054.9,14059.9
1748009796681.0,14055.4,14060.4
1748009797536.0,14055.9,14060.9
1748009797760,,
1748009798032.0,14055.4,14060.4
1748009798259.0,14054.4,14059.4
1748009800520.0,14054.9,14059.9
1748009800745.0,14055.4,14060.4
1748009801421.0,14056.4,14061.4
1748009801773.0,14056.9,14061.9
1748009801996.0,14056.4,14061.4
1748009803774.0,14055.9,14060.9
1748009804004.0,14056.4,14061.4
1748009804926.0,14055.9,14060.9
1748009805151.0,14055.4,14060.4
1748009805674.0,14054.4,14059.4
1748009806119.0,14054.9,14059.9
1748009806343.0,14054.4,14059.4
1748009808040.0,14055.4,14060.4
1748009808924.0,14054.9,14059.9
1748009809148.0,14054.4,14059.4
1748009809467.0,14054.9,14059.9
1748009809693.0,14054.4,14059.4
1748009811688.0,14053.9,14058.9
1748009812139.0,14054.4,14059.4
1748009812703.0,14053.9,14058.9
1748009812895.0,14054.4,14059.4
1748009815506.0,14056.4,14061.4
1748009815754.0,14055.9,14060.9
1748009815977.0,14055.4,14060.4
1748009816531.0,14054.9,14059.9
1748009816755.0,14055.4,14060.4
1748009817253.0,14054.9,14059.9
1748009817478.0,14055.4,14060.4
1748009818503.0,14054.4,14059.4
1748009822279.0,14054.9,14059.9
1748009823951.0,14054.4,14059.4
1748009825767.0,14053.4,14058.4
1748009826451.0,14053.9,14058.9
1748009826677.0,14052.9,14057.9
1748009826904.0,14052.4,14057.4
1748009827314.0,14052.9,14057.9
1748009827539.0,14053.4,14058.4
1748009827860.0,14052.9,14057.9
1748009828096.0,14052.4,14057.4
1748009828404.0,14052.9,14057.9
1748009828629.0,14053.4,14058.4
1748009828849.0,14052.4,14057.4
1748009829075.0,14054.4,14059.4
1748009829607.0,14053.9,14058.9
1748009829832.0,14053.4,14058.4
1748009831031.0,14052.4,14057.4
1748009831256.0,14051.4,14056.4
1748009831541.0,14051.9,14056.9
1748009831778.0,14052.4,14057.4
1748009834324.0,14051.4,14056.4
1748009834784.0,14050.9,14055.9
1748009835233.0,14051.4,14056.4
1748009836017.0,14051.9,14056.9
1748009836240.0,14052.4,14057.4
1748009836465.0,14050.4,14055.4
1748009836839.0,14050.9,14055.9
1748009837063.0,14051.9,14056.9
1748009837287.0,14051.4,14056.4
1748009837603.0,14051.9,14056.9
1748009837828.0,14051.4,14056.4
1748009838273.0,14051.9,14056.9
1748009838498.0,14051.4,14056.4
1748009838816.0,14051.9,14056.9
1748009839265.0,14051.4,14056.4
1748009841118.0,14050.9,14055.9
1748009841343.0,14050.4,14055.4
1748009842326,,
1748009844211.0,14050.9,14055.9
1748009844661.0,14050.4,14055.4
1748009846266.0,14049.9,14054.9
1748009846715.0,14049.4,14054.4
1748009846940.0,14050.4,14055.4
1748009847644.0,14050.9,14055.9
1748009847869.0,14050.4,14055.4
1748009849974.0,14049.9,14054.9
1748009850199.0,14049.4,14054.4
1748009850898.0,14049.9,14054.9
1748009851121.0,14050.4,14055.4
1748009852350.0,14050.9,14055.9
1748009852863.0,14050.4,14055.4
1748009853313.0,14048.4,14053.4
1748009854983.0,14047.9,14052.9
1748009855208.0,14048.4,14053.4
1748009855492.0,14047.9,14052.9
1748009855714.0,14048.4,14053.4
1748009856567.0,14047.9,14052.9
1748009856789.0,14047.4,14052.4
1748009857298.0,14047.9,14052.9
1748009857522.0,14047.4,14052.4
1748009857746.0,14047.9,14052.9
1748009857972.0,14048.4,14053.4
1748009858196.0,14047.4,14052.4
1748009858934.0,14047.9,14052.9
1748009859160.0,14047.4,14052.4
1748009859938.0,14046.9,14051.9
1748009860162,,
1748009860388.0,14047.4,14052.4
1748009860986.0,14046.9,14051.9
1748009861435.0,14046.4,14051.4
1748009862466.0,14046.9,14051.9
1748009862691.0,14047.4,14052.4
1748009864191.0,14047.9,14052.9
1748009864642.0,14048.4,14053.4
1748009865421.0,14047.9,14052.9
1748009871457.0,14046.4,14051.4
1748009875267.0,14046.9,14051.9
1748009876024.0,14046.4,14051.4
1748009876574.0,14045.9,14050.9
1748009876798.0,14045.4,14050.4
1748009877023.0,14045.9,14050.9
1748009877333.0,14045.4,14050.4
1748009877787.0,14044.9,14049.9
1748009878009.0,14044.4,14049.4
1748009883594.0,14044.9,14049.9
1748009883820.0,14044.4,14049.4
1748009884044.0,14045.9,14050.9
1748009884268.0,14046.4,14051.4
1748009884614.0,14046.9,14051.9
1748009884839.0,14047.4,14052.4
1748009885174.0,14047.9,14052.9
1748009885392.0,14047.4,14052.4
1748009886396.0,14047.9,14052.9
1748009886846.0,14047.4,14052.4
1748009887205.0,14046.9,14051.9
1748009887413.0,14047.4,14052.4
1748009887645.0,14046.4,14051.4
1748009888670.0,14046.9,14051.9
1748009888894.0,14047.4,14052.4
1748009889237.0,14046.9,14051.9
1748009889461.0,14046.4,14051.4
1748009890303.0,14046.9,14051.9
1748009890525.0,14046.4,14051.4
1748009891529.0,14045.9,14050.9
1748009891756.0,14045.4,14050.4
1748009893095.0,14045.9,14050.9
1748009893319.0,14046.4,14051.4
1748009894481.0,14045.9,14050.9
1748009894708.0,14046.4,14051.4
1748009895497.0,14046.9,14051.9
1748009896204.0,14047.4,14052.4
1748009896428.0,14046.4,14051.4
1748009897199.0,14046.9,14051.9
1748009897424.0,14046.4,14051.4
1748009897654.0,14046.9,14051.9
1748009898586.0,14046.4,14051.4
1748009899037.0,14046.9,14051.9
1748009899260.0,14046.4,14051.4
1748009899812.0,14046.9,14051.9
1748009900036.0,14046.4,14051.4
1748009900656.0,14046.9,14051.9
1748009902328.0,14047.4,14052.4
1748009904020.0,14046.9,14051.9
1748009904243.0,14046.4,14051.4
1748009906403,,
1748009910729.0,14046.9,14051.9
1748009910954.0,14046.4,14051.4
1748009912510.0,14045.9,14050.9
1748009912733.0,14045.4,14050.4
1748009915894.0,14044.4,14049.4
1748009920119,,
1748009920335.0,14045.4,14050.4
1748009921221.0,14044.9,14049.9
1748009921448.0,14045.4,14050.4
1748009923318.0,14045.9,14050.9
1748009923540.0,14046.4,14051.4
1748009924375.0,14046.9,14051.9
1748009924599.0,14045.4,14050.4
1748009928987.0,14044.4,14049.4
1748009929219.0,14045.4,14050.4
1748009929818.0,14044.9,14049.9
1748009930042.0,14044.4,14049.4
1748009931106.0,14044.9,14049.9
1748009931330.0,14045.4,14050.4
1748009932042,,
1748009936927.0,14044.9,14049.9
1748009937159.0,14044.4,14049.4
1748009939235.0,14043.9,14048.9
1748009939455.0,14043.4,14048.4
1748009940432.0,14043.9,14048.9
1748009940734.0,14043.4,14048.4
1748009940957.0,14044.4,14049.4
1748009941428.0,14044.9,14049.9
1748009941651.0,14044.4,14049.4
1748009941877.0,14044.9,14049.9
1748009942169.0,14044.4,14049.4
1748009942836.0,14043.9,14048.9
1748009943312.0,14043.4,14048.4
1748009943803.0,14042.9,14047.9
1748009944251.0,14043.4,14048.4
1748009944475.0,14042.9,14047.9
1748009945814.0,14043.4,14048.4
1748009946049.0,14042.9,14047.9
1748009946808.0,14043.4,14048.4
1748009947531.0,14042.9,14047.9
1748009947756.0,14043.4,14048.4
1748009948373.0,14043.9,14048.9
1748009948603.0,14044.4,14049.4
1748009948823.0,14045.4,14050.4
1748009949050.0,14044.9,14049.9
1748009949273.0,14044.4,14049.4
1748009950081.0,14044.9,14049.9
1748009950779.0,14044.4,14049.4
1748009952051.0,14044.9,14049.9
1748009952502.0,14044.4,14049.4
1748009952725.0,14044.9,14049.9
1748009952950.0,14044.4,14049.4
1748009953174,,
1748009955076.0,14043.9,14048.9
1748009955302.0,14043.4,14048.4
1748009956232.0,14043.9,14048.9
1748009956458.0,14044.4,14049.4
1748009956891.0,14043.9,14048.9
1748009957115.0,14043.4,14048.4
1748009958672.0,14043.9,14048.9
1748009958896.0,14044.4,14049.4
1748009959595.0,14043.4,14048.4
1748009960784.0,14042.9,14047.9
1748009961008.0,14042.4,14047.4
1748009961234.0,14042.9,14047.9
1748009962470.0,14042.4,14047.4
1748009963147.0,14042.9,14047.9
1748009963735.0,14043.4,14048.4
1748009966013.0,14043.9,14048.9
1748009967322.0,14043.4,14048.4
1748009967546.0,14042.9,14047.9
1748009970464.0,14042.4,14047.4
1748009970688.0,14041.9,14046.9
1748009972115.0,14041.4,14046.4
1748009974760.0,14042.9,14047.9
1748009977450.0,14042.4,14047.4
1748009977673.0,14041.9,14046.9
1748009981103.0,14041.4,14046.4
1748009981325.0,14041.9,14046.9
1748009981909.0,14041.4,14046.4
1748009987834.0,14038.9,14043.9
1748009990229.0,14039.4,14044.4
1748009990943,,
1748009991917.0,14038.9,14043.9
1748009992367.0,14038.4,14043.4
1748009992698.0,14038.9,14043.9
1748009993148.0,14038.4,14043.4
1748009994192.0,14038.9,14043.9
1748009994413.0,14038.4,14043.4
1748009995266.0,14037.9,14042.9
1748009995906.0,14037.4,14042.4
1748009996558.0,14037.9,14042.9
1748009996783.0,14038.4,14043.4
1748009997854.0,14039.4,14044.4
1748010000025.0,14037.5,14042.5
1748010001580.0,14037.0,14042.0
1748010001804.0,14036.5,14041.5
1748010002469.0,14037.0,14042.0
1748010002919.0,14036.5,14041.5
1748010004832.0,14037.0,14042.0
1748010005069.0,14038.5,14043.5
1748010005285.0,14040.0,14045.0
1748010005512.0,14039.5,14044.5
1748010005738.0,14038.5,14043.5
1748010006343.0,14038.0,14043.0
1748010006579.0,14036.0,14041.0
1748010007217.0,14035.5,14040.5
1748010007439.0,14036.0,14041.0
1748010007656.0,14035.5,14040.5
1748010008223.0,14036.0,14041.0
1748010008674.0,14036.5,14041.5
1748010009067.0,14037.0,14042.0
1748010009292.0,14037.5,14042.5
1748010009949.0,14038.0,14043.0
1748010010173.0,14038.5,14043.5
1748010010788.0,14039.0,14044.0
1748010011013.0,14039.5,14044.5
1748010012711.0,14039.0,14044.0
1748010013869.0,14039.5,14044.5
1748010014824.0,14039.0,14044.0
1748010015049.0,14039.5,14044.5
1748010016362.0,14039.0,14044.0
1748010016813.0,14039.5,14044.5
1748010018573.0,14040.0,14045.0
1748010019024.0,14039.0,14044.0
1748010019247.0,14039.5,14044.5
1748010020745.0,14039.0,14044.0
1748010020969.0,14038.5,14043.5
1748010021491.0,14038.0,14043.0
1748010021714.0,14037.5,14042.5
1748010022608.0,14037.0,14042.0
1748010022832.0,14036.5,14041.5
1748010023066.0,14036.0,14041.0
1748010023281.0,14035.5,14040.5
1748010023689.0,14036.0,14041.0
1748010023916.0,14036.5,14041.5
1748010025045.0,14037.0,14042.0
1748010025269.0,14037.5,14042.5
1748010026125.0,14038.0,14043.0
1748010026349.0,14038.5,14043.5
1748010026575.0,14037.5,14042.5
1748010027073.0,14038.0,14043.0
1748010027298.0,14037.5,14042.5
1748010027564.0,14038.0,14043.0
1748010028015.0,14038.0,14043.0
1748010028240.0,14038.5,14043.5
1748010028464.0,14039.5,14044.5
1748010030229.0,14040.0,14045.0
1748010031177.0,14040.5,14045.5
1748010032556.0,14040.5,14045.5
1748010033625.0,14040.0,14045.0
1748010033847.0,14039.5,14044.5
1748010034331.0,14040.0,14045.0
1748010034555.0,14040.5,14045.5
1748010036344.0,14040.0,14045.0
1748010036568.0,14040.5,14045.5
1748010038588.0,14040.0,14045.0
1748010039038.0,14040.5,14045.5
1748010040092.0,14040.0,14045.0
1748010040316.0,14039.5,14044.5
1748010040767.0,14040.5,14045.5
1748010042420.0,14041.0,14046.0
1748010042644,,
1748010043160.0,14040.5,14045.5
1748010043661.0,14041.0,14046.0
1748010043933.0,14041.5,14046.5
1748010044907.0,14041.0,14046.0
1748010045129.0,14040.5,14045.5
1748010045791.0,14040.0,14045.0
1748010046016.0,14039.5,14044.5
1748010049393.0,14040.0,14045.0
1748010049618.0,14040.5,14045.5
1748010049987.0,14040.0,14045.0
1748010050212.0,14040.5,14045.5
1748010050869.0,14040.0,14045.0
1748010052078.0,14040.5,14045.5
1748010052528.0,14039.5,14044.5
1748010052873.0,14040.0,14045.0
1748010053323.0,14041.0,14046.0
1748010055286.0,14040.5,14045.5
1748010055510.0,14039.5,14044.5
1748010055790.0,14039.0,14044.0
1748010056239.0,14039.5,14044.5
1748010056507.0,14040.0,14045.0
1748010057979.0,14040.5,14045.5
1748010058205.0,14042.0,14047.0
1748010058428.0,14042.5,14047.5
1748010058654.0,14041.5,14046.5
1748010059332.0,14042.0,14047.0
1748010059555.0,14042.5,14047.5
1748010061003.0,14042.0,14047.0
1748010061224.0,14041.5,14046.5
1748010061448.0,14040.5,14045.5
1748010061762.0,14041.0,14046.0
1748010062317.0,14041.5,14046.5
1748010062537.0,14040.5,14045.5
1748010062994.0,14041.5,14046.5
1748010063212.0,14040.5,14045.5
1748010063904.0,14041.0,14046.0
1748010064682.0,14041.5,14046.5
1748010065856.0,14042.0,14047.0
1748010066078.0,14041.5,14046.5
1748010066971,,
1748010068195.0,14042.0,14047.0
1748010069772.0,14041.5,14046.5
1748010070184.0,14042.0,14047.0
1748010070409.0,14041.5,14046.5
1748010071276.0,14041.0,14046.0
1748010071504.0,14040.0,14045.0
1748010072577.0,14041.0,14046.0
1748010072805.0,14040.5,14045.5
1748010074528.0,14041.0,14046.0
1748010074750.0,14040.5,14045.5
1748010074976.0,14039.5,14044.5
1748010075239.0,14039.0,14044.0
1748010075466.0,14038.5,14043.5
1748010078083.0,14039.0,14044.0
1748010078309.0,14040.5,14045.5
1748010078532.0,14040.0,14045.0
1748010078756.0,14039.5,14044.5
1748010080103.0,14040.0,14045.0
1748010080325.0,14039.5,14044.5
1748010082794.0,14039.0,14044.0
1748010083018.0,14039.5,14044.5
1748010083925.0,14039.0,14044.0
1748010084155.0,14038.5,14043.5
1748010084382.0,14039.5,14044.5
1748010088938.0,14040.0,14045.0
1748010089162.0,14040.5,14045.5
1748010090125.0,14040.0,14045.0
1748010090348.0,14039.5,14044.5
1748010094139.0,14040.0,14045.0
1748010094365.0,14039.5,14044.5
1748010094589.0,14040.0,14045.0
1748010095030.0,14039.5,14044.5
1748010095992.0,14040.0,14045.0
1748010096583.0,14039.5,14044.5
1748010096811.0,14040.5,14045.5
1748010097285.0,14040.0,14045.0
1748010097509.0,14039.5,14044.5
1748010104385.0,14040.5,14045.5
1748010104660.0,14040.0,14045.0
1748010104885.0,14039.5,14044.5
1748010105230.0,14040.0,14045.0
1748010105454.0,14040.5,14045.5
1748010106155.0,14040.0,14045.0
1748010106376.0,14039.5,14044.5
1748010106603.0,14040.5,14045.5
1748010108299.0,14041.0,14046.0
1748010108521.0,14041.5,14046.5
1748010110802.0,14042.0,14047.0
1748010111024.0,14042.5,14047.5
1748010111871.0,14043.0,14048.0
1748010112096.0,14044.5,14049.5
1748010112320.0,14045.5,14050.5
1748010112917.0,14046.0,14051.0
1748010113141.0,14046.5,14051.5
1748010118427.0,14047.0,14052.0
1748010118651.0,14047.5,14052.5
1748010118875.0,14046.5,14051.5
1748010120183.0,14047.0,14052.0
1748010120405.0,14046.5,14051.5
1748010120631.0,14047.5,14052.5
1748010121203.0,14047.0,14052.0
1748010121421.0,14047.5,14052.5
1748010121941.0,14048.5,14053.5
1748010122172.0,14050.0,14055.0
1748010122404.0,14049.5,14054.5
1748010122621.0,14051.5,14056.5
1748010123213.0,14051.0,14056.0
1748010123436.0,14050.5,14055.5
1748010123678.0,14051.0,14056.0
1748010123904.0,14051.5,14056.5
1748010124667.0,14052.0,14057.0
1748010124891.0,14054.5,14059.5
1748010125652.0,14055.0,14060.0
1748010125876.0,14054.5,14059.5
1748010126668.0,14054.0,14059.0
1748010126892.0,14054.5,14059.5
1748010127270.0,14055.0,14060.0
1748010127720.0,14055.5,14060.5
1748010128603.0,14056.0,14061.0
1748010128828.0,14057.5,14062.5
1748010129431.0,14058.0,14063.0
1748010129662.0,14060.5,14065.5
1748010130346.0,14060.0,14065.0
1748010130795.0,14060.5,14065.5
1748010131994.0,14062.5,14067.5
1748010132211.0,14061.5,14066.5
1748010132436.0,14062.0,14067.0
1748010134146.0,14062.5,14067.5
1748010135599.0,14063.0,14068.0
1748010136743.0,14063.5,14068.5
1748010137194.0,14064.5,14069.5
1748010137660.0,14065.5,14070.5
1748010138179.0,14065.0,14070.0
1748010138404.0,14065.5,14070.5
1748010141770.0,14065.0,14070.0
1748010142497.0,14065.5,14070.5
1748010143740.0,14064.5,14069.5
1748010143938.0,14063.5,14068.5
1748010144193.0,14064.0,14069.0
1748010144416.0,14064.5,14069.5
1748010144641.0,14063.5,14068.5
1748010145540.0,14064.0,14069.0
1748010145762.0,14064.5,14069.5
1748010147883.0,14065.0,14070.0
1748010148333.0,14064.5,14069.5
1748010149218.0,14065.0,14070.0
1748010149456.0,14065.5,14070.5
1748010150645.0,14066.0,14071.0
1748010150868.0,14066.5,14071.5
1748010151156.0,14067.0,14072.0
1748010151379.0,14067.5,14072.5
1748010152077.0,14066.5,14071.5
1748010152306.0,14066.0,14071.0
1748010153853.0,14066.5,14071.5
1748010157657.0,14067.0,14072.0
1748010157875.0,14067.5,14072.5
1748010158997.0,14067.0,14072.0
1748010159459.0,14066.5,14071.5
1748010159683.0,14065.0,14070.0
1748010159907.0,14063.5,14068.5
1748010164417.0,14064.0,14069.0
1748010165280.0,14063.5,14068.5
1748010167010.0,14064.0,14069.0
1748010167236.0,14060.5,14065.5
1748010167459.0,14061.5,14066.5
1748010167941.0,14062.0,14067.0
1748010168164.0,14062.5,14067.5
1748010168542.0,14062.0,14067.0
1748010168766.0,14060.5,14065.5
1748010168991.0,14061.5,14066.5
1748010169383.0,14061.0,14066.0
1748010169840.0,14060.5,14065.5
1748010170065.0,14061.0,14066.0
1748010170290.0,14060.5,14065.5
1748010170903.0,14061.0,14066.0
1748010171705.0,14062.5,14067.5
1748010173074.0,14063.0,14068.0
1748010173297.0,14063.5,14068.5
1748010174716.0,14064.0,14069.0
1748010174940.0,14063.5,14068.5
1748010177543.0,14064.0,14069.0
1748010177995.0,14064.5,14069.5
1748010178942.0,14064.0,14069.0
1748010179393.0,14063.5,14068.5
1748010180062.0,14063.0,14068.0
1748010180287.0,14062.5,14067.5
1748010180573.0,14062.0,14067.0
1748010180797.0,14062.5,14067.5
1748010181517.0,14063.0,14068.0
1748010181740.0,14063.5,14068.5
1748010181968.0,14064.5,14069.5
1748010182546.0,14065.0,14070.0
1748010182772.0,14065.5,14070.5
1748010182996.0,14065.0,14070.0
1748010183220.0,14065.5,14070.5
1748010183446.0,14064.5,14069.5
1748010184047.0,14065.0,14070.0
1748010184497.0,14066.5,14071.5
1748010184975.0,14066.0,14071.0
1748010185208.0,14065.5,14070.5
1748010186215.0,14066.0,14071.0
1748010186439.0,14065.5,14070.5
1748010186887.0,14065.0,14070.0
1748010187111.0,14065.5,14070.5
1748010187661.0,14066.0,14071.0
1748010188152.0,14066.5,14071.5
1748010188382.0,14067.5,14072.5
1748010189485.0,14068.0,14073.0
1748010189710.0,14068.5,14073.5
1748010190748.0,14069.0,14074.0
1748010190971.0,14069.5,14074.5
1748010191198.0,14068.5,14073.5
1748010191539.0,14069.0,14074.0
1748010191988.0,14069.5,14074.5
1748010192214.0,14070.5,14075.5
1748010192436.0,14069.5,14074.5
1748010192665.0,14070.5,14075.5
1748010193704.0,14071.0,14076.0
1748010193926.0,14071.5,14076.5
1748010194552.0,14071.0,14076.0
1748010194776.0,14070.5,14075.5
1748010195229.0,14070.0,14075.0
1748010195451.0,14070.5,14075.5
1748010196269.0,14070.0,14075.0
1748010196492.0,14069.5,14074.5
1748010196717.0,14070.5,14075.5
1748010197005.0,14071.0,14076.0
1748010197231.0,14070.5,14075.5
1748010198082.0,14070.0,14075.0
1748010198305.0,14069.5,14074.5
1748010198891.0,14070.0,14075.0
1748010199116.0,14070.5,14075.5
1748010201065.0,14070.0,14075.0
1748010201290.0,14070.5,14075.5
1748010204969,,
1748010205838.0,14071.0,14076.0
1748010206062.0,14070.5,14075.5
1748010206320.0,14071.0,14076.0
1748010206545.0,14070.5,14075.5
1748010206926.0,14071.0,14076.0
1748010207152.0,14073.0,14078.0
1748010207377.0,14073.5,14078.5
1748010208578.0,14073.0,14078.0
1748010208806.0,14071.5,14076.5
1748010209397.0,14072.0,14077.0
1748010209622.0,14072.5,14077.5
1748010211316.0,14072.0,14077.0
1748010211766.0,14071.5,14076.5
1748010211989.0,14072.5,14077.5
1748010213541.0,14073.0,14078.0
1748010213765.0,14073.5,14078.5
1748010214047.0,14074.0,14079.0
1748010214272.0,14073.5,14078.5
1748010215390.0,14073.0,14078.0
1748010215626.0,14073.5,14078.5
1748010215839.0,14074.0,14079.0
1748010216289.0,14074.5,14079.5
1748010216740.0,14074.0,14079.0
1748010216964.0,14073.5,14078.5
1748010218320.0,14073.0,14078.0
1748010218544.0,14072.5,14077.5
1748010224962.0,14072.0,14077.0
1748010225770.0,14071.5,14076.5
1748010226829.0,14071.0,14076.0
1748010227053.0,14070.5,14075.5
1748010227415.0,14071.0,14076.0
1748010227642.0,14071.5,14076.5
1748010228276.0,14072.0,14077.0
1748010228719.0,14072.0,14077.0
1748010229721.0,14071.5,14076.5
1748010230737.0,14072.0,14077.0
1748010230962.0,14073.0,14078.0
1748010231186.0,14072.5,14077.5
1748010232929.0,14073.0,14078.0
1748010233152.0,14072.5,14077.5
1748010233377.0,14073.0,14078.0
1748010233604.0,14073.5,14078.5
1748010235026.0,14073.0,14078.0
1748010235474.0,14072.5,14077.5
1748010235703.0,14073.0,14078.0
1748010235937.0,14072.5,14077.5
1748010237185.0,14072.0,14077.0
1748010237650.0,14071.5,14076.5
1748010238927.0,14072.0,14077.0
1748010239150.0,14072.5,14077.5
1748010241287.0,14073.0,14078.0
1748010241511.0,14073.5,14078.5
1748010245104.0,14074.0,14079.0
1748010245324.0,14073.5,14078.5
1748010245549.0,14074.0,14079.0
1748010245837.0,14073.5,14078.5
1748010246470.0,14074.0,14079.0
1748010246693.0,14074.5,14079.5
1748010247107.0,14075.0,14080.0
1748010247331.0,14074.5,14079.5
1748010249306.0,14075.0,14080.0
1748010249528.0,14075.5,14080.5
1748010251918.0,14075.0,14080.0
1748010252144.0,14074.5,14079.5
1748010254490.0,14075.0,14080.0
1748010254713.0,14075.5,14080.5
1748010254939.0,14075.0,14080.0
1748010255165.0,14075.5,14080.5
1748010255418.0,14075.0,14080.0
1748010255643.0,14074.5,14079.5
1748010255867.0,14075.0,14080.0
1748010256093.0,14075.5,14080.5
1748010256318.0,14074.5,14079.5
1748010256708.0,14075.0,14080.0
1748010256933.0,14075.5,14080.5
1748010258809.0,14078.0,14083.0
1748010260573.0,14078.5,14083.5
1748010261187.0,14078.0,14083.0
1748010261416.0,14078.5,14083.5
1748010261636,,
1748010262276.0,14079.0,14084.0
1748010262502.0,14079.5,14084.5
1748010262726.0,14078.5,14083.5
1748010263743.0,14078.0,14083.0
1748010263967.0,14078.5,14083.5
1748010267997.0,14079.0,14084.0
1748010268219.0,14079.5,14084.5
1748010269251.0,14080.0,14085.0
1748010269472.0,14080.5,14085.5
1748010269966.0,14081.0,14086.0
1748010270192.0,14080.5,14085.5
1748010270642.0,14081.0,14086.0
1748010270868.0,14080.5,14085.5
1748010271093.0,14079.5,14084.5
1748010274067.0,14079.0,14084.0
1748010276542.0,14078.5,14083.5
1748010277609.0,14078.0,14083.0
1748010277834.0,14077.5,14082.5
1748010281829.0,14078.0,14083.0
1748010282055.0,14078.5,14083.5
1748010283594.0,14078.0,14083.0
1748010283818.0,14077.5,14082.5
1748010284323.0,14077.0,14082.0
1748010284548.0,14076.5,14081.5
1748010285462.0,14077.0,14082.0
1748010285693.0,14078.5,14083.5
1748010293444.0,14079.0,14084.0
1748010293893.0,14079.5,14084.5
1748010295554.0,14079.0,14084.0
1748010295778.0,14078.0,14083.0
1748010297557.0,14077.5,14082.5
1748010298969,,
1748010300128.0,14078.0,14083.0
1748010300353.0,14078.5,14083.5
1748010301137.0,14078.0,14083.0
1748010301362.0,14077.5,14082.5
1748010302460.0,14078.0,14083.0
1748010302680.0,14078.5,14083.5
1748010305338.0,14078.0,14083.0
1748010305560.0,14077.5,14082.5
1748010305786.0,14076.5,14081.5
1748010306012.0,14075.5,14080.5
1748010306492.0,14076.0,14081.0
1748010306720.0,14076.5,14081.5
1748010306943.0,14075.5,14080.5
1748010307168.0,14076.0,14081.0
1748010307394.0,14075.5,14080.5
1748010308207.0,14075.0,14080.0
1748010308429.0,14075.5,14080.5
1748010311478.0,14075.0,14080.0
1748010311704.0,14074.5,14079.5
1748010312103.0,14074.0,14079.0
1748010312321.0,14074.5,14079.5
1748010312803.0,14074.0,14079.0
1748010313027.0,14074.5,14079.5
1748010313251.0,14075.0,14080.0
1748010313619.0,14074.5,14079.5
1748010314164.0,14075.0,14080.0
1748010314390.0,14075.5,14080.5
1748010315921.0,14076.0,14081.0
1748010316143.0,14075.5,14080.5
1748010316909.0,14075.0,14080.0
1748010317133.0,14074.5,14079.5
1748010318157.0,14074.0,14079.0
1748010318381.0,14073.5,14078.5
1748010320726.0,14074.0,14079.0
1748010320950.0,14074.5,14079.5
1748010323125.0,14075.0,14080.0
1748010323350.0,14075.5,14080.5
1748010324143.0,14075.0,14080.0
1748010324380.0,14073.5,14078.5
1748010324822.0,14074.0,14079.0
1748010325053.0,14074.5,14079.5
1748010327499.0,14075.0,14080.0
1748010327722.0,14074.5,14079.5
1748010332578.0,14075.0,14080.0
1748010332803.0,14074.5,14079.5
1748010333038.0,14075.5,14080.5
1748010333644.0,14075.0,14080.0
1748010333867.0,14075.5,14080.5
1748010334106.0,14075.0,14080.0
1748010334469.0,14075.5,14080.5
1748010336022.0,14075.0,14080.0
1748010336834.0,14074.5,14079.5
1748010338163.0,14075.0,14080.0
1748010338388.0,14074.5,14079.5
1748010339085.0,14075.0,14080.0
1748010339311.0,14074.5,14079.5
1748010341888.0,14074.0,14079.0
1748010342340.0,14073.5,14078.5
1748010343920.0,14074.0,14079.0
1748010344145.0,14074.5,14079.5
1748010344571.0,14074.0,14079.0
1748010344794.0,14074.5,14079.5
1748010345020.0,14074.0,14079.0
1748010345361.0,14073.5,14078.5
1748010345584.0,14074.0,14079.0
1748010345811.0,14074.5,14079.5
1748010348616.0,14075.0,14080.0
1748010348839.0,14074.5,14079.5
1748010349065.0,14075.0,14080.0
1748010349290.0,14075.5,14080.5
1748010352099.0,14076.0,14081.0
1748010352324.0,14076.5,14081.5
1748010353423.0,14077.0,14082.0
1748010353646.0,14077.5,14082.5
1748010354750.0,14077.0,14082.0
1748010354974.0,14076.5,14081.5
1748010356209.0,14076.0,14081.0
1748010356432.0,14075.5,14080.5
1748010356885.0,14076.5,14081.5
1748010357233.0,14076.0,14081.0
1748010358903.0,14075.5,14080.5
1748010359841.0,14076.0,14081.0
1748010360066.0,14076.5,14081.5
1748010360444.0,14077.0,14082.0
1748010360673.0,14077.5,14082.5
1748010360957.0,14078.0,14083.0
1748010361185.0,14077.5,14082.5
1748010362414,,
1748010363771.0,14077.0,14082.0
1748010363995.0,14077.5,14082.5
1748010364519.0,14078.0,14083.0
1748010364743.0,14078.5,14083.5
1748010366342.0,14079.0,14084.0
1748010366566.0,14078.5,14083.5
1748010368637.0,14079.0,14084.0
1748010370494.0,14078.5,14083.5
1748010371652.0,14078.0,14083.0
1748010371876.0,14077.5,14082.5
1748010373039.0,14077.0,14082.0
1748010373265.0,14077.5,14082.5
1748010375215.0,14078.0,14083.0
1748010375450.0,14078.5,14083.5
1748010375895.0,14078.0,14083.0
1748010376136.0,14077.5,14082.5
1748010376346.0,14076.5,14081.5
1748010376980.0,14077.0,14082.0
1748010377204.0,14076.5,14081.5
1748010377430.0,14077.5,14082.5
1748010378209.0,14077.0,14082.0
1748010378435.0,14076.0,14081.0
1748010379321.0,14076.5,14081.5
1748010380012.0,14077.0,14082.0
1748010380461.0,14076.5,14081.5
1748010387235.0,14076.0,14081.0
1748010387459.0,14074.0,14079.0
1748010387685.0,14073.5,14078.5
1748010388232.0,14074.0,14079.0
1748010388458.0,14074.5,14079.5
1748010389707.0,14074.0,14079.0
1748010389923.0,14073.5,14078.5
1748010390148.0,14074.0,14079.0
1748010390376.0,14072.5,14077.5
1748010390603.0,14073.0,14078.0
1748010391256.0,14073.5,14078.5
1748010391706.0,14073.0,14078.0
1748010394862.0,14072.5,14077.5
1748010397704.0,14072.0,14077.0
1748010397924.0,14070.5,14075.5
1748010398388.0,14070.5,14075.5
1748010399224.0,14071.0,14076.0
1748010399425.0,14071.5,14076.5
1748010400657.0,14072.0,14077.0
1748010400881.0,14071.5,14076.5
1748010401107.0,14072.0,14077.0
1748010401330.0,14071.5,14076.5
1748010402745.0,14071.0,14076.0
1748010402969.0,14071.5,14076.5
1748010403947.0,14072.0,14077.0
1748010404170.0,14072.5,14077.5
1748010404423.0,14072.0,14077.0
1748010404649.0,14071.5,14076.5
1748010408425.0,14071.0,14076.0
1748010408649.0,14070.5,14075.5
1748010408874.0,14071.0,14076.0
1748010409244.0,14070.5,14075.5
1748010409694.0,14071.0,14076.0
1748010409918.0,14071.5,14076.5
1748010410143.0,14070.5,14075.5
1748010411144.0,14071.0,14076.0
1748010411368.0,14071.5,14076.5
1748010411592.0,14071.0,14076.0
1748010411820.0,14071.5,14076.5
1748010412045.0,14071.0,14076.0
1748010412414.0,14070.5,14075.5
1748010413070.0,14071.0,14076.0
1748010413292.0,14071.5,14076.5
1748010413518.0,14070.5,14075.5
1748010415476.0,14071.0,14076.0
1748010415702.0,14071.5,14076.5
1748010416733.0,14071.0,14076.0
1748010416957.0,14070.5,14075.5
1748010417286.0,14071.0,14076.0
1748010417511.0,14070.5,14075.5
1748010417981.0,14071.0,14076.0
1748010418927.0,14071.5,14076.5
1748010419377.0,14072.0,14077.0
1748010419747.0,14072.5,14077.5
1748010420290.0,14073.0,14078.0
1748010421418.0,14073.5,14078.5
1748010421655.0,14074.0,14079.0
1748010422191.0,14073.5,14078.5
1748010423120.0,14074.0,14079.0
1748010423343.0,14074.5,14079.5
1748010423750.0,14074.0,14079.0
1748010423974.0,14074.5,14079.5
1748010424197.0,14073.5,14078.5
1748010427042.0,14074.0,14079.0
1748010427963.0,14074.5,14079.5
1748010428208.0,14076.5,14081.5
1748010430481.0,14076.0,14081.0
1748010431202,,
1748010431321.0,14075.0,14080.0
1748010431545.0,14075.5,14080.5
1748010431770.0,14076.0,14081.0
1748010432208.0,14075.5,14080.5
1748010433483.0,14076.0,14081.0
1748010433707.0,14077.5,14082.5
1748010433933.0,14076.5,14081.5
1748010435373.0,14077.0,14082.0
1748010435597.0,14076.5,14081.5
1748010435821.0,14077.5,14082.5
1748010436048.0,14075.5,14080.5
1748010442722.0,14076.5,14081.5
1748010443205.0,14077.0,14082.0
1748010443425.0,14077.5,14082.5
1748010443648,,
1748010444205.0,14077.0,14082.0
1748010444739.0,14076.5,14081.5
1748010446224.0,14077.0,14082.0
1748010446673.0,14077.5,14082.5
1748010448430.0,14078.0,14083.0
1748010448655.0,14078.5,14083.5
1748010449568.0,14078.0,14083.0
1748010449794.0,14078.5,14083.5
1748010453124.0,14078.0,14083.0
1748010454020.0,14078.5,14083.5
1748010454147.0,14078.0,14083.0
1748010454640.0,14077.5,14082.5
1748010455599.0,14078.0,14083.0
1748010455821.0,14078.5,14083.5
1748010456182.0,14078.0,14083.0
1748010456407.0,14077.5,14082.5
1748010459745.0,14077.0,14082.0
1748010459970.0,14077.5,14082.5
1748010460193.0,14078.0,14083.0
1748010460419.0,14077.5,14082.5
1748010464588.0,14077.0,14082.0
1748010464811.0,14076.5,14081.5
1748010469122.0,14076.0,14081.0
1748010469343.0,14075.5,14080.5
1748010469568.0,14076.0,14081.0
1748010469835.0,14075.5,14080.5
1748010470286.0,14076.5,14081.5
1748010470509.0,14075.5,14080.5
1748010473724.0,14076.0,14081.0
1748010474203.0,14075.5,14080.5
1748010475602.0,14076.0,14081.0
1748010475824.0,14075.5,14080.5
1748010477755.0,14076.0,14081.0
1748010477978.0,14075.5,14080.5
1748010478205.0,14074.0,14079.0
1748010480382.0,14073.5,14078.5
1748010480603.0,14071.0,14076.0
1748010480830.0,14070.5,14075.5
1748010482694.0,14070.0,14075.0
1748010482920.0,14069.5,14074.5
1748010483143.0,14068.5,14073.5
1748010485439.0,14068.0,14073.0
1748010485662.0,14067.5,14072.5
1748010487807.0,14067.0,14072.0
1748010488034.0,14067.5,14072.5
1748010488970.0,14067.0,14072.0
1748010489194.0,14066.5,14071.5
1748010490735.0,14066.0,14071.0
1748010490960.0,14064.5,14069.5
1748010491405.0,14065.0,14070.0
1748010491810.0,14064.5,14069.5
1748010492259.0,14065.0,14070.0
1748010492484.0,14066.5,14071.5
1748010492933.0,14067.5,14072.5
1748010495061.0,14067.0,14072.0
1748010495512.0,14067.5,14072.5
1748010495734.0,14068.0,14073.0
1748010496164.0,14067.5,14072.5
1748010497041.0,14068.0,14073.0
1748010497263.0,14067.5,14072.5
1748010500532.0,14068.0,14073.0
1748010500752.0,14067.5,14072.5
1748010500996.0,14068.0,14073.0
1748010501221.0,14067.5,14072.5
1748010502873.0,14067.0,14072.0
1748010503105.0,14066.5,14071.5
1748010503859.0,14066.0,14071.0
1748010504082.0,14066.5,14071.5
1748010504724.0,14067.0,14072.0
1748010504948.0,14067.5,14072.5
1748010505805.0,14067.0,14072.0
1748010506255.0,14067.0,14072.0
1748010507913.0,14067.5,14072.5
1748010509142.0,14067.0,14072.0
1748010509366.0,14065.0,14070.0
1748010510511.0,14064.5,14069.5
1748010510747.0,14065.5,14070.5
1748010511263.0,14066.0,14071.0
1748010511487.0,14066.5,14071.5
1748010511712.0,14065.5,14070.5
1748010512186.0,14066.0,14071.0
1748010512635.0,14066.5,14071.5
1748010512859.0,14066.0,14071.0
1748010513273.0,14065.5,14070.5
1748010514140.0,14065.0,14070.0
1748010514373.0,14064.0,14069.0
1748010514589.0,14064.5,14069.5
1748010514873.0,14064.0,14069.0
1748010515110.0,14063.5,14068.5
1748010515322.0,14062.5,14067.5
1748010515640.0,14063.0,14068.0
1748010515864.0,14063.5,14068.5
1748010517512.0,14063.0,14068.0
1748010518375.0,14062.5,14067.5
1748010521077.0,14062.0,14067.0
1748010521297.0,14062.5,14067.5
1748010522590.0,14062.0,14067.0
1748010522814.0,14062.5,14067.5
1748010523672.0,14062.0,14067.0
1748010523895.0,14062.5,14067.5
1748010525486.0,14062.0,14067.0
1748010525712.0,14061.5,14066.5
1748010526212.0,14061.0,14066.0
1748010526438.0,14060.5,14065.5
1748010526662.0,14061.5,14066.5
1748010527870.0,14060.5,14065.5
1748010528318.0,14060.0,14065.0
1748010528540.0,14060.5,14065.5
1748010528765.0,14060.0,14065.0
1748010528991.0,14060.5,14065.5
1748010529637.0,14060.0,14065.0
1748010530086.0,14059.5,14064.5
1748010530311.0,14058.5,14063.5
1748010531793.0,14059.0,14064.0
1748010532019.0,14058.5,14063.5
1748010537605.0,14060.5,14065.5
1748010538342.0,14061.0,14066.0
1748010538565.0,14061.5,14066.5
1748010541371.0,14062.0,14067.0
1748010541595.0,14062.5,14067.5
1748010542351.0,14063.0,14068.0
1748010542909.0,14062.5,14067.5
1748010543911.0,14061.0,14066.0
1748010544926.0,14061.5,14066.5
1748010547794.0,14059.5,14064.5
1748010548019.0,14059.0,14064.0
1748010548276.0,14058.5,14063.5
1748010548503.0,14059.5,14064.5
1748010548725.0,14060.0,14065.0
1748010548950.0,14060.5,14065.5
1748010549399.0,14061.0,14066.0
1748010550213.0,14061.5,14066.5
1748010550660.0,14060.5,14065.5
1748010552871.0,14061.0,14066.0
1748010553667.0,14060.5,14065.5
1748010556504.0,14061.0,14066.0
1748010556726.0,14061.5,14066.5
1748010558203.0,14062.0,14067.0
1748010558423.0,14062.5,14067.5
1748010560190.0,14062.0,14067.0
1748010560415.0,14062.5,14067.5
1748010560752.0,14062.0,14067.0
1748010560964.0,14060.5,14065.5
1748010561950.0,14060.0,14065.0
1748010562174.0,14059.5,14064.5
1748010562910.0,14060.0,14065.0
1748010563135.0,14059.5,14064.5
1748010563359.0,14060.5,14065.5
1748010563810.0,14060.0,14065.0
1748010565045.0,14060.5,14065.5
1748010565268.0,14060.0,14065.0
1748010565492.0,14059.5,14064.5
1748010565718.0,14060.0,14065.0
1748010566463.0,14060.5,14065.5
1748010567426.0,14060.0,14065.0
1748010567652.0,14059.5,14064.5
1748010568340.0,14060.0,14065.0
1748010568569.0,14059.5,14064.5
1748010570785.0,14059.0,14064.0
1748010571008.0,14058.5,14063.5
1748010573944.0,14059.0,14064.0
1748010574168.0,14058.5,14063.5
1748010574863.0,14059.0,14064.0
1748010575086.0,14058.5,14063.5
1748010576297.0,14059.0,14064.0
1748010576519.0,14059.5,14064.5
1748010576885.0,14060.0,14065.0
1748010577135.0,14061.5,14066.5
1748010577643.0,14062.0,14067.0
1748010577874.0,14062.5,14067.5
1748010579085.0,14062.0,14067.0
1748010579307.0,14062.5,14067.5
1748010579767.0,14062.5,14067.5
1748010581315.0,14063.0,14068.0
1748010581539.0,14063.5,14068.5
1748010581765.0,14062.5,14067.5
1748010582346.0,14063.0,14068.0
1748010584620.0,14063.5,14068.5
1748010584846.0,14063.0,14068.0
1748010585284.0,14063.5,14068.5
1748010585814.0,14064.0,14069.0
1748010586038.0,14064.5,14069.5
1748010589715.0,14063.5,14068.5
1748010593346.0,14063.0,14068.0
1748010593568.0,14063.5,14068.5
1748010595063.0,14063.0,14068.0
1748010595287.0,14063.5,14068.5
1748010595949.0,14063.0,14068.0
1748010596178.0,14061.5,14066.5
1748010596481.0,14062.0,14067.0
1748010596706.0,14062.5,14067.5
1748010597311.0,14063.0,14068.0
1748010597537.0,14063.5,14068.5
1748010598141.0,14063.0,14068.0
1748010598591.0,14063.5,14068.5
1748010599666.0,14063.0,14068.0
1748010599890.0,14063.5,14068.5
1748010600377.0,14064.0,14069.0
1748010600604.0,14063.5,14068.5
1748010603375.0,14064.0,14069.0
1748010603597.0,14065.5,14070.5
1748010603819.0,14064.5,14069.5
1748010606989.0,14064.0,14069.0
1748010607212.0,14064.5,14069.5
1748010609494.0,14065.0,14070.0
1748010610784.0,14064.5,14069.5
1748010611350.0,14065.0,14070.0
1748010611805.0,14065.5,14070.5
1748010612337.0,14065.0,14070.0
1748010612785.0,14065.5,14070.5
1748010613057.0,14066.0,14071.0
1748010613557.0,14065.5,14070.5
1748010614034.0,14066.0,14071.0
1748010614580.0,14066.5,14071.5
1748010616647.0,14067.0,14072.0
1748010616870.0,14065.5,14070.5
1748010617095.0,14066.5,14071.5
1748010618403.0,14067.0,14072.0
1748010618851.0,14068.5,14073.5
1748010621852.0,14068.0,14073.0
1748010622076.0,14067.5,14072.5
1748010622484.0,14068.0,14073.0
1748010622707.0,14068.5,14073.5
1748010622934.0,14068.0,14073.0
1748010623384.0,14067.5,14072.5
1748010626090.0,14068.0,14073.0
1748010626306.0,14068.5,14073.5
1748010626881.0,14068.0,14073.0
1748010627105.0,14068.5,14073.5
1748010630152.0,14068.0,14073.0
1748010630376.0,14066.5,14071.5
1748010630604.0,14066.0,14071.0
1748010631074.0,14065.5,14070.5
1748010632633.0,14065.0,14070.0
1748010632856.0,14066.5,14071.5
1748010633082.0,14067.5,14072.5
1748010633889.0,14067.0,14072.0
1748010634339.0,14066.5,14071.5
1748010634905.0,14066.0,14071.0
1748010635137.0,14066.5,14071.5
1748010636394.0,14067.0,14072.0
1748010636844.0,14068.5,14073.5
1748010637436.0,14068.0,14073.0
1748010637659.0,14067.5,14072.5
1748010637884.0,14068.5,14073.5
1748010638111.0,14068.0,14073.0
1748010638334.0,14068.5,14073.5
1748010639412.0,14068.0,14073.0
1748010639861.0,14068.5,14073.5
1748010640312.0,14069.5,14074.5
1748010641883.0,14070.0,14075.0
1748010642115.0,14070.5,14075.5
1748010642362.0,14071.0,14076.0
1748010643169.0,14071.5,14076.5
1748010643796.0,14072.0,14077.0
1748010644025.0,14072.5,14077.5
1748010644244.0,14073.5,14078.5
1748010645091.0,14074.0,14079.0
1748010645313.0,14074.5,14079.5
1748010645538.0,14073.5,14078.5
1748010646082.0,14074.0,14079.0
1748010646304.0,14074.5,14079.5
1748010647023.0,14075.0,14080.0
1748010647248,,
1748010647474.0,14075.5,14080.5
1748010647698.0,14075.0,14080.0
1748010647923.0,14074.5,14079.5
1748010648373.0,14074.5,14079.5
1748010648857.0,14075.0,14080.0
1748010649078.0,14074.5,14079.5
1748010654353.0,14074.0,14079.0
1748010655657.0,14073.5,14078.5
1748010657034.0,14074.0,14079.0
1748010658743.0,14074.5,14079.5
1748010660979.0,14074.0,14079.0
1748010661204.0,14073.5,14078.5
1748010667764.0,14073.0,14078.0
1748010667992.0,14072.5,14077.5
1748010668213.0,14071.5,14076.5
1748010669411.0,14072.0,14077.0
1748010669634.0,14072.5,14077.5
1748010670086.0,14071.5,14076.5
1748010671724.0,14071.0,14076.0
1748010672173.0,14071.5,14076.5
1748010672718.0,14072.0,14077.0
1748010673166.0,14072.5,14077.5
1748010674116.0,14072.0,14077.0
1748010674338.0,14071.5,14076.5
1748010675526.0,14070.5,14075.5
1748010675750.0,14068.5,14073.5
1748010675975.0,14067.5,14072.5
1748010676225.0,14068.0,14073.0
1748010676449.0,14068.5,14073.5
1748010681885.0,14069.0,14074.0
1748010682885.0,14069.5,14074.5
1748010685269.0,14070.0,14075.0
1748010687570.0,14070.5,14075.5
1748010687793.0,14071.0,14076.0
1748010688019.0,14070.5,14075.5
1748010688322.0,14071.0,14076.0
1748010689405.0,14071.5,14076.5
1748010690642.0,14072.0,14077.0
1748010690863.0,14071.5,14076.5
1748010698666.0,14072.0,14077.0
1748010698893.0,14071.5,14076.5
1748010700138.0,14072.0,14077.0
1748010700363.0,14073.0,14078.0
1748010701020.0,14073.5,14078.5
1748010702453.0,14071.5,14076.5
1748010703162.0,14072.0,14077.0
1748010703387.0,14072.5,14077.5
1748010703611.0,14072.0,14077.0
1748010703884.0,14072.5,14077.5
1748010704334.0,14073.0,14078.0
1748010704784.0,14072.5,14077.5
1748010706714.0,14073.0,14078.0
1748010706936.0,14073.5,14078.5
1748010707308.0,14074.0,14079.0
1748010707532.0,14074.5,14079.5
1748010709777.0,14074.0,14079.0
1748010709999.0,14073.5,14078.5
1748010710583.0,14074.0,14079.0
1748010710811.0,14074.5,14079.5
1748010711042.0,14073.0,14078.0
1748010711788.0,14072.5,14077.5
1748010712025.0,14072.0,14077.0
1748010712250,,
1748010712476.0,14073.0,14078.0
1748010713076.0,14072.5,14077.5
1748010713830,,
1748010714045.0,14072.0,14077.0
1748010714271.0,14071.5,14076.5
1748010714659.0,14072.0,14077.0
1748010715551.0,14072.5,14077.5
1748010716287.0,14072.0,14077.0
1748010716737.0,14072.5,14077.5
1748010717126.0,14072.0,14077.0
1748010717350.0,14071.5,14076.5
1748010718148.0,14072.0,14077.0
1748010718602.0,14072.5,14077.5
1748010720464.0,14073.0,14078.0
1748010720688.0,14072.5,14077.5
1748010721138.0,14073.0,14078.0
1748010721364.0,14073.5,14078.5
1748010723548.0,14074.0,14079.0
1748010723998.0,14074.5,14079.5
1748010725239.0,14074.0,14079.0
1748010725465.0,14073.5,14078.5
1748010730592.0,14074.0,14079.0
1748010731053.0,14073.5,14078.5
1748010731276.0,14074.0,14079.0
1748010731725.0,14074.5,14079.5
1748010732016.0,14075.0,14080.0
1748010732246.0,14075.5,14080.5
1748010733960.0,14076.0,14081.0
1748010734185.0,14075.5,14080.5
1748010738092.0,14075.0,14080.0
1748010738289.0,14074.5,14079.5
1748010738598.0,14075.0,14080.0
1748010738834.0,14075.5,14080.5
1748010739050.0,14076.5,14081.5
1748010739952.0,14077.0,14082.0
1748010740180.0,14077.5,14082.5
1748010740484.0,14078.0,14083.0
1748010740711.0,14078.5,14083.5
1748010741554.0,14078.0,14083.0
1748010741778.0,14077.5,14082.5
1748010743970.0,14078.0,14083.0
1748010744421.0,14077.5,14082.5
1748010744752.0,14078.0,14083.0
1748010745779.0,14078.5,14083.5
1748010746005.0,14077.5,14082.5
1748010746307.0,14078.0,14083.0
1748010746997.0,14078.5,14083.5
1748010747222.0,14075.5,14080.5
1748010747673.0,14077.0,14082.0
1748010747898.0,14077.5,14082.5
1748010751421.0,14079.5,14084.5
1748010751640.0,14079.0,14084.0
1748010751870.0,14078.5,14083.5
1748010752908.0,14079.0,14084.0
1748010753134.0,14078.5,14083.5
1748010753755,,
1748010757431.0,14079.5,14084.5
1748010758224.0,14080.0,14085.0
1748010758452.0,14079.5,14084.5
1748010759531.0,14080.0,14085.0
1748010759742.0,14079.5,14084.5
1748010759969.0,14080.0,14085.0
1748010760191.0,14079.5,14084.5
1748010760416.0,14080.0,14085.0
1748010760642.0,14079.5,14084.5
1748010761096.0,14079.0,14084.0
1748010762173.0,14078.5,14083.5
1748010762457.0,14079.0,14084.0
1748010762683.0,14078.5,14083.5
1748010763025.0,14078.0,14083.0
1748010763463.0,14077.5,14082.5
1748010765591.0,14077.0,14082.0
1748010765815.0,14077.5,14082.5
1748010766040.0,14078.0,14083.0
1748010766454.0,14077.5,14082.5
1748010767596.0,14078.0,14083.0
1748010768760.0,14078.5,14083.5
1748010769551.0,14079.0,14084.0
1748010769775.0,14079.5,14084.5
1748010770831.0,14080.0,14085.0
1748010771055.0,14080.5,14085.5
1748010771834.0,14080.0,14085.0
1748010772055.0,14080.5,14085.5
1748010772533.0,14081.0,14086.0
1748010772760.0,14080.5,14085.5
1748010773121.0,14081.0,14086.0
1748010773570.0,14080.5,14085.5
1748010774680.0,14081.0,14086.0
1748010775130.0,14080.5,14085.5
1748010775954.0,14081.0,14086.0
1748010776403.0,14081.5,14086.5
1748010776628.0,14080.5,14085.5
1748010777388.0,14081.0,14086.0
1748010777611.0,14081.5,14086.5
1748010779147.0,14081.0,14086.0
1748010779373.0,14080.5,14085.5
1748010780317.0,14081.0,14086.0
1748010780767.0,14080.5,14085.5
1748010782424.0,14081.0,14086.0
1748010782649.0,14081.5,14086.5
1748010785945.0,14082.0,14087.0
1748010786395.0,14081.5,14086.5
1748010786998.0,14082.0,14087.0
1748010787816,,
1748010788002.0,14081.5,14086.5
1748010789345.0,14081.0,14086.0
1748010789569.0,14080.5,14085.5
1748010793203.0,14081.0,14086.0
1748010793427.0,14081.5,14086.5
1748010794020.0,14081.0,14086.0
1748010794547.0,14081.5,14086.5
1748010796431.0,14081.0,14086.0
1748010796656.0,14080.5,14085.5
1748010796880.0,14081.5,14086.5
1748010803975.0,14082.0,14087.0
1748010806152,,
1748010806252.0,14081.5,14086.5
1748010807065.0,14081.0,14086.0
1748010807289.0,14080.5,14085.5
1748010807514.0,14079.5,14084.5
1748010807746.0,14080.5,14085.5
1748010807971.0,14081.5,14086.5
1748010809719.0,14082.0,14087.0
1748010809943.0,14081.5,14086.5
1748010810876.0,14082.0,14087.0
1748010811104.0,14082.5,14087.5
1748010811738.0,14082.0,14087.0
1748010812188.0,14082.5,14087.5
1748010812411.0,14083.0,14088.0
1748010812636.0,14083.5,14088.5
1748010816642.0,14085.5,14090.5
1748010817275.0,14084.5,14089.5
1748010819361.0,14085.0,14090.0
1748010819584.0,14085.5,14090.5
1748010825537.0,14086.0,14091.0
1748010825762.0,14086.5,14091.5
1748010828074.0,14087.0,14092.0
1748010828504.0,14087.5,14092.5
1748010832160.0,14088.0,14093.0
1748010832387.0,14087.5,14092.5
1748010832756.0,14088.0,14093.0
1748010833674.0,14087.5,14092.5
1748010833987.0,14088.0,14093.0
1748010834209.0,14088.5,14093.5
1748010834436.0,14087.5,14092.5
1748010835137.0,14088.0,14093.0
1748010835363.0,14087.5,14092.5
1748010836346.0,14087.0,14092.0
1748010837125.0,14087.5,14092.5
1748010839757.0,14088.0,14093.0
1748010839982.0,14088.5,14093.5
1748010840246.0,14089.0,14094.0
1748010840469.0,14089.5,14094.5
1748010840692,,
1748010841215.0,14090.0,14095.0
1748010841440.0,14090.5,14095.5
1748010843289.0,14091.0,14096.0
1748010843512.0,14090.5,14095.5
1748010843739.0,14090.0,14095.0
1748010843963.0,14090.5,14095.5
1748010844494.0,14090.0,14095.0
1748010844719.0,14089.5,14094.5
1748010844944.0,14089.0,14094.0
1748010845564.0,14088.0,14093.0
1748010850464.0,14088.5,14093.5
1748010854604.0,14088.0,14093.0
1748010854828.0,14087.5,14092.5
1748010855488.0,14087.0,14092.0
1748010855711.0,14086.5,14091.5
1748010855936.0,14087.0,14092.0
1748010856638.0,14087.5,14092.5
1748010858315.0,14088.0,14093.0
1748010859266.0,14088.5,14093.5
1748010861063.0,14087.5,14092.5
1748010861993.0,14088.0,14093.0
1748010862685.0,14087.5,14092.5
1748010864969.0,14088.0,14093.0
1748010865190.0,14088.5,14093.5
1748010865641.0,14090.5,14095.5
1748010865865.0,14089.5,14094.5
1748010867046.0,14090.0,14095.0
1748010867494.0,14090.0,14095.0
1748010867719.0,14091.0,14096.0
1748010867944.0,14090.5,14095.5
1748010868170.0,14091.0,14096.0
1748010868899.0,14092.0,14097.0
1748010869341.0,14091.5,14096.5
1748010870628.0,14091.0,14096.0
1748010871088.0,14091.5,14096.5
1748010871306.0,14091.0,14096.0
1748010871806.0,14090.5,14095.5
1748010872562.0,14091.0,14096.0
1748010872785.0,14091.5,14096.5
1748010873063.0,14091.0,14096.0
1748010873303.0,14090.5,14095.5
1748010873760.0,14090.0,14095.0
1748010873984.0,14089.5,14094.5
1748010875317.0,14089.0,14094.0
1748010875541.0,14088.5,14093.5
1748010875860.0,14089.0,14094.0
1748010876084.0,14089.5,14094.5
1748010876976.0,14090.5,14095.5
1748010877733.0,14091.0,14096.0
1748010877958.0,14091.5,14096.5
1748010878602.0,14091.0,14096.0
1748010878823.0,14090.5,14095.5
1748010879608.0,14091.0,14096.0
1748010879843.0,14091.5,14096.5
1748010881217.0,14092.0,14097.0
1748010881442.0,14092.5,14097.5
1748010881667.0,14091.5,14096.5
1748010882442.0,14092.0,14097.0
1748010883606.0,14091.5,14096.5
1748010884364.0,14092.0,14097.0
1748010884589.0,14092.5,14097.5
1748010887383.0,14093.0,14098.0
1748010887850.0,14092.5,14097.5
1748010888298.0,14092.0,14097.0
1748010888594.0,14091.5,14096.5
1748010889659.0,14092.0,14097.0
1748010890111.0,14091.5,14096.5
1748010890336.0,14092.5,14097.5
1748010890562.0,14091.5,14096.5
1748010890951.0,14092.0,14097.0
1748010891179.0,14092.5,14097.5
1748010891978.0,14091.5,14096.5
1748010892568.0,14092.0,14097.0
1748010893251.0,14092.5,14097.5
1748010893998.0,14092.0,14097.0
1748010894497.0,14092.5,14097.5
1748010895498.0,14092.0,14097.0
1748010895996.0,14092.5,14097.5
1748010896666.0,14092.0,14097.0
1748010896889.0,14092.5,14097.5
1748010897795.0,14093.0,14098.0
1748010898021.0,14092.5,14097.5
1748010899197.0,14093.0,14098.0
1748010899421.0,14093.5,14098.5
1748010900522.0,14094.0,14099.0
1748010901889.0,14093.5,14098.5
1748010902783.0,14092.5,14097.5
1748010913468,,
1748010913655.0,14094.0,14099.0
1748010916435.0,14094.5,14099.5
1748010920008.0,14095.0,14100.0
1748010920232.0,14095.5,14100.5
1748010920449.0,14094.5,14099.5
1748010923182.0,14095.0,14100.0
1748010923406.0,14095.5,14100.5
1748010925417.0,14096.0,14101.0
1748010925642.0,14095.5,14100.5
1748010926340.0,14096.0,14101.0
1748010926566.0,14096.5,14101.5
1748010927711.0,14096.0,14101.0
1748010927936.0,14095.5,14100.5
1748010928794.0,14095.0,14100.0
1748010929994.0,14094.5,14099.5
1748010930462.0,14094.0,14099.0
1748010930687.0,14093.5,14098.5
1748010930971.0,14094.0,14099.0
1748010931195.0,14094.5,14099.5
1748010933814.0,14094.0,14099.0
1748010934263.0,14094.5,14099.5
1748010934487.0,14095.0,14100.0
1748010934712.0,14095.5,14100.5
1748010936861.0,14096.0,14101.0
1748010937086.0,14096.5,14101.5
1748010938447.0,14096.0,14101.0
1748010938671.0,14095.5,14100.5
1748010940411.0,14094.5,14099.5
1748010942816.0,14094.0,14099.0
1748010943041.0,14093.5,14098.5
1748010943457.0,14093.0,14098.0
1748010943682.0,14092.5,14097.5
1748010943996.0,14092.0,14097.0
1748010944219.0,14090.5,14095.5
1748010946147.0,14091.0,14096.0
1748010946372.0,14090.5,14095.5
1748010946936.0,14090.0,14095.0
1748010951032.0,14090.5,14095.5
1748010951934.0,14091.0,14096.0
1748010952158.0,14090.5,14095.5
1748010955264.0,14091.0,14096.0
1748010955750.0,14090.5,14095.5
1748010955976.0,14091.0,14096.0
1748010956199.0,14090.5,14095.5
1748010956797.0,14091.0,14096.0
