1748008705713.0,1777.25,1777.85
1748008706209.0,1777.13,1777.73
1748008706644.0,1777.25,1777.85
1748008707091.0,1777.13,1777.73
1748008707317.0,1777.25,1777.85
1748008707607.0,1777.13,1777.73
1748008707831.0,1777.25,1777.85
1748008708883.0,1777.13,1777.73
1748008709108.0,1777.25,1777.85
1748008709533.0,1777.13,1777.73
1748008711227.0,1777.25,1777.85
1748008711621.0,1777.38,1777.98
1748008711845.0,1777.25,1777.85
1748008712078.0,1777.38,1777.98
1748008713838.0,1777.25,1777.85
1748008714064.0,1777.38,1777.98
1748008714288.0,1777.25,1777.85
1748008714513.0,1777.38,1777.98
1748008714964.0,1777.13,1777.73
1748008715189.0,1777.25,1777.85
1748008715414.0,1777.38,1777.98
1748008720456,,
1748008722117.0,1777.25,1777.85
1748008722333,,
1748008723549.0,1777.13,1777.73
1748008723899.0,1777.25,1777.85
1748008724123.0,1777.13,1777.73
1748008724994.0,1777.25,1777.85
1748008725689.0,1777.38,1777.98
1748008726291.0,1777.25,1777.85
1748008727189.0,1777.13,1777.73
1748008728198.0,1777.25,1777.85
1748008728722.0,1777.38,1777.98
1748008729034.0,1777.25,1777.85
1748008729314.0,1777.38,1777.98
1748008729609.0,1777.25,1777.85
1748008730595.0,1777.38,1777.98
1748008737289.0,1777.5,1778.1
1748008737510.0,1777.38,1777.98
1748008737757.0,1777.5,1778.1
1748008737978.0,1777.63,1778.23
1748008738303.0,1777.5,1778.1
1748008740687.0,1777.38,1777.98
1748008741054.0,1777.5,1778.1
1748008741509.0,1777.38,1777.98
1748008741918.0,1777.25,1777.85
1748008742193.0,1777.38,1777.98
1748008742641.0,1777.25,1777.85
1748008743139.0,1777.13,1777.73
1748008743404.0,1777.25,1777.85
1748008743627.0,1777.38,1777.98
1748008744180.0,1777.25,1777.85
1748008745764.0,1777.13,1777.73
1748008746340.0,1777.25,1777.85
1748008746631.0,1777.13,1777.73
1748008746853.0,1777.25,1777.85
1748008747304.0,1777.25,1777.85
1748008747529.0,1777.13,1777.73
1748008747752.0,1777.25,1777.85
1748008748381.0,1777.13,1777.73
1748008749450.0,1777.25,1777.85
1748008750504.0,1777.38,1777.98
1748008750728.0,1777.5,1778.1
1748008751178.0,1777.38,1777.98
1748008751405.0,1777.5,1778.1
1748008752621.0,1777.38,1777.98
1748008753278.0,1777.5,1778.1
1748008753627,,
1748008753726.0,1777.63,1778.23
1748008753953.0,1777.5,1778.1
1748008754177.0,1777.63,1778.23
1748008755475.0,1777.75,1778.35
1748008755695,,
1748008755921.0,1777.63,1778.23
1748008756333.0,1777.75,1778.35
1748008758403.0,1777.63,1778.23
1748008758627.0,1777.75,1778.35
1748008759122.0,1777.88,1778.48
1748008759466.0,1777.75,1778.35
1748008760265.0,1777.63,1778.23
1748008760714.0,1777.75,1778.35
1748008760940.0,1777.63,1778.23
1748008761388.0,1777.5,1778.1
1748008761616.0,1777.63,1778.23
1748008761842.0,1777.5,1778.1
1748008762377.0,1777.63,1778.23
1748008762604.0,1777.5,1778.1
1748008763736.0,1777.63,1778.23
1748008763961.0,1777.5,1778.1
1748008764233.0,1777.63,1778.23
1748008764691.0,1777.5,1778.1
1748008769654.0,1777.5,1778.1
1748008769950.0,1777.38,1777.98
1748008770176.0,1777.5,1778.1
1748008770436,,
1748008771129,,
1748008771346.0,1777.38,1777.98
1748008771569.0,1777.5,1778.1
1748008771832.0,1777.63,1778.23
1748008772058.0,1777.5,1778.1
1748008774222.0,1777.38,1777.98
1748008774446.0,1777.25,1777.85
1748008774672.0,1777.5,1778.1
1748008775218.0,1777.63,1778.23
1748008775438.0,1777.5,1778.1
1748008776335.0,1777.63,1778.23
1748008776560.0,1777.5,1778.1
1748008776918.0,1777.63,1778.23
1748008777141.0,1777.5,1778.1
1748008777662.0,1777.63,1778.23
1748008777885.0,1777.5,1778.1
1748008778112.0,1777.63,1778.23
1748008778335.0,1777.5,1778.1
1748008778688.0,1777.38,1777.98
1748008778912.0,1777.5,1778.1
1748008781072.0,1777.38,1777.98
1748008781965.0,1777.5,1778.1
1748008782417.0,1777.63,1778.23
1748008782640.0,1777.75,1778.35
1748008782865.0,1777.63,1778.23
1748008783446.0,1777.5,1778.1
1748008785177.0,1777.63,1778.23
1748008785403.0,1777.5,1778.1
1748008789553.0,1777.38,1777.98
1748008789774.0,1777.5,1778.1
1748008793623.0,1777.63,1778.23
1748008793849.0,1777.5,1778.1
1748008795341.0,1777.38,1777.98
1748008795567.0,1777.5,1778.1
1748008796209.0,1777.38,1777.98
1748008796435.0,1777.5,1778.1
1748008796704.0,1777.63,1778.23
1748008796929.0,1777.5,1778.1
1748008797471.0,1777.63,1778.23
1748008797688.0,1777.5,1778.1
1748008798219.0,1777.63,1778.23
1748008798668.0,1777.5,1778.1
1748008799004.0,1777.63,1778.23
1748008799225.0,1777.5,1778.1
1748008799452.0,1777.63,1778.23
1748008799799.0,1777.5,1778.1
1748008800724.0,1777.75,1778.35
1748008801397.0,1777.5,1778.1
1748008801883.0,1777.63,1778.23
1748008802107.0,1777.75,1778.35
1748008802332.0,1777.88,1778.48
1748008802557.0,1777.75,1778.35
1748008802782.0,1777.63,1778.23
1748008803007.0,1777.75,1778.35
1748008803456.0,1777.75,1778.35
1748008803815.0,1777.88,1778.48
1748008804054.0,1778.0,1778.6
1748008804543.0,1777.88,1778.48
1748008805012.0,1777.75,1778.35
1748008805275.0,1777.88,1778.48
1748008805593.0,1778.0,1778.6
1748008805818.0,1777.88,1778.48
1748008806045.0,1778.0,1778.6
1748008807134.0,1778.13,1778.73
1748008807357.0,1778.0,1778.6
1748008809252.0,1778.13,1778.73
1748008809475.0,1778.0,1778.6
1748008809877.0,1778.13,1778.73
1748008810143.0,1778.0,1778.6
1748008811039.0,1778.13,1778.73
1748008811714.0,1777.88,1778.48
1748008811943.0,1777.75,1778.35
1748008812164.0,1778.0,1778.6
1748008812558.0,1777.88,1778.48
1748008813008.0,1777.75,1778.35
1748008813249.0,1777.88,1778.48
1748008813474.0,1778.0,1778.6
1748008813698.0,1778.13,1778.73
1748008815052.0,1778.25,1778.85
1748008815852.0,1778.13,1778.73
1748008816078.0,1778.25,1778.85
1748008816305.0,1778.13,1778.73
1748008816924.0,1778.25,1778.85
1748008817922.0,1778.38,1778.98
1748008818184.0,1778.25,1778.85
1748008818547,,
1748008818955.0,1778.13,1778.73
1748008819181.0,1778.25,1778.85
1748008820206.0,1778.13,1778.73
1748008820430.0,1778.25,1778.85
1748008821075.0,1778.13,1778.73
1748008821913.0,1778.25,1778.85
1748008822548.0,1778.38,1778.98
1748008822760.0,1778.63,1779.23
1748008823667.0,1778.75,1779.35
1748008823895.0,1778.88,1779.48
1748008824256.0,1779.0,1779.6
1748008824481.0,1779.13,1779.73
1748008826360.0,1779.25,1779.85
1748008826584.0,1779.13,1779.73
1748008827272.0,1778.88,1779.48
1748008827498.0,1779.13,1779.73
1748008827806.0,1779.0,1779.6
1748008828028.0,1778.88,1779.48
1748008829128.0,1778.75,1779.35
1748008829351,,
1748008829680.0,1778.88,1779.48
1748008829909.0,1778.75,1779.35
1748008830134.0,1778.63,1779.23
1748008830586.0,1778.75,1779.35
1748008830809.0,1778.88,1779.48
1748008831551.0,1778.75,1779.35
1748008831823,,
1748008832007.0,1778.88,1779.48
1748008832452.0,1778.88,1779.48
1748008832917.0,1778.75,1779.35
1748008833149,,
1748008833362.0,1778.88,1779.48
1748008833587.0,1778.75,1779.35
1748008835145.0,1778.88,1779.48
1748008835369.0,1778.75,1779.35
1748008835781.0,1778.63,1779.23
1748008837116,,
1748008837878.0,1778.5,1779.1
1748008838323.0,1778.63,1779.23
1748008838774.0,1778.88,1779.48
1748008840338.0,1779.0,1779.6
1748008840562,,
1748008840944,,
1748008841267.0,1778.88,1779.48
1748008841803.0,1779.0,1779.6
1748008842640.0,1779.13,1779.73
1748008842938,,
1748008843405.0,1779.13,1779.73
1748008843632.0,1779.0,1779.6
1748008846107.0,1778.88,1779.48
1748008847849.0,1778.75,1779.35
1748008848087.0,1778.63,1779.23
1748008848308.0,1778.5,1779.1
1748008848646.0,1778.38,1778.98
1748008848867.0,1778.13,1778.73
1748008850021.0,1778.0,1778.6
1748008850249.0,1778.13,1778.73
1748008850753.0,1778.0,1778.6
1748008850986.0,1777.88,1778.48
1748008851213.0,1778.0,1778.6
1748008851489.0,1777.88,1778.48
1748008851715.0,1778.0,1778.6
1748008852042.0,1778.13,1778.73
1748008852252.0,1778.0,1778.6
1748008852776.0,1777.88,1778.48
1748008853004.0,1778.0,1778.6
1748008854794.0,1778.13,1778.73
1748008855021.0,1778.38,1778.98
1748008855490.0,1778.25,1778.85
1748008855941.0,1778.38,1778.98
1748008856889.0,1778.25,1778.85
1748008857341.0,1778.0,1778.6
1748008857565.0,1778.13,1778.73
1748008857806.0,1778.0,1778.6
1748008858028.0,1778.13,1778.73
1748008858251.0,1778.38,1778.98
1748008858478.0,1778.5,1779.1
1748008858706.0,1778.38,1778.98
1748008858927.0,1778.25,1778.85
1748008859706.0,1778.38,1778.98
1748008859920.0,1778.25,1778.85
1748008860229.0,1778.13,1778.73
1748008861094.0,1778.25,1778.85
1748008861313.0,1778.13,1778.73
1748008862272.0,1778.25,1778.85
1748008862579.0,1778.38,1778.98
1748008862803.0,1778.25,1778.85
1748008863153.0,1778.13,1778.73
1748008863873.0,1778.0,1778.6
1748008864098.0,1778.13,1778.73
1748008864774.0,1778.0,1778.6
1748008865225.0,1777.88,1778.48
1748008865718.0,1777.75,1778.35
1748008865943.0,1777.88,1778.48
1748008866479.0,1777.75,1778.35
1748008866703.0,1777.88,1778.48
1748008867168.0,1777.75,1778.35
1748008867617.0,1777.88,1778.48
1748008868907.0,1777.75,1778.35
1748008869132.0,1777.63,1778.23
1748008869638.0,1777.75,1778.35
1748008869994.0,1777.63,1778.23
1748008870533.0,1777.5,1778.1
1748008870759.0,1777.63,1778.23
1748008871013.0,1777.5,1778.1
1748008871238.0,1777.63,1778.23
1748008871526.0,1777.5,1778.1
1748008871752.0,1777.63,1778.23
1748008871977.0,1777.5,1778.1
1748008872426.0,1777.75,1778.35
1748008873030.0,1777.88,1778.48
1748008873479.0,1778.0,1778.6
1748008873785.0,1777.88,1778.48
1748008874013.0,1778.13,1778.73
1748008874391.0,1778.0,1778.6
1748008874617.0,1778.13,1778.73
1748008875084.0,1778.38,1778.98
1748008875336,,
1748008875533.0,1778.63,1779.23
1748008875758.0,1778.5,1779.1
1748008876713.0,1778.63,1779.23
1748008877156.0,1778.5,1779.1
1748008877582,,
1748008877774.0,1778.38,1778.98
1748008878612.0,1778.25,1778.85
1748008878837.0,1778.38,1778.98
1748008879568.0,1778.25,1778.85
1748008879813,,
1748008880689.0,1778.38,1778.98
1748008880914.0,1778.5,1779.1
1748008881271.0,1778.38,1778.98
1748008881937.0,1778.5,1779.1
1748008882163.0,1778.25,1778.85
1748008882386.0,1778.13,1778.73
1748008882640.0,1778.0,1778.6
1748008882866.0,1778.13,1778.73
1748008884535.0,1778.25,1778.85
1748008885212.0,1778.13,1778.73
1748008886763.0,1778.0,1778.6
1748008887075,,
1748008887212.0,1777.88,1778.48
1748008887491.0,1778.0,1778.6
1748008888070.0,1778.13,1778.73
1748008888289.0,1778.25,1778.85
1748008889364.0,1778.13,1778.73
1748008889877.0,1778.0,1778.6
1748008890647.0,1778.13,1778.73
1748008890867.0,1778.0,1778.6
1748008892056.0,1778.13,1778.73
1748008894474.0,1778.25,1778.85
1748008894798.0,1778.13,1778.73
1748008896639.0,1778.25,1778.85
1748008898054.0,1778.13,1778.73
1748008898280.0,1778.25,1778.85
1748008899229.0,1778.13,1778.73
1748008899699.0,1778.25,1778.85
1748008901027.0,1778.13,1778.73
1748008901375.0,1778.25,1778.85
1748008901607.0,1778.13,1778.73
1748008904333.0,1778.0,1778.6
1748008904559.0,1777.88,1778.48
1748008905980.0,1777.75,1778.35
1748008906430.0,1777.63,1778.23
1748008907282,,
1748008907749.0,1777.5,1778.1
1748008908461.0,1777.63,1778.23
1748008908684.0,1777.5,1778.1
1748008909235.0,1777.38,1777.98
1748008909662.0,1777.5,1778.1
1748008910420.0,1777.5,1778.1
1748008910841.0,1777.63,1778.23
1748008911097,,
1748008911328.0,1777.75,1778.35
1748008911554.0,1777.88,1778.48
1748008911781.0,1777.75,1778.35
1748008912257.0,1777.63,1778.23
1748008912919.0,1777.5,1778.1
1748008913142.0,1777.63,1778.23
1748008913692.0,1777.75,1778.35
1748008913930.0,1777.63,1778.23
1748008914380.0,1777.75,1778.35
1748008914606.0,1778.13,1778.73
1748008914830.0,1778.0,1778.6
1748008915849.0,1778.13,1778.73
1748008916432.0,1778.0,1778.6
1748008916658.0,1778.13,1778.73
1748008916882.0,1778.0,1778.6
1748008917190.0,1777.88,1778.48
1748008917494.0,1778.0,1778.6
1748008917717.0,1777.88,1778.48
1748008917944.0,1778.0,1778.6
1748008918284.0,1777.88,1778.48
1748008918709.0,1778.0,1778.6
1748008918932.0,1777.88,1778.48
1748008919158.0,1778.0,1778.6
1748008919382.0,1777.88,1778.48
1748008919697.0,1778.0,1778.6
1748008920212.0,1777.88,1778.48
1748008921065.0,1777.75,1778.35
1748008921289.0,1777.88,1778.48
1748008921539.0,1778.0,1778.6
1748008922211.0,1777.88,1778.48
1748008922661.0,1777.75,1778.35
1748008922889.0,1778.0,1778.6
1748008923111.0,1777.88,1778.48
1748008923645.0,1778.0,1778.6
1748008924235.0,1778.13,1778.73
1748008924807.0,1778.25,1778.85
1748008925361.0,1778.38,1778.98
1748008925707.0,1778.25,1778.85
1748008925929.0,1778.38,1778.98
1748008928190.0,1778.5,1779.1
1748008928416.0,1778.38,1778.98
1748008930254.0,1778.25,1778.85
1748008930480.0,1778.0,1778.6
1748008930706.0,1778.13,1778.73
1748008930930.0,1778.25,1778.85
1748008931222.0,1778.13,1778.73
1748008931464.0,1778.25,1778.85
1748008931780.0,1778.13,1778.73
1748008932333.0,1778.0,1778.6
1748008932805.0,1777.88,1778.48
1748008933035.0,1777.75,1778.35
1748008933414.0,1777.88,1778.48
1748008933864.0,1777.75,1778.35
1748008935076.0,1777.63,1778.23
1748008935355.0,1777.5,1778.1
1748008935580.0,1777.63,1778.23
1748008935916.0,1777.75,1778.35
1748008936138.0,1777.88,1778.48
1748008936418.0,1778.0,1778.6
1748008936643.0,1777.88,1778.48
1748008936869.0,1777.75,1778.35
1748008937476.0,1777.63,1778.23
1748008937704.0,1777.75,1778.35
1748008938048.0,1777.88,1778.48
1748008938272.0,1778.0,1778.6
1748008938497.0,1777.88,1778.48
1748008938788.0,1778.0,1778.6
1748008939014.0,1777.88,1778.48
1748008939735.0,1777.75,1778.35
1748008940805.0,1777.88,1778.48
1748008941807.0,1777.75,1778.35
1748008942932.0,1777.88,1778.48
1748008943344.0,1778.0,1778.6
1748008943791.0,1778.13,1778.73
1748008944065.0,1778.0,1778.6
1748008944588.0,1778.13,1778.73
1748008944813.0,1778.0,1778.6
1748008945264.0,1778.13,1778.73
1748008945871.0,1778.0,1778.6
1748008946099.0,1777.75,1778.35
1748008947210.0,1777.88,1778.48
1748008948746.0,1778.0,1778.6
1748008948970.0,1777.88,1778.48
1748008949307,,
1748008949626,,
1748008949950.0,1777.75,1778.35
1748008950174.0,1777.63,1778.23
1748008950624,,
1748008951073.0,1777.75,1778.35
1748008952341.0,1777.88,1778.48
1748008952830.0,1778.0,1778.6
1748008953055.0,1777.88,1778.48
1748008953279.0,1777.75,1778.35
1748008954653.0,1777.63,1778.23
1748008954877.0,1777.75,1778.35
1748008955104.0,1777.63,1778.23
1748008958244.0,1777.75,1778.35
1748008959397.0,1777.88,1778.48
1748008959621.0,1777.75,1778.35
1748008960777.0,1777.63,1778.23
1748008961104.0,1777.75,1778.35
1748008961652.0,1777.63,1778.23
1748008962371.0,1777.75,1778.35
1748008964087.0,1777.63,1778.23
1748008964311.0,1777.75,1778.35
1748008964761.0,1777.88,1778.48
1748008964986.0,1777.75,1778.35
1748008965211.0,1777.88,1778.48
1748008965550.0,1778.0,1778.6
1748008965997.0,1777.88,1778.48
1748008966259.0,1777.75,1778.35
1748008966486.0,1777.88,1778.48
1748008967405.0,1777.75,1778.35
1748008967630.0,1777.88,1778.48
1748008969629.0,1778.0,1778.6
1748008969855.0,1777.88,1778.48
1748008970676.0,1778.0,1778.6
1748008971570.0,1777.88,1778.48
1748008971794.0,1778.0,1778.6
1748008972019.0,1777.88,1778.48
1748008972346.0,1778.0,1778.6
1748008973749.0,1777.88,1778.48
1748008973973.0,1778.0,1778.6
1748008974197,,
1748008974422.0,1778.13,1778.73
1748008976157.0,1778.25,1778.85
1748008976380,,
1748008976608.0,1778.13,1778.73
1748008976833.0,1778.25,1778.85
1748008977370.0,1778.13,1778.73
1748008979166.0,1778.0,1778.6
1748008979389.0,1777.88,1778.48
1748008979685.0,1778.0,1778.6
1748008980170.0,1777.88,1778.48
1748008980857.0,1778.0,1778.6
1748008981085.0,1777.75,1778.35
1748008982194.0,1777.63,1778.23
1748008982645.0,1777.5,1778.1
1748008983330.0,1777.63,1778.23
1748008983782.0,1777.75,1778.35
1748008984311.0,1777.88,1778.48
1748008984759.0,1777.88,1778.48
1748008984985.0,1778.0,1778.6
1748008985443.0,1777.88,1778.48
1748008985667.0,1777.75,1778.35
1748008985892.0,1777.88,1778.48
1748008986550.0,1777.75,1778.35
1748008986772.0,1777.88,1778.48
1748008987007.0,1777.75,1778.35
1748008987234.0,1777.88,1778.48
1748008987751.0,1777.75,1778.35
1748008988569.0,1777.63,1778.23
1748008988844.0,1777.75,1778.35
1748008989076.0,1777.63,1778.23
1748008989519.0,1777.75,1778.35
1748008989796.0,1777.63,1778.23
1748008991104.0,1777.5,1778.1
1748008991322.0,1777.63,1778.23
1748008992211.0,1777.63,1778.23
1748008993403.0,1777.5,1778.1
1748008993624.0,1777.63,1778.23
1748008994075.0,1777.88,1778.48
1748008994304.0,1777.75,1778.35
1748008995233.0,1777.63,1778.23
1748008995458.0,1777.75,1778.35
1748008995905.0,1777.63,1778.23
1748008996715.0,1777.75,1778.35
1748008996938.0,1777.63,1778.23
1748008997220.0,1777.5,1778.1
1748008997444.0,1777.38,1777.98
1748008997954.0,1777.5,1778.1
1748008998629.0,1777.63,1778.23
1748008998928.0,1777.75,1778.35
1748008999152.0,1777.63,1778.23
1748008999632.0,1777.75,1778.35
1748008999859.0,1777.63,1778.23
1748009000248.0,1777.75,1778.35
1748009000704.0,1777.75,1778.35
1748009000911.0,1777.88,1778.48
1748009001136.0,1777.75,1778.35
1748009001366.0,1777.88,1778.48
1748009001627.0,1777.75,1778.35
1748009002077.0,1777.88,1778.48
1748009002306.0,1778.0,1778.6
1748009003482.0,1777.88,1778.48
1748009003707.0,1778.0,1778.6
1748009005034.0,1777.88,1778.48
1748009006496.0,1777.75,1778.35
1748009006720.0,1777.63,1778.23
1748009006945.0,1777.75,1778.35
1748009007170.0,1777.63,1778.23
1748009008951.0,1777.75,1778.35
1748009009410.0,1777.88,1778.48
1748009009739.0,1778.0,1778.6
1748009010193.0,1777.88,1778.48
1748009010816.0,1778.0,1778.6
1748009011040.0,1777.88,1778.48
1748009011751.0,1777.75,1778.35
1748009012199.0,1777.88,1778.48
1748009013090.0,1777.75,1778.35
1748009013904.0,1777.88,1778.48
1748009014127.0,1777.75,1778.35
1748009014351.0,1777.88,1778.48
1748009014712.0,1777.75,1778.35
1748009015163.0,1777.88,1778.48
1748009015387.0,1777.75,1778.35
1748009015612.0,1777.63,1778.23
1748009015837.0,1777.75,1778.35
1748009016062.0,1777.63,1778.23
1748009016395.0,1777.75,1778.35
1748009016619.0,1777.63,1778.23
1748009018618.0,1777.5,1778.1
1748009018842,,
1748009019218.0,1777.38,1777.98
1748009019469.0,1777.5,1778.1
1748009019872.0,1777.63,1778.23
1748009020097.0,1777.5,1778.1
1748009022007.0,1777.38,1777.98
1748009022338.0,1777.5,1778.1
1748009022909.0,1777.63,1778.23
1748009023236.0,1777.5,1778.1
1748009023479.0,1777.63,1778.23
1748009023704.0,1777.5,1778.1
1748009024048,,
1748009024286.0,1777.63,1778.23
1748009024510.0,1777.88,1778.48
1748009025234.0,1777.75,1778.35
1748009026458.0,1777.63,1778.23
1748009026682.0,1777.75,1778.35
1748009027923.0,1777.63,1778.23
1748009028603.0,1777.5,1778.1
1748009028827.0,1777.63,1778.23
1748009029091.0,1777.75,1778.35
1748009029626.0,1777.88,1778.48
1748009030343.0,1778.0,1778.6
1748009030567.0,1778.13,1778.73
1748009030792.0,1778.0,1778.6
1748009031019.0,1778.13,1778.73
1748009036595.0,1778.0,1778.6
1748009036881,,
1748009037214.0,1777.88,1778.48
1748009037652.0,1778.0,1778.6
1748009040205.0,1777.88,1778.48
1748009040684.0,1778.0,1778.6
1748009041010.0,1778.13,1778.73
1748009041227.0,1778.25,1778.85
1748009041448.0,1778.13,1778.73
1748009041675.0,1778.25,1778.85
1748009042138.0,1778.5,1779.1
1748009042812.0,1778.63,1779.23
1748009043276.0,1778.5,1779.1
1748009043718.0,1778.88,1779.48
1748009043954.0,1778.75,1779.35
1748009044174.0,1778.88,1779.48
1748009044399.0,1778.75,1779.35
1748009044652.0,1778.63,1779.23
1748009044878.0,1778.75,1779.35
1748009045106.0,1778.88,1779.48
1748009046083.0,1778.75,1779.35
1748009046509.0,1778.63,1779.23
1748009046733.0,1778.75,1779.35
1748009047184.0,1778.88,1779.48
1748009047627.0,1779.0,1779.6
1748009047852.0,1778.88,1779.48
1748009049039.0,1779.0,1779.6
1748009049338.0,1778.88,1779.48
1748009050129.0,1779.0,1779.6
1748009050579.0,1778.88,1779.48
1748009050804.0,1779.0,1779.6
1748009051030.0,1778.88,1779.48
1748009051421.0,1779.0,1779.6
1748009052096.0,1778.88,1779.48
1748009054278.0,1778.75,1779.35
1748009054510.0,1778.63,1779.23
1748009054842.0,1778.75,1779.35
1748009055414.0,1778.88,1779.48
1748009055591.0,1778.75,1779.35
1748009055930.0,1778.63,1779.23
1748009056156.0,1778.75,1779.35
1748009057723.0,1778.63,1779.23
1748009058323.0,1778.5,1779.1
1748009058540.0,1778.38,1778.98
1748009058764.0,1778.5,1779.1
1748009059486.0,1778.63,1779.23
1748009059711.0,1778.5,1779.1
1748009060439.0,1778.38,1778.98
1748009060665.0,1778.5,1779.1
1748009060889,,
1748009061296.0,1778.63,1779.23
1748009061596.0,1778.5,1779.1
1748009062534.0,1778.63,1779.23
1748009063588.0,1778.5,1779.1
1748009063813.0,1778.63,1779.23
1748009064037.0,1778.75,1779.35
1748009064723.0,1778.88,1779.48
1748009065122.0,1778.75,1779.35
1748009065444.0,1778.88,1779.48
1748009066063.0,1778.75,1779.35
1748009068754.0,1778.88,1779.48
1748009069205.0,1778.75,1779.35
1748009069767.0,1778.88,1779.48
1748009070179.0,1779.0,1779.6
1748009070406,,
1748009070629.0,1779.13,1779.73
1748009070852.0,1779.0,1779.6
1748009071316.0,1779.13,1779.73
1748009071765.0,1779.0,1779.6
1748009072171.0,1779.13,1779.73
1748009072395.0,1779.38,1779.98
1748009072622.0,1779.5,1780.1
1748009072993.0,1779.63,1780.23
1748009073515.0,1779.5,1780.1
1748009073739.0,1779.38,1779.98
1748009074374.0,1779.5,1780.1
1748009074598.0,1779.75,1780.35
1748009075083.0,1779.88,1780.48
1748009075308.0,1779.75,1780.35
1748009075662.0,1779.88,1780.48
1748009076523.0,1779.75,1780.35
1748009076749.0,1779.88,1780.48
1748009077026.0,1779.75,1780.35
1748009077480.0,1779.63,1780.23
1748009079363,,
1748009079587.0,1779.38,1779.98
1748009080100.0,1778.75,1779.35
1748009080264.0,1779.13,1779.73
1748009080490.0,1779.25,1779.85
1748009080713.0,1779.13,1779.73
1748009081027.0,1779.25,1779.85
1748009081370,,
1748009081985.0,1779.38,1779.98
1748009082212.0,1779.25,1779.85
1748009083066.0,1779.38,1779.98
1748009083520,,
1748009083745.0,1779.5,1780.1
1748009084043.0,1779.38,1779.98
1748009085068.0,1779.5,1780.1
1748009085686.0,1779.38,1779.98
1748009087330.0,1779.25,1779.85
1748009087779.0,1779.13,1779.73
1748009088814.0,1779.25,1779.85
1748009089529.0,1779.38,1779.98
1748009089854.0,1779.5,1780.1
1748009090079.0,1779.38,1779.98
1748009090305.0,1779.5,1780.1
1748009090531.0,1779.38,1779.98
1748009092192.0,1779.5,1780.1
1748009093163.0,1779.63,1780.23
1748009093640.0,1779.5,1780.1
1748009093866.0,1779.38,1779.98
1748009100246.0,1779.5,1780.1
1748009100655.0,1779.38,1779.98
1748009101544.0,1779.5,1780.1
1748009101769.0,1779.38,1779.98
1748009102497.0,1779.5,1780.1
1748009102746.0,1779.38,1779.98
1748009102970.0,1779.5,1780.1
1748009103444.0,1779.38,1779.98
1748009103670.0,1779.5,1780.1
1748009104035.0,1779.38,1779.98
1748009106179.0,1779.25,1779.85
1748009106406.0,1779.13,1779.73
1748009106630.0,1779.38,1779.98
1748009107100.0,1779.25,1779.85
1748009107352.0,1779.38,1779.98
1748009107804.0,1779.25,1779.85
1748009108028.0,1779.38,1779.98
1748009108356.0,1779.5,1780.1
1748009108579,,
1748009109161.0,1779.38,1779.98
1748009109663.0,1779.5,1780.1
1748009110189.0,1779.38,1779.98
1748009112152.0,1779.25,1779.85
1748009112378.0,1779.13,1779.73
1748009112603.0,1779.25,1779.85
1748009112828.0,1779.38,1779.98
1748009113114.0,1779.25,1779.85
1748009113662.0,1779.38,1779.98
1748009113884.0,1779.25,1779.85
1748009114587.0,1779.38,1779.98
1748009115034.0,1779.25,1779.85
1748009115271.0,1779.13,1779.73
1748009118478.0,1779.38,1779.98
1748009118706.0,1779.5,1780.1
1748009119558.0,1779.63,1780.23
1748009120829,,
1748009121005.0,1779.5,1780.1
1748009123654.0,1779.38,1779.98
1748009123881.0,1779.5,1780.1
1748009124106.0,1779.25,1779.85
1748009124329.0,1779.13,1779.73
1748009124780.0,1779.0,1779.6
1748009125006.0,1779.13,1779.73
1748009126977.0,1779.0,1779.6
1748009127426.0,1779.13,1779.73
1748009129117.0,1779.25,1779.85
1748009129568.0,1779.38,1779.98
1748009129791.0,1779.25,1779.85
1748009130536.0,1779.38,1779.98
1748009130766.0,1779.25,1779.85
1748009130989.0,1779.38,1779.98
1748009131426.0,1779.25,1779.85
1748009133104.0,1779.38,1779.98
1748009133322.0,1779.25,1779.85
1748009134030.0,1779.38,1779.98
1748009136319.0,1779.25,1779.85
1748009136540,,
1748009136765.0,1779.38,1779.98
1748009137546.0,1779.5,1780.1
1748009137771.0,1779.63,1780.23
1748009138807.0,1779.75,1780.35
1748009139068.0,1779.63,1780.23
1748009140414.0,1779.5,1780.1
1748009140628.0,1779.63,1780.23
1748009141077.0,1779.63,1780.23
1748009141677.0,1779.5,1780.1
1748009141903.0,1779.63,1780.23
1748009142362.0,1779.5,1780.1
1748009142586.0,1779.63,1780.23
1748009143238.0,1779.5,1780.1
1748009143462.0,1779.63,1780.23
1748009145328.0,1779.5,1780.1
1748009145553.0,1779.63,1780.23
1748009145777.0,1779.5,1780.1
1748009146286.0,1779.38,1779.98
1748009146511.0,1779.5,1780.1
1748009146737.0,1779.38,1779.98
1748009146962.0,1779.5,1780.1
1748009148148.0,1779.63,1780.23
1748009150435.0,1779.75,1780.35
1748009150661.0,1779.88,1780.48
1748009151560.0,1779.75,1780.35
1748009151845.0,1779.88,1780.48
1748009152292.0,1779.75,1780.35
1748009153319.0,1779.63,1780.23
1748009153544.0,1779.75,1780.35
1748009153769.0,1779.63,1780.23
1748009154008.0,1779.75,1780.35
1748009154236.0,1779.63,1780.23
1748009154889.0,1779.75,1780.35
1748009155340.0,1779.63,1780.23
1748009155565.0,1779.75,1780.35
1748009156666.0,1779.88,1780.48
1748009157896.0,1780.0,1780.6
1748009158115.0,1780.38,1780.98
1748009158330.0,1780.13,1780.73
1748009158559.0,1780.25,1780.85
1748009158834,,
1748009159007.0,1780.13,1780.73
1748009160261,,
1748009160484,,
1748009161017.0,1780.0,1780.6
1748009161240.0,1780.13,1780.73
1748009161622,,
1748009161848.0,1780.0,1780.6
1748009162297.0,1779.88,1780.48
1748009164005.0,1779.75,1780.35
1748009164221.0,1779.88,1780.48
1748009164446.0,1779.75,1780.35
1748009164965,,
1748009165418.0,1779.88,1780.48
1748009165925.0,1780.0,1780.6
1748009166204.0,1779.88,1780.48
1748009167936.0,1779.75,1780.35
1748009168159.0,1779.88,1780.48
1748009168383.0,1779.75,1780.35
1748009168722.0,1779.88,1780.48
1748009170073.0,1779.75,1780.35
1748009170296.0,1779.88,1780.48
1748009170522.0,1780.0,1780.6
1748009170798.0,1780.13,1780.73
1748009171615.0,1780.0,1780.6
1748009171838.0,1780.13,1780.73
1748009172075.0,1780.0,1780.6
1748009172512.0,1780.13,1780.73
1748009172737.0,1780.0,1780.6
1748009172963.0,1780.13,1780.73
1748009173208,,
1748009173434.0,1780.25,1780.85
1748009173885.0,1780.63,1781.23
1748009174339.0,1780.5,1781.1
1748009174956.0,1780.63,1781.23
1748009175181.0,1780.5,1781.1
1748009175898.0,1780.63,1781.23
1748009176122.0,1780.5,1781.1
1748009176620.0,1780.38,1780.98
1748009177364.0,1780.5,1781.1
1748009178131.0,1780.63,1781.23
1748009178582.0,1780.5,1781.1
1748009178805.0,1780.38,1780.98
1748009179265.0,1780.5,1781.1
1748009179534.0,1780.38,1780.98
1748009179760.0,1780.5,1781.1
1748009180810.0,1780.63,1781.23
1748009181036.0,1780.5,1781.1
1748009181558.0,1780.38,1780.98
1748009182807.0,1780.5,1781.1
1748009183036.0,1780.75,1781.35
1748009183261.0,1780.63,1781.23
1748009185038.0,1780.5,1781.1
1748009185261,,
1748009185712.0,1780.38,1780.98
1748009187322.0,1780.5,1781.1
1748009187630.0,1780.63,1781.23
1748009188206.0,1780.5,1781.1
1748009189381.0,1780.38,1780.98
1748009190500.0,1780.5,1781.1
1748009193349.0,1780.63,1781.23
1748009194724.0,1780.5,1781.1
1748009194950.0,1780.63,1781.23
1748009195764.0,1780.75,1781.35
1748009196678.0,1780.88,1781.48
1748009197221.0,1780.75,1781.35
1748009197679.0,1780.88,1781.48
1748009199543,,
1748009199767.0,1780.75,1781.35
1748009200237.0,1780.63,1781.23
1748009205686.0,1780.75,1781.35
1748009206504.0,1780.88,1781.48
1748009207076.0,1780.75,1781.35
1748009207291.0,1780.88,1781.48
1748009207970.0,1781.0,1781.6
1748009208404.0,1780.88,1781.48
1748009210020.0,1781.0,1781.6
1748009210378,,
1748009210581.0,1780.88,1781.48
1748009211030.0,1780.75,1781.35
1748009211259.0,1780.63,1781.23
1748009211480.0,1780.75,1781.35
1748009211705.0,1780.63,1781.23
1748009213659.0,1780.75,1781.35
1748009214708.0,1780.88,1781.48
1748009215157.0,1780.88,1781.48
1748009217331.0,1780.75,1781.35
1748009217561.0,1780.88,1781.48
1748009218435,,
1748009218824,,
1748009219068.0,1781.0,1781.6
1748009219370.0,1780.88,1781.48
1748009220549.0,1781.0,1781.6
1748009220829.0,1780.88,1781.48
1748009221063.0,1780.75,1781.35
1748009221435.0,1780.88,1781.48
1748009221658.0,1780.75,1781.35
1748009222136.0,1780.88,1781.48
1748009222584.0,1781.0,1781.6
1748009222811.0,1780.88,1781.48
1748009223484.0,1781.0,1781.6
1748009225610.0,1781.13,1781.73
1748009225834.0,1781.0,1781.6
1748009226243.0,1780.88,1781.48
1748009226466.0,1781.0,1781.6
1748009227764.0,1781.13,1781.73
1748009228212.0,1781.25,1781.85
1748009228438.0,1781.13,1781.73
1748009231026.0,1781.25,1781.85
1748009231251.0,1781.38,1781.98
1748009231475.0,1781.25,1781.85
1748009231924.0,1781.25,1781.85
1748009232983.0,1781.38,1781.98
1748009233206.0,1781.25,1781.85
1748009233431.0,1781.13,1781.73
1748009233661.0,1781.25,1781.85
1748009233894.0,1781.38,1781.98
1748009237897.0,1781.25,1781.85
1748009238119.0,1781.38,1781.98
1748009238350.0,1781.13,1781.73
1748009238627.0,1781.0,1781.6
1748009238852.0,1781.13,1781.73
1748009239077.0,1780.88,1781.48
1748009239846.0,1781.0,1781.6
1748009240343.0,1781.13,1781.73
1748009240568.0,1781.0,1781.6
1748009240792.0,1781.13,1781.73
1748009242570.0,1781.0,1781.6
1748009243152.0,1781.13,1781.73
1748009243990.0,1781.0,1781.6
1748009244463.0,1781.13,1781.73
1748009244688.0,1781.0,1781.6
1748009245327.0,1780.88,1781.48
1748009245552.0,1781.0,1781.6
1748009245784.0,1780.88,1781.48
1748009246003.0,1781.0,1781.6
1748009246427.0,1780.88,1781.48
1748009247112.0,1781.0,1781.6
1748009247641.0,1780.88,1781.48
1748009247866.0,1780.75,1781.35
1748009248091.0,1780.63,1781.23
1748009248542.0,1780.75,1781.35
1748009248906.0,1780.63,1781.23
1748009249169.0,1780.75,1781.35
1748009249394.0,1780.63,1781.23
1748009251334.0,1780.75,1781.35
1748009251558.0,1780.63,1781.23
1748009251784.0,1780.75,1781.35
1748009253359.0,1780.88,1781.48
1748009253715.0,1780.75,1781.35
1748009253939,,
1748009255363.0,1780.63,1781.23
1748009255582.0,1780.75,1781.35
1748009255911.0,1780.63,1781.23
1748009256598.0,1780.75,1781.35
1748009257412.0,1780.63,1781.23
1748009257637.0,1780.75,1781.35
1748009258090.0,1780.63,1781.23
1748009258762.0,1780.5,1781.1
1748009258986.0,1780.63,1781.23
1748009259232.0,1780.75,1781.35
1748009259458.0,1780.63,1781.23
1748009260306.0,1780.75,1781.35
1748009260918.0,1780.88,1781.48
1748009261812.0,1781.0,1781.6
1748009262263.0,1780.88,1781.48
1748009262487.0,1781.0,1781.6
1748009263495.0,1781.13,1781.73
1748009263921,,
1748009264147.0,1781.25,1781.85
1748009264371.0,1781.13,1781.73
1748009265460.0,1781.0,1781.6
1748009265686,,
1748009266362.0,1780.88,1781.48
1748009266585.0,1781.0,1781.6
1748009266868.0,1780.88,1781.48
1748009267093.0,1781.0,1781.6
1748009267416.0,1780.88,1781.48
1748009270784.0,1781.0,1781.6
1748009271009.0,1780.88,1781.48
1748009272566.0,1781.0,1781.6
1748009272790.0,1780.88,1781.48
1748009278083.0,1780.75,1781.35
1748009278390.0,1780.63,1781.23
1748009278982.0,1780.5,1781.1
1748009279207.0,1780.63,1781.23
1748009280254.0,1780.75,1781.35
1748009280805.0,1780.88,1781.48
1748009281582.0,1781.0,1781.6
1748009281807.0,1780.88,1781.48
1748009282173.0,1781.0,1781.6
1748009282398.0,1780.88,1781.48
1748009283844.0,1781.0,1781.6
1748009284082.0,1780.88,1781.48
1748009286602.0,1780.75,1781.35
1748009286897.0,1780.63,1781.23
1748009287572.0,1780.75,1781.35
1748009287797.0,1780.63,1781.23
1748009288022.0,1780.75,1781.35
1748009288530.0,1780.88,1781.48
1748009289067.0,1780.75,1781.35
1748009289284.0,1780.63,1781.23
1748009289618.0,1780.75,1781.35
1748009290337.0,1780.63,1781.23
1748009292082.0,1780.5,1781.1
1748009292443.0,1780.38,1780.98
1748009292892.0,1780.38,1780.98
1748009293364.0,1780.25,1780.85
1748009293586.0,1780.38,1780.98
1748009293814.0,1780.25,1780.85
1748009295437.0,1780.38,1780.98
1748009295926.0,1780.25,1780.85
1748009296151.0,1780.38,1780.98
1748009296375.0,1780.25,1780.85
1748009296604.0,1780.38,1780.98
1748009296827.0,1780.25,1780.85
1748009297276.0,1780.13,1780.73
1748009297763.0,1780.0,1780.6
1748009298195.0,1780.13,1780.73
1748009298971.0,1780.0,1780.6
1748009299195.0,1780.13,1780.73
1748009300669.0,1780.0,1780.6
1748009301118.0,1780.13,1780.73
1748009303247.0,1780.0,1780.6
1748009303475.0,1780.13,1780.73
1748009303963.0,1780.0,1780.6
1748009304188.0,1780.13,1780.73
1748009304904.0,1780.0,1780.6
1748009305586.0,1779.88,1780.48
1748009308274.0,1779.75,1780.35
1748009308724.0,1779.63,1780.23
1748009309206.0,1779.75,1780.35
1748009309569.0,1779.88,1780.48
1748009310023.0,1779.75,1780.35
1748009310525.0,1779.88,1780.48
1748009310749.0,1779.75,1780.35
1748009311237.0,1779.88,1780.48
1748009311466.0,1779.75,1780.35
1748009311687.0,1779.88,1780.48
1748009314617,,
1748009314842.0,1780.0,1780.6
1748009315478.0,1780.13,1780.73
1748009316966.0,1780.0,1780.6
1748009317191.0,1780.13,1780.73
1748009317552.0,1780.25,1780.85
1748009318807.0,1780.13,1780.73
1748009319141.0,1780.25,1780.85
1748009319656.0,1780.13,1780.73
1748009319881.0,1780.25,1780.85
1748009320106.0,1780.13,1780.73
1748009320331.0,1780.25,1780.85
1748009320558.0,1780.38,1780.98
1748009320783.0,1780.25,1780.85
1748009321007.0,1780.38,1780.98
1748009321616.0,1780.25,1780.85
1748009322048,,
1748009322594.0,1780.38,1780.98
1748009323680.0,1780.25,1780.85
1748009323905.0,1780.38,1780.98
1748009324747.0,1780.5,1781.1
1748009325053.0,1780.38,1780.98
1748009325279.0,1780.25,1780.85
1748009325907.0,1780.38,1780.98
1748009326304.0,1780.25,1780.85
1748009327504.0,1780.38,1780.98
1748009327725.0,1780.25,1780.85
1748009327951.0,1780.13,1780.73
1748009328178,,
1748009328562.0,1780.25,1780.85
1748009328784,,
1748009329257.0,1780.38,1780.98
1748009329527.0,1780.5,1781.1
1748009329752,,
1748009330160.0,1780.38,1780.98
1748009330384.0,1780.5,1781.1
1748009330610.0,1780.38,1780.98
1748009331508.0,1780.5,1781.1
1748009332032.0,1780.63,1781.23
1748009332256.0,1780.88,1781.48
1748009332489.0,1780.75,1781.35
1748009332705.0,1780.88,1781.48
1748009332932.0,1780.63,1781.23
1748009334153,,
1748009334382.0,1780.88,1781.48
1748009334607.0,1781.0,1781.6
1748009334832.0,1780.88,1781.48
1748009335057.0,1781.0,1781.6
1748009335283.0,1780.88,1781.48
1748009336427.0,1781.0,1781.6
1748009336878.0,1780.88,1781.48
1748009337106.0,1781.0,1781.6
1748009337813.0,1781.13,1781.73
1748009338036.0,1781.25,1781.85
1748009338260.0,1781.13,1781.73
1748009340164.0,1781.25,1781.85
1748009341005,,
1748009341106.0,1781.13,1781.73
1748009341947.0,1781.0,1781.6
1748009342391.0,1781.13,1781.73
1748009342615.0,1781.0,1781.6
1748009343531.0,1781.13,1781.73
1748009343756.0,1781.0,1781.6
1748009344676.0,1780.88,1781.48
1748009344903.0,1781.0,1781.6
1748009345124.0,1780.88,1781.48
1748009345429.0,1781.0,1781.6
1748009345653.0,1780.88,1781.48
1748009347608.0,1780.75,1781.35
1748009348854.0,1780.63,1781.23
1748009349087.0,1780.75,1781.35
1748009349711.0,1780.88,1781.48
1748009351192.0,1781.0,1781.6
1748009351416.0,1780.88,1781.48
1748009351640.0,1780.75,1781.35
1748009351866.0,1780.88,1781.48
1748009352090.0,1780.75,1781.35
1748009352606.0,1780.88,1781.48
1748009354412,,
1748009354638,,
1748009354737.0,1781.0,1781.6
1748009355256,,
1748009356323.0,1780.88,1781.48
1748009359076.0,1780.75,1781.35
1748009359381.0,1780.63,1781.23
1748009360350.0,1780.75,1781.35
1748009360575.0,1780.63,1781.23
1748009361119.0,1780.75,1781.35
1748009362147.0,1780.63,1781.23
1748009362595.0,1780.75,1781.35
1748009363572.0,1780.63,1781.23
1748009363797.0,1780.75,1781.35
1748009364213.0,1780.63,1781.23
1748009364438.0,1780.75,1781.35
1748009364868.0,1780.88,1781.48
1748009365427.0,1780.75,1781.35
1748009366345.0,1780.88,1781.48
1748009367968.0,1780.88,1781.48
1748009369764.0,1780.75,1781.35
1748009369988.0,1780.88,1781.48
1748009370629.0,1781.0,1781.6
1748009371755.0,1781.13,1781.73
1748009372753.0,1781.0,1781.6
1748009373204.0,1780.88,1781.48
1748009373668.0,1780.75,1781.35
1748009373894.0,1780.88,1781.48
1748009374306.0,1780.75,1781.35
1748009374530.0,1780.63,1781.23
1748009375907.0,1780.75,1781.35
1748009376130.0,1780.63,1781.23
1748009376356.0,1780.75,1781.35
1748009376579.0,1780.63,1781.23
1748009377559.0,1780.75,1781.35
1748009377786.0,1780.63,1781.23
1748009378205.0,1780.75,1781.35
1748009378949.0,1780.88,1781.48
1748009379194.0,1780.75,1781.35
1748009379418,,
1748009379833.0,1780.63,1781.23
1748009380055.0,1780.75,1781.35
1748009380959.0,1780.63,1781.23
1748009381293,,
1748009384153.0,1780.5,1781.1
1748009384375,,
1748009384604.0,1780.63,1781.23
1748009385320.0,1780.75,1781.35
1748009385547.0,1780.63,1781.23
1748009385896.0,1780.5,1781.1
1748009386123.0,1780.63,1781.23
1748009386515.0,1780.5,1781.1
1748009386740.0,1780.63,1781.23
1748009388152.0,1780.5,1781.1
1748009388377.0,1780.63,1781.23
1748009390897.0,1780.75,1781.35
1748009391124.0,1780.63,1781.23
1748009391782.0,1780.75,1781.35
1748009392007.0,1780.63,1781.23
1748009392741.0,1780.5,1781.1
1748009392965.0,1780.63,1781.23
1748009395079.0,1780.5,1781.1
1748009395523.0,1780.63,1781.23
1748009395746.0,1780.5,1781.1
1748009395971.0,1780.63,1781.23
1748009397145.0,1780.5,1781.1
1748009398434.0,1780.38,1780.98
1748009398707.0,1780.5,1781.1
1748009398931.0,1780.38,1780.98
1748009400188.0,1780.25,1780.85
1748009400412.0,1780.38,1780.98
1748009400706.0,1780.25,1780.85
1748009401231.0,1780.13,1780.73
1748009401458.0,1780.25,1780.85
1748009401942.0,1780.13,1780.73
1748009402166.0,1780.25,1780.85
1748009402392.0,1780.13,1780.73
1748009403039.0,1780.25,1780.85
1748009404006.0,1780.13,1780.73
1748009409251.0,1780.25,1780.85
1748009409474.0,1780.38,1780.98
1748009409699.0,1780.5,1781.1
1748009410788.0,1780.38,1780.98
1748009412243.0,1780.5,1781.1
1748009412705.0,1780.5,1781.1
1748009413320.0,1780.38,1780.98
1748009414488.0,1780.25,1780.85
1748009415350.0,1780.13,1780.73
1748009415514.0,1780.25,1780.85
1748009415739.0,1780.38,1780.98
1748009415963.0,1780.25,1780.85
1748009416567.0,1780.13,1780.73
1748009417417.0,1780.0,1780.6
1748009417707.0,1780.13,1780.73
1748009418160.0,1780.0,1780.6
1748009418571.0,1780.13,1780.73
1748009418796.0,1780.0,1780.6
1748009419859.0,1780.13,1780.73
1748009420363.0,1780.0,1780.6
1748009420588.0,1780.13,1780.73
1748009425506.0,1780.25,1780.85
1748009426787.0,1780.38,1780.98
1748009428733.0,1780.25,1780.85
1748009428956.0,1780.38,1780.98
1748009429365.0,1780.25,1780.85
1748009429590.0,1780.5,1781.1
1748009430269.0,1780.5,1781.1
1748009430803.0,1780.5,1781.1
1748009431085.0,1780.63,1781.23
1748009432871.0,1780.5,1781.1
1748009433095,,
1748009433853.0,1780.63,1781.23
1748009434983.0,1780.5,1781.1
1748009435435.0,1780.63,1781.23
1748009435771.0,1780.5,1781.1
1748009435994.0,1780.63,1781.23
1748009436931.0,1780.5,1781.1
1748009437156.0,1780.63,1781.23
1748009437381.0,1780.5,1781.1
1748009437606.0,1780.63,1781.23
1748009439328.0,1780.5,1781.1
1748009440716.0,1780.63,1781.23
1748009442408.0,1780.5,1781.1
1748009443080.0,1780.63,1781.23
1748009443530.0,1780.75,1781.35
1748009443855.0,1780.63,1781.23
1748009444080.0,1780.5,1781.1
1748009444306.0,1780.38,1780.98
1748009444647.0,1780.25,1780.85
1748009444871.0,1780.38,1780.98
1748009445707.0,1780.5,1781.1
1748009447178.0,1780.38,1780.98
1748009447628.0,1780.5,1781.1
1748009448625.0,1780.38,1780.98
1748009448844.0,1780.5,1781.1
1748009450259.0,1780.63,1781.23
1748009451058.0,1780.75,1781.35
1748009451283.0,1780.63,1781.23
1748009452258.0,1780.5,1781.1
1748009453210.0,1780.38,1780.98
1748009454044,,
1748009454268.0,1780.13,1780.73
1748009454708.0,1780.0,1780.6
1748009454933.0,1780.13,1780.73
1748009455236.0,1780.0,1780.6
1748009455578.0,1779.88,1780.48
1748009455806.0,1779.75,1780.35
1748009456772.0,1779.88,1780.48
1748009457291.0,1779.75,1780.35
1748009458409.0,1779.63,1780.23
1748009461210.0,1779.5,1780.1
1748009461659.0,1779.5,1780.1
1748009462073.0,1779.38,1779.98
1748009462557.0,1779.5,1780.1
1748009464527.0,1779.63,1780.23
1748009464754.0,1779.5,1780.1
1748009464981.0,1779.38,1779.98
1748009466823.0,1779.25,1779.85
1748009467047.0,1779.13,1779.73
1748009467639.0,1779.25,1779.85
1748009467865.0,1779.38,1779.98
1748009468090.0,1779.25,1779.85
1748009469172.0,1779.38,1779.98
1748009470730.0,1779.25,1779.85
1748009471048.0,1779.38,1779.98
1748009471496.0,1779.38,1779.98
1748009471927.0,1779.25,1779.85
1748009472149.0,1779.38,1779.98
1748009472376.0,1779.25,1779.85
1748009472635,,
1748009473996.0,1779.38,1779.98
1748009475504.0,1779.25,1779.85
1748009476210.0,1779.13,1779.73
1748009476435.0,1779.25,1779.85
1748009476659.0,1779.38,1779.98
1748009476951.0,1779.5,1780.1
1748009477449.0,1779.63,1780.23
1748009477899.0,1779.38,1779.98
1748009478126.0,1779.5,1780.1
1748009478348.0,1779.38,1779.98
1748009478586.0,1779.5,1780.1
1748009479297.0,1779.63,1780.23
1748009480609.0,1779.75,1780.35
1748009481060.0,1779.63,1780.23
1748009482020.0,1779.75,1780.35
1748009482244.0,1779.88,1780.48
1748009483977,,
1748009484206.0,1780.13,1780.73
1748009484907.0,1780.0,1780.6
1748009485353.0,1779.88,1780.48
1748009486031.0,1780.0,1780.6
1748009486543.0,1779.88,1780.48
1748009487051.0,1779.75,1780.35
1748009487274.0,1779.63,1780.23
1748009487499.0,1779.75,1780.35
1748009487724.0,1779.63,1780.23
1748009488172.0,1779.75,1780.35
1748009488398.0,1779.88,1780.48
1748009489267.0,1779.75,1780.35
1748009489853.0,1779.88,1780.48
1748009490085.0,1779.75,1780.35
1748009490989.0,1779.63,1780.23
1748009491213.0,1779.75,1780.35
1748009491995.0,1779.88,1780.48
1748009493222.0,1780.0,1780.6
1748009493623.0,1779.88,1780.48
1748009496810.0,1780.0,1780.6
1748009497067,,
1748009497259.0,1780.13,1780.73
1748009500105.0,1780.0,1780.6
1748009500327.0,1780.13,1780.73
1748009501041.0,1779.88,1780.48
1748009501322.0,1780.0,1780.6
1748009501547.0,1779.88,1780.48
1748009501777.0,1780.0,1780.6
1748009501996.0,1779.88,1780.48
1748009502304.0,1780.0,1780.6
1748009503141.0,1780.13,1780.73
1748009508280.0,1780.25,1780.85
1748009508505,,
1748009508886.0,1780.38,1780.98
1748009509112.0,1780.25,1780.85
1748009510186.0,1780.38,1780.98
1748009510412.0,1780.25,1780.85
1748009511095.0,1780.13,1780.73
1748009511355.0,1780.25,1780.85
1748009511578.0,1780.13,1780.73
1748009512193.0,1780.25,1780.85
1748009512417.0,1780.13,1780.73
1748009512977.0,1780.25,1780.85
1748009513203.0,1780.13,1780.73
1748009513428.0,1780.25,1780.85
1748009513704.0,1780.13,1780.73
1748009513978.0,1780.25,1780.85
1748009514270.0,1780.13,1780.73
1748009514544.0,1780.25,1780.85
1748009515439.0,1780.38,1780.98
1748009515674.0,1780.25,1780.85
1748009515902.0,1780.38,1780.98
1748009516286.0,1780.25,1780.85
1748009516718.0,1780.13,1780.73
1748009516941.0,1780.25,1780.85
1748009519227.0,1780.38,1780.98
1748009519450.0,1780.25,1780.85
1748009520126.0,1780.38,1780.98
1748009521488.0,1780.25,1780.85
1748009521741.0,1780.38,1780.98
1748009523189.0,1780.5,1781.1
1748009523413.0,1780.63,1781.23
1748009523637.0,1780.5,1781.1
1748009524387.0,1780.63,1781.23
1748009524611.0,1780.5,1781.1
1748009524908,,
1748009526072.0,1780.38,1780.98
1748009526295.0,1780.5,1781.1
1748009527128.0,1780.38,1780.98
1748009528059.0,1780.25,1780.85
1748009528281,,
1748009528506.0,1780.38,1780.98
1748009528731.0,1780.25,1780.85
1748009528990.0,1780.13,1780.73
1748009529218.0,1780.25,1780.85
1748009530096.0,1780.38,1780.98
1748009530322.0,1780.25,1780.85
1748009530546.0,1780.38,1780.98
1748009531405.0,1780.25,1780.85
1748009531762,,
1748009531872.0,1780.38,1780.98
1748009532465.0,1780.5,1781.1
1748009532886.0,1780.38,1780.98
1748009533229.0,1780.5,1781.1
1748009533680.0,1780.63,1781.23
1748009534213.0,1780.75,1781.35
1748009534451.0,1780.88,1781.48
1748009536204.0,1781.0,1781.6
1748009536424,,
1748009536720.0,1781.13,1781.73
1748009536944.0,1781.0,1781.6
1748009537407.0,1780.88,1781.48
1748009537633.0,1781.0,1781.6
1748009537963.0,1781.13,1781.73
1748009538185.0,1781.25,1781.85
1748009538412.0,1781.13,1781.73
1748009539087.0,1781.63,1782.23
1748009539537.0,1781.38,1781.98
1748009539987.0,1781.88,1782.48
1748009540223.0,1782.13,1782.73
1748009540452,,
1748009540679.0,1782.38,1782.98
1748009540908,,
1748009541589.0,1782.5,1783.1
1748009541814.0,1782.38,1782.98
1748009542036.0,1782.5,1783.1
1748009542261.0,1782.63,1783.23
1748009543180.0,1782.5,1783.1
1748009543630.0,1782.38,1782.98
1748009543855.0,1782.5,1783.1
1748009544307.0,1782.38,1782.98
1748009545518.0,1782.5,1783.1
1748009545858.0,1782.38,1782.98
1748009546307.0,1782.38,1782.98
1748009546534.0,1782.5,1783.1
1748009546756.0,1782.63,1783.23
1748009547997.0,1782.75,1783.35
1748009548222.0,1782.63,1783.23
1748009548587.0,1782.75,1783.35
1748009548812,,
1748009549263.0,1782.63,1783.23
1748009550189.0,1782.75,1783.35
1748009551444.0,1782.63,1783.23
1748009551669.0,1782.75,1783.35
1748009551988.0,1782.88,1783.48
1748009552835.0,1783.0,1783.6
1748009553060.0,1783.25,1783.85
1748009553283.0,1783.38,1783.98
1748009553508.0,1783.25,1783.85
1748009553753.0,1783.38,1783.98
1748009554307,,
1748009554756.0,1783.5,1784.1
1748009555430.0,1783.38,1783.98
1748009555656.0,1783.5,1784.1
1748009555892.0,1783.63,1784.23
1748009556192.0,1783.75,1784.35
1748009556418.0,1783.63,1784.23
1748009556787.0,1783.5,1784.1
1748009557011.0,1783.63,1784.23
1748009558219.0,1783.75,1784.35
1748009558443.0,1783.63,1784.23
1748009558923.0,1783.75,1784.35
1748009559150.0,1783.88,1784.48
1748009560620,,
1748009561126.0,1784.0,1784.6
1748009561392.0,1783.88,1784.48
1748009561761.0,1784.0,1784.6
1748009562210.0,1783.88,1784.48
1748009562600.0,1784.0,1784.6
1748009562824.0,1783.88,1784.48
1748009564404.0,1784.0,1784.6
1748009565020.0,1783.88,1784.48
1748009567112.0,1784.0,1784.6
1748009567336.0,1783.88,1784.48
1748009567560.0,1784.0,1784.6
1748009568011.0,1783.88,1784.48
1748009572117.0,1784.0,1784.6
1748009572342.0,1784.13,1784.73
1748009573091.0,1784.0,1784.6
1748009573314.0,1783.88,1784.48
1748009573540.0,1784.0,1784.6
1748009574238.0,1784.13,1784.73
1748009574463.0,1784.0,1784.6
1748009574688.0,1783.88,1784.48
1748009574993.0,1784.0,1784.6
1748009575218.0,1784.13,1784.73
1748009575445.0,1784.0,1784.6
1748009575668.0,1783.88,1784.48
1748009575894.0,1784.0,1784.6
1748009576212.0,1784.13,1784.73
1748009576438.0,1784.0,1784.6
1748009576667.0,1783.88,1784.48
1748009577391.0,1784.0,1784.6
1748009578403.0,1784.13,1784.73
1748009578851.0,1783.88,1784.48
1748009580093.0,1783.75,1784.35
1748009580316.0,1783.63,1784.23
1748009580542.0,1783.75,1784.35
1748009580766.0,1783.63,1784.23
1748009581228.0,1783.75,1784.35
1748009582294.0,1783.88,1784.48
1748009582975.0,1784.0,1784.6
1748009583417.0,1783.88,1784.48
1748009584362.0,1784.0,1784.6
1748009585128.0,1783.88,1784.48
1748009585814.0,1784.0,1784.6
1748009586393.0,1783.88,1784.48
1748009586904.0,1784.0,1784.6
1748009587656.0,1783.88,1784.48
1748009587881.0,1784.0,1784.6
1748009588194.0,1783.88,1784.48
1748009588424,,
1748009588639.0,1784.0,1784.6
1748009588863.0,1783.88,1784.48
1748009589089.0,1784.0,1784.6
1748009589505.0,1783.88,1784.48
1748009589731.0,1784.0,1784.6
1748009589954.0,1784.13,1784.73
1748009590181.0,1784.0,1784.6
1748009591267.0,1783.88,1784.48
1748009591853.0,1783.75,1784.35
1748009592080.0,1783.63,1784.23
1748009592305,,
1748009592753,,
1748009593106.0,1783.5,1784.1
1748009593313.0,1783.25,1783.85
1748009593537.0,1783.38,1783.98
1748009593763.0,1783.25,1783.85
1748009593989.0,1783.13,1783.73
1748009594252.0,1783.25,1783.85
1748009594474.0,1783.13,1783.73
1748009594705.0,1783.25,1783.85
1748009594925.0,1783.38,1783.98
1748009595150.0,1783.25,1783.85
1748009595375.0,1783.13,1783.73
1748009595649.0,1783.25,1783.85
1748009595914.0,1783.13,1783.73
1748009596251.0,1783.0,1783.6
1748009596924.0,1783.13,1783.73
1748009597542.0,1783.0,1783.6
1748009598922.0,1782.88,1783.48
1748009599479.0,1782.75,1783.35
1748009599703.0,1782.88,1783.48
1748009600520.0,1783.0,1783.6
1748009600743.0,1782.88,1783.48
1748009603650.0,1782.75,1783.35
1748009603875,,
1748009604099.0,1782.88,1783.48
1748009604839.0,1782.75,1783.35
1748009605071.0,1782.63,1783.23
1748009605289.0,1782.75,1783.35
1748009605513.0,1782.88,1783.48
1748009605964.0,1782.75,1783.35
1748009606188.0,1782.88,1783.48
1748009606413.0,1782.75,1783.35
1748009606637.0,1782.63,1783.23
1748009607478.0,1782.5,1783.1
1748009607693,,
1748009608130.0,1782.38,1782.98
1748009609846.0,1782.25,1782.85
1748009610077.0,1782.38,1782.98
1748009610376.0,1782.25,1782.85
1748009610979.0,1782.38,1782.98
1748009611505.0,1782.25,1782.85
1748009611721.0,1782.13,1782.73
1748009611946.0,1782.25,1782.85
1748009612170.0,1782.13,1782.73
1748009612965.0,1782.25,1782.85
1748009613191.0,1782.38,1782.98
1748009613627.0,1782.25,1782.85
1748009613853.0,1782.38,1782.98
1748009614077.0,1782.5,1783.1
1748009614304.0,1782.38,1782.98
1748009614529.0,1782.5,1783.1
1748009614752.0,1782.38,1782.98
1748009616423.0,1782.5,1783.1
1748009616643.0,1782.38,1782.98
1748009616868.0,1782.5,1783.1
1748009617093.0,1782.38,1782.98
1748009617519.0,1782.25,1782.85
1748009617787.0,1782.38,1782.98
1748009618156.0,1782.25,1782.85
1748009618381.0,1782.38,1782.98
1748009618734.0,1782.25,1782.85
1748009618956.0,1782.38,1782.98
1748009619221.0,1782.25,1782.85
1748009619627,,
1748009619728.0,1782.38,1782.98
1748009620429.0,1782.5,1783.1
1748009620653.0,1782.63,1783.23
1748009620878.0,1782.5,1783.1
1748009621108.0,1782.63,1783.23
1748009621750.0,1782.75,1783.35
1748009621974.0,1782.88,1783.48
1748009622559.0,1783.0,1783.6
1748009622785.0,1782.88,1783.48
1748009623413.0,1782.75,1783.35
1748009624610.0,1782.88,1783.48
1748009625113.0,1783.0,1783.6
1748009625338.0,1782.88,1783.48
1748009626313.0,1783.0,1783.6
1748009626541.0,1782.88,1783.48
1748009626988.0,1783.0,1783.6
1748009627212.0,1783.13,1783.73
1748009628551.0,1783.0,1783.6
1748009629510.0,1783.13,1783.73
1748009630011.0,1783.0,1783.6
1748009630522.0,1782.88,1783.48
1748009630976.0,1783.0,1783.6
1748009631375.0,1782.88,1783.48
1748009631824.0,1783.0,1783.6
1748009632178.0,1782.88,1783.48
1748009634574.0,1783.0,1783.6
1748009634797.0,1782.88,1783.48
1748009636196.0,1782.75,1783.35
1748009636419.0,1782.88,1783.48
1748009637627.0,1782.75,1783.35
1748009637851.0,1782.63,1783.23
1748009638076.0,1782.75,1783.35
1748009638310.0,1782.63,1783.23
1748009638669.0,1782.5,1783.1
1748009638893.0,1782.38,1782.98
1748009639118.0,1782.25,1782.85
1748009639341.0,1782.38,1782.98
1748009639569.0,1782.25,1782.85
1748009640017.0,1782.38,1782.98
1748009640644.0,1782.25,1782.85
1748009640987.0,1782.38,1782.98
1748009641440.0,1782.25,1782.85
1748009641665.0,1782.38,1782.98
1748009642072.0,1782.5,1783.1
1748009642295,,
1748009642885.0,1782.38,1782.98
1748009643110.0,1782.5,1783.1
1748009643335.0,1782.38,1782.98
1748009644033,,
1748009644258.0,1782.38,1782.98
1748009645528.0,1782.5,1783.1
1748009646017.0,1782.38,1782.98
1748009646547.0,1782.25,1782.85
1748009646774.0,1782.38,1782.98
1748009647304.0,1782.5,1783.1
1748009647596.0,1782.38,1782.98
1748009650220.0,1782.5,1783.1
1748009650445.0,1782.38,1782.98
1748009651445.0,1782.5,1783.1
1748009651894.0,1782.63,1783.23
1748009653623,,
1748009653848.0,1782.5,1783.1
1748009654106.0,1782.63,1783.23
1748009655727.0,1782.75,1783.35
1748009656177.0,1782.63,1783.23
1748009656403.0,1782.75,1783.35
1748009657784.0,1782.88,1783.48
1748009658516.0,1782.75,1783.35
1748009658797.0,1782.63,1783.23
1748009659050.0,1782.75,1783.35
1748009659280.0,1782.63,1783.23
1748009659498.0,1782.5,1783.1
1748009659861.0,1782.38,1782.98
1748009661109.0,1782.5,1783.1
1748009661342.0,1782.13,1782.73
1748009662225.0,1782.0,1782.6
1748009662451.0,1781.88,1782.48
1748009663256.0,1782.0,1782.6
1748009663708.0,1782.13,1782.73
1748009664330.0,1782.0,1782.6
1748009664903.0,1782.13,1782.73
1748009665903.0,1782.0,1782.6
1748009666730.0,1781.88,1782.48
1748009667595.0,1781.75,1782.35
1748009667820,,
1748009668190.0,1781.88,1782.48
1748009669817.0,1782.0,1782.6
1748009670040.0,1782.13,1782.73
1748009671445.0,1782.25,1782.85
1748009671669.0,1782.38,1782.98
1748009671893.0,1782.5,1783.1
1748009672118.0,1782.38,1782.98
1748009672569.0,1782.38,1782.98
1748009673320.0,1782.5,1783.1
1748009673692.0,1782.38,1782.98
1748009674003.0,1782.5,1783.1
1748009674226.0,1782.38,1782.98
1748009674742.0,1782.25,1782.85
1748009675046.0,1782.38,1782.98
1748009675799.0,1782.25,1782.85
1748009676025.0,1782.38,1782.98
1748009676645.0,1782.25,1782.85
1748009677320.0,1782.38,1782.98
1748009677805.0,1782.5,1783.1
1748009678026.0,1782.63,1783.23
1748009678253.0,1782.5,1783.1
1748009678477.0,1782.63,1783.23
1748009679321.0,1782.5,1783.1
1748009679543.0,1782.63,1783.23
1748009679771.0,1782.5,1783.1
1748009679994.0,1782.63,1783.23
1748009681593.0,1782.88,1783.48
1748009681817.0,1783.0,1783.6
1748009682653.0,1782.88,1783.48
1748009682877.0,1783.0,1783.6
1748009683328.0,1783.13,1783.73
1748009683552.0,1783.0,1783.6
1748009683779.0,1783.13,1783.73
1748009684277.0,1783.0,1783.6
1748009684975.0,1782.88,1783.48
1748009685189.0,1783.0,1783.6
1748009685911.0,1783.13,1783.73
1748009686134.0,1783.0,1783.6
1748009686360.0,1783.13,1783.73
1748009686808.0,1783.0,1783.6
1748009687036.0,1783.13,1783.73
1748009687928.0,1783.25,1783.85
1748009688152.0,1783.13,1783.73
1748009688403.0,1783.25,1783.85
1748009688852.0,1783.13,1783.73
1748009689578.0,1783.0,1783.6
1748009690025.0,1783.13,1783.73
1748009700306,,
1748009700640.0,1782.88,1783.48
1748009702772.0,1782.75,1783.35
1748009702995.0,1782.88,1783.48
1748009703923.0,1782.75,1783.35
1748009704150.0,1782.88,1783.48
1748009705264.0,1783.0,1783.6
1748009705714.0,1783.13,1783.73
1748009706315.0,1783.0,1783.6
1748009706577.0,1783.13,1783.73
1748009706805.0,1783.0,1783.6
1748009707252.0,1783.13,1783.73
1748009707703.0,1783.0,1783.6
1748009707926.0,1783.13,1783.73
1748009708152.0,1783.0,1783.6
1748009708476.0,1782.88,1783.48
1748009708699.0,1783.0,1783.6
1748009708925.0,1783.13,1783.73
1748009709591.0,1783.0,1783.6
1748009709860.0,1783.13,1783.73
1748009714679,,
1748009714851.0,1783.0,1783.6
1748009715386.0,1783.13,1783.73
1748009716881.0,1783.0,1783.6
1748009717105.0,1783.13,1783.73
1748009717544.0,1783.25,1783.85
1748009717765.0,1783.13,1783.73
1748009717990.0,1783.25,1783.85
1748009718216.0,1783.38,1783.98
1748009718668.0,1783.25,1783.85
1748009719222.0,1783.13,1783.73
1748009719447.0,1783.25,1783.85
1748009720095.0,1783.38,1783.98
1748009720320.0,1783.25,1783.85
1748009720546.0,1783.38,1783.98
1748009721528.0,1783.5,1784.1
1748009721753,,
1748009722160.0,1783.63,1784.23
1748009724199.0,1783.5,1784.1
1748009724423.0,1783.38,1783.98
1748009724761.0,1783.25,1783.85
1748009724987.0,1783.13,1783.73
1748009726032.0,1783.25,1783.85
1748009726257.0,1783.13,1783.73
1748009728316,,
1748009728542.0,1783.0,1783.6
1748009728891.0,1783.13,1783.73
1748009729115.0,1783.0,1783.6
1748009731492.0,1782.88,1783.48
1748009733524.0,1782.75,1783.35
1748009733973.0,1782.75,1783.35
1748009734198.0,1782.88,1783.48
1748009734423.0,1782.75,1783.35
1748009734647.0,1782.88,1783.48
1748009735217.0,1782.75,1783.35
1748009736887.0,1782.88,1783.48
1748009737111.0,1782.75,1783.35
1748009737824.0,1782.88,1783.48
1748009738049.0,1783.0,1783.6
1748009740278.0,1783.13,1783.73
1748009740504.0,1783.0,1783.6
1748009740732.0,1782.88,1783.48
1748009741014.0,1783.0,1783.6
1748009741720.0,1783.13,1783.73
1748009742173.0,1783.0,1783.6
1748009743164.0,1782.88,1783.48
1748009743389.0,1782.63,1783.23
1748009743942.0,1782.5,1783.1
1748009744344.0,1782.38,1782.98
1748009745009.0,1782.5,1783.1
1748009745234.0,1782.38,1782.98
1748009746082.0,1782.25,1782.85
1748009746305.0,1782.38,1782.98
1748009747184.0,1782.5,1783.1
1748009747423.0,1782.38,1782.98
1748009747648.0,1782.5,1783.1
1748009748086.0,1782.38,1782.98
1748009749129.0,1782.5,1783.1
1748009749354.0,1782.38,1782.98
1748009749967.0,1782.5,1783.1
1748009750784.0,1782.38,1782.98
1748009752187.0,1782.5,1783.1
1748009752414.0,1782.38,1782.98
1748009753047.0,1782.5,1783.1
1748009753273.0,1782.38,1782.98
1748009754769.0,1782.25,1782.85
1748009755221.0,1782.13,1782.73
1748009755445.0,1782.25,1782.85
1748009755895.0,1782.38,1782.98
1748009758232.0,1782.5,1783.1
1748009758458.0,1782.63,1783.23
1748009758911.0,1782.38,1782.98
1748009760050,,
1748009760276.0,1782.13,1782.73
1748009760568,,
1748009761362.0,1782.0,1782.6
1748009761804.0,1781.88,1782.48
1748009763859.0,1781.75,1782.35
1748009764086.0,1781.63,1782.23
1748009764313.0,1781.75,1782.35
1748009764534.0,1781.63,1782.23
1748009766248.0,1781.75,1782.35
1748009766470,,
1748009766696.0,1781.63,1782.23
1748009770264.0,1781.75,1782.35
1748009770488.0,1781.88,1782.48
1748009770830.0,1781.75,1782.35
1748009771284.0,1781.88,1782.48
1748009771505.0,1781.75,1782.35
1748009772276.0,1781.88,1782.48
1748009773156.0,1781.75,1782.35
1748009773390.0,1781.88,1782.48
1748009773615.0,1781.75,1782.35
1748009774705.0,1781.63,1782.23
1748009775071.0,1781.75,1782.35
1748009775294.0,1781.63,1782.23
1748009775899.0,1781.38,1781.98
1748009776123.0,1781.5,1782.1
1748009776821.0,1781.63,1782.23
1748009777335.0,1781.5,1782.1
1748009777557.0,1781.63,1782.23
1748009778480.0,1781.75,1782.35
1748009778928.0,1781.63,1782.23
1748009779149.0,1781.75,1782.35
1748009779374,,
1748009779603.0,1781.63,1782.23
1748009779824.0,1781.75,1782.35
1748009781693.0,1781.63,1782.23
1748009782477.0,1781.75,1782.35
1748009782704.0,1781.88,1782.48
1748009782929.0,1782.0,1782.6
1748009783292.0,1781.88,1782.48
1748009786643.0,1782.0,1782.6
1748009786903.0,1782.13,1782.73
1748009787128.0,1782.0,1782.6
1748009787352.0,1782.13,1782.73
1748009787577.0,1782.0,1782.6
1748009787804.0,1781.88,1782.48
1748009789328.0,1781.75,1782.35
1748009789552.0,1781.63,1782.23
1748009791454.0,1781.75,1782.35
1748009791684.0,1781.63,1782.23
1748009792043.0,1781.75,1782.35
1748009792266.0,1781.63,1782.23
1748009793188.0,1781.75,1782.35
1748009793413.0,1781.63,1782.23
1748009793638.0,1781.75,1782.35
1748009794089.0,1781.63,1782.23
1748009794709.0,1781.75,1782.35
1748009794932.0,1781.63,1782.23
1748009795874.0,1781.5,1782.1
1748009796104,,
1748009796322.0,1781.63,1782.23
1748009796784.0,1781.75,1782.35
1748009797657.0,1781.88,1782.48
1748009797880.0,1781.75,1782.35
1748009798327.0,1781.63,1782.23
1748009799205.0,1781.75,1782.35
1748009799661.0,1781.63,1782.23
1748009799887.0,1781.75,1782.35
1748009800111.0,1781.63,1782.23
1748009800337.0,1781.75,1782.35
1748009800786.0,1781.63,1782.23
1748009801011.0,1781.75,1782.35
1748009801776.0,1781.63,1782.23
1748009802004.0,1781.75,1782.35
1748009802329.0,1781.63,1782.23
1748009802561.0,1781.75,1782.35
1748009802784.0,1781.63,1782.23
1748009803076.0,1781.75,1782.35
1748009803526.0,1781.63,1782.23
1748009803876,,
1748009804327.0,1781.75,1782.35
1748009804776.0,1781.75,1782.35
1748009805016.0,1781.63,1782.23
1748009805822.0,1781.5,1782.1
1748009806287,,
1748009806836.0,1781.38,1781.98
1748009809690.0,1781.25,1781.85
1748009810430.0,1781.38,1781.98
1748009810656.0,1781.25,1781.85
1748009810879.0,1781.38,1781.98
1748009815281.0,1781.5,1782.1
1748009815949,,
1748009816223.0,1781.5,1782.1
1748009816446.0,1781.38,1781.98
1748009819415.0,1781.25,1781.85
1748009819642.0,1781.13,1781.73
1748009819865.0,1781.25,1781.85
1748009820091.0,1781.13,1781.73
1748009820759.0,1781.25,1781.85
1748009821582.0,1781.13,1781.73
1748009822257.0,1781.25,1781.85
1748009822904.0,1781.13,1781.73
1748009823215.0,1781.25,1781.85
1748009823437,,
1748009823921.0,1781.38,1781.98
1748009824150.0,1781.25,1781.85
1748009824495.0,1781.38,1781.98
1748009824720.0,1781.25,1781.85
1748009824944.0,1781.38,1781.98
1748009825341.0,1781.5,1782.1
1748009825568.0,1781.38,1781.98
1748009825804.0,1781.25,1781.85
1748009826029.0,1781.13,1781.73
1748009826560.0,1781.25,1781.85
1748009826794.0,1781.13,1781.73
1748009828108.0,1781.0,1781.6
1748009828557.0,1781.13,1781.73
1748009829257.0,1781.25,1781.85
1748009829484.0,1781.13,1781.73
1748009830056.0,1781.0,1781.6
1748009830504.0,1780.88,1781.48
1748009830729.0,1781.0,1781.6
1748009831388.0,1780.88,1781.48
1748009831664.0,1781.0,1781.6
1748009833203.0,1781.13,1781.73
1748009833615.0,1781.0,1781.6
1748009834168.0,1780.88,1781.48
1748009834395.0,1780.75,1781.35
1748009834826.0,1780.63,1781.23
1748009837014.0,1780.75,1781.35
1748009837464.0,1780.63,1781.23
1748009837690.0,1780.75,1781.35
1748009838228.0,1780.88,1781.48
1748009839635.0,1781.0,1781.6
1748009839860.0,1780.88,1781.48
1748009840514.0,1781.0,1781.6
1748009840739.0,1780.88,1781.48
1748009841190.0,1781.0,1781.6
1748009841412.0,1780.88,1781.48
1748009842185.0,1781.0,1781.6
1748009842667.0,1780.88,1781.48
1748009843117.0,1781.0,1781.6
1748009843342.0,1780.88,1781.48
1748009844070.0,1781.0,1781.6
1748009844511.0,1780.88,1781.48
1748009844735.0,1781.0,1781.6
1748009844961.0,1780.88,1781.48
1748009846358.0,1780.75,1781.35
1748009846584,,
1748009846886.0,1780.88,1781.48
1748009848091.0,1781.0,1781.6
1748009848532.0,1780.88,1781.48
1748009848767.0,1781.0,1781.6
1748009849731.0,1781.13,1781.73
1748009849958.0,1781.0,1781.6
1748009850177.0,1780.88,1781.48
1748009850751.0,1781.0,1781.6
1748009852433.0,1781.13,1781.73
1748009853185.0,1781.0,1781.6
1748009853406.0,1780.75,1781.35
1748009854490.0,1780.88,1781.48
1748009856291.0,1781.0,1781.6
1748009856514.0,1780.88,1781.48
1748009856971.0,1781.0,1781.6
1748009857537.0,1780.88,1781.48
1748009857760.0,1781.0,1781.6
1748009858151.0,1780.88,1781.48
1748009858602.0,1781.0,1781.6
1748009858948.0,1781.13,1781.73
1748009859397.0,1781.0,1781.6
1748009859622.0,1781.13,1781.73
1748009859846.0,1781.0,1781.6
1748009860071.0,1781.13,1781.73
1748009860298.0,1780.88,1781.48
1748009860520.0,1781.0,1781.6
1748009861077.0,1780.88,1781.48
1748009862653.0,1781.0,1781.6
1748009864273.0,1781.13,1781.73
1748009864726.0,1781.25,1781.85
1748009864950.0,1781.38,1781.98
1748009865177.0,1781.25,1781.85
1748009865404.0,1781.38,1781.98
1748009865627.0,1781.25,1781.85
1748009865999.0,1781.13,1781.73
1748009866224.0,1781.25,1781.85
1748009866509.0,1781.13,1781.73
1748009866733.0,1781.38,1781.98
1748009867146.0,1781.25,1781.85
1748009867371.0,1781.38,1781.98
1748009868040.0,1781.25,1781.85
1748009869502.0,1781.38,1781.98
1748009869726.0,1781.25,1781.85
1748009870669.0,1781.38,1781.98
1748009870894.0,1781.13,1781.73
1748009872855.0,1781.25,1781.85
1748009874025.0,1781.13,1781.73
1748009874487.0,1781.25,1781.85
1748009874805.0,1781.38,1781.98
1748009875510.0,1781.5,1782.1
1748009875734,,
1748009876067.0,1781.38,1781.98
1748009876313.0,1781.5,1782.1
1748009876539.0,1781.38,1781.98
1748009877948.0,1781.25,1781.85
1748009878772.0,1781.38,1781.98
1748009879193.0,1781.25,1781.85
1748009879563.0,1781.38,1781.98
1748009879787.0,1781.25,1781.85
1748009880238.0,1781.25,1781.85
1748009880686.0,1781.38,1781.98
1748009881289.0,1781.25,1781.85
1748009881511.0,1781.38,1781.98
1748009882167.0,1781.25,1781.85
1748009882416.0,1781.38,1781.98
1748009883875.0,1781.25,1781.85
1748009884105,,
1748009884552.0,1781.38,1781.98
1748009885260.0,1781.5,1782.1
1748009885484.0,1781.25,1781.85
1748009885709.0,1781.13,1781.73
1748009886729.0,1781.0,1781.6
1748009887595.0,1780.88,1781.48
1748009887818.0,1781.0,1781.6
1748009888086.0,1780.88,1781.48
1748009888586.0,1781.0,1781.6
1748009889416.0,1780.88,1781.48
1748009889864.0,1781.0,1781.6
1748009890384.0,1781.13,1781.73
1748009890833.0,1781.0,1781.6
1748009891060.0,1781.13,1781.73
1748009891728.0,1781.0,1781.6
1748009893724.0,1781.13,1781.73
1748009894572.0,1781.0,1781.6
1748009894798.0,1780.88,1781.48
1748009895022.0,1781.0,1781.6
1748009895331.0,1781.13,1781.73
1748009898180.0,1781.25,1781.85
1748009898404.0,1781.13,1781.73
1748009900291.0,1781.0,1781.6
1748009900743.0,1781.13,1781.73
1748009900969.0,1781.0,1781.6
1748009901417.0,1781.13,1781.73
1748009902599.0,1781.0,1781.6
1748009902824.0,1781.13,1781.73
1748009903049.0,1781.0,1781.6
1748009903499,,
1748009903732.0,1780.88,1781.48
1748009904272.0,1780.75,1781.35
1748009904823.0,1780.63,1781.23
1748009905048.0,1780.75,1781.35
1748009905464.0,1780.88,1781.48
1748009905687.0,1780.75,1781.35
1748009905911.0,1780.88,1781.48
1748009906140.0,1780.75,1781.35
1748009906585.0,1780.88,1781.48
1748009908014.0,1780.75,1781.35
1748009908270.0,1780.88,1781.48
1748009909272.0,1780.75,1781.35
1748009909495.0,1780.88,1781.48
1748009910265.0,1780.75,1781.35
1748009910489.0,1780.88,1781.48
1748009911460.0,1781.0,1781.6
1748009911809.0,1781.13,1781.73
1748009912035.0,1781.0,1781.6
1748009912291.0,1781.13,1781.73
1748009912514.0,1780.88,1781.48
1748009912886.0,1781.0,1781.6
1748009913109.0,1780.88,1781.48
1748009913852.0,1781.0,1781.6
1748009914078.0,1780.88,1781.48
1748009914508.0,1781.0,1781.6
1748009915103.0,1780.88,1781.48
1748009915552.0,1781.0,1781.6
1748009916004.0,1780.75,1781.35
1748009916675.0,1780.63,1781.23
1748009916903.0,1780.75,1781.35
1748009918207.0,1780.63,1781.23
1748009918431.0,1780.75,1781.35
1748009919105.0,1780.63,1781.23
1748009919330.0,1780.75,1781.35
1748009920357.0,1780.88,1781.48
1748009921017.0,1780.75,1781.35
1748009921250.0,1780.88,1781.48
1748009921477.0,1780.75,1781.35
1748009921697.0,1780.88,1781.48
1748009922523.0,1780.75,1781.35
1748009922778,,
1748009922972.0,1780.63,1781.23
1748009924484.0,1780.75,1781.35
1748009924712.0,1780.63,1781.23
1748009925166.0,1780.75,1781.35
1748009925991.0,1780.63,1781.23
1748009926306.0,1780.75,1781.35
1748009926573.0,1780.63,1781.23
1748009927897.0,1780.75,1781.35
1748009928741.0,1780.63,1781.23
1748009929930.0,1780.5,1781.1
1748009930154,,
1748009930379.0,1780.63,1781.23
1748009930782.0,1780.5,1781.1
1748009931006.0,1780.38,1780.98
1748009931231.0,1780.5,1781.1
1748009931605.0,1780.38,1780.98
1748009932839.0,1780.5,1781.1
1748009933782.0,1780.38,1780.98
1748009935422.0,1780.5,1781.1
1748009935871.0,1780.63,1781.23
1748009936112.0,1780.5,1781.1
1748009937039.0,1780.38,1780.98
1748009940919.0,1780.5,1781.1
1748009941369.0,1780.38,1780.98
1748009941820.0,1780.5,1781.1
1748009942043.0,1780.38,1780.98
1748009942770.0,1780.5,1781.1
1748009942993.0,1780.38,1780.98
1748009943219.0,1780.25,1780.85
1748009943443.0,1780.13,1780.73
1748009944160.0,1780.13,1780.73
1748009944734.0,1780.0,1780.6
1748009945405.0,1780.13,1780.73
1748009945630.0,1780.25,1780.85
1748009946094.0,1780.13,1780.73
1748009946640.0,1780.0,1780.6
1748009946863.0,1780.13,1780.73
1748009947191.0,1780.0,1780.6
1748009947416.0,1780.13,1780.73
1748009947866.0,1780.13,1780.73
1748009948197.0,1780.25,1780.85
1748009948764.0,1780.38,1780.98
1748009949009.0,1780.5,1781.1
1748009949235.0,1780.38,1780.98
1748009950660.0,1780.5,1781.1
1748009950884,,
1748009951887.0,1780.38,1780.98
1748009952114.0,1780.5,1781.1
1748009952339.0,1780.38,1780.98
1748009952788.0,1780.5,1781.1
1748009953935.0,1780.38,1780.98
1748009954161.0,1780.5,1781.1
1748009954455.0,1780.38,1780.98
1748009955182.0,1780.25,1780.85
1748009955509.0,1780.38,1780.98
1748009955733.0,1780.25,1780.85
1748009956246.0,1780.38,1780.98
1748009956618.0,1780.25,1780.85
1748009956841.0,1780.38,1780.98
1748009957071.0,1780.25,1780.85
1748009958007.0,1780.38,1780.98
1748009958232.0,1780.25,1780.85
1748009958682.0,1780.38,1780.98
1748009960794.0,1780.25,1780.85
1748009961442.0,1780.38,1780.98
1748009961893.0,1780.25,1780.85
1748009962118.0,1780.38,1780.98
1748009962378.0,1780.25,1780.85
1748009962625.0,1780.13,1780.73
1748009962891.0,1780.25,1780.85
1748009964217.0,1780.13,1780.73
1748009964892.0,1780.25,1780.85
1748009965979.0,1780.38,1780.98
1748009966204.0,1780.5,1781.1
1748009966431.0,1780.38,1780.98
1748009971024.0,1780.25,1780.85
1748009971249.0,1780.38,1780.98
1748009972216.0,1780.25,1780.85
1748009972438.0,1780.13,1780.73
1748009972688.0,1780.25,1780.85
1748009972913.0,1780.13,1780.73
1748009973138.0,1780.25,1780.85
1748009973770.0,1780.13,1780.73
1748009974182.0,1780.25,1780.85
1748009974610.0,1780.38,1780.98
1748009975590.0,1780.5,1781.1
1748009975815.0,1780.38,1780.98
1748009976064.0,1780.5,1781.1
1748009976515.0,1780.38,1780.98
1748009976740.0,1780.5,1781.1
1748009977190.0,1780.38,1780.98
1748009978985.0,1780.5,1781.1
1748009979434.0,1780.38,1780.98
1748009979778.0,1780.5,1781.1
1748009980003.0,1780.38,1780.98
1748009982177.0,1780.25,1780.85
1748009982403.0,1780.38,1780.98
1748009982625.0,1780.25,1780.85
1748009983074.0,1780.38,1780.98
1748009983442.0,1780.25,1780.85
1748009983730.0,1780.13,1780.73
1748009983954.0,1780.25,1780.85
1748009984178.0,1780.13,1780.73
1748009984468.0,1780.25,1780.85
1748009985215.0,1780.13,1780.73
1748009985447.0,1780.25,1780.85
1748009985699.0,1780.13,1780.73
1748009985923.0,1780.25,1780.85
1748009986149.0,1780.13,1780.73
1748009986459.0,1780.25,1780.85
1748009988216.0,1780.13,1780.73
1748009991021.0,1780.0,1780.6
1748009991246.0,1779.88,1780.48
1748009992006,,
1748009992894,,
1748009993160.0,1779.88,1780.48
1748009994305.0,1780.0,1780.6
1748009994530.0,1779.88,1780.48
1748009995553.0,1779.75,1780.35
1748009996454.0,1779.63,1780.23
1748009997504.0,1779.75,1780.35
1748009997725.0,1779.63,1780.23
1748009999623.0,1779.75,1780.35
1748009999932.0,1779.63,1780.23
1748010000155.0,1779.75,1780.35
1748010000380.0,1779.63,1780.23
1748010000604.0,1779.88,1780.48
1748010000830.0,1779.75,1780.35
1748010001788.0,1779.63,1780.23
1748010002476.0,1779.75,1780.35
1748010002924.0,1779.63,1780.23
1748010003181.0,1779.75,1780.35
1748010003865.0,1779.63,1780.23
1748010004164.0,1779.75,1780.35
1748010004985.0,1779.88,1780.48
1748010005658.0,1779.75,1780.35
1748010005882.0,1779.63,1780.23
1748010006557.0,1779.5,1780.1
1748010006780,,
1748010007142.0,1779.63,1780.23
1748010007839.0,1779.5,1780.1
1748010009144.0,1779.63,1780.23
1748010009864.0,1779.75,1780.35
1748010010089.0,1779.88,1780.48
1748010010313.0,1779.75,1780.35
1748010011236.0,1779.63,1780.23
1748010011455.0,1779.75,1780.35
1748010011728.0,1779.63,1780.23
1748010011966.0,1779.75,1780.35
1748010012191.0,1779.63,1780.23
1748010012932.0,1779.5,1780.1
1748010013246.0,1779.63,1780.23
1748010014841.0,1779.5,1780.1
1748010015071.0,1779.38,1779.98
1748010015290.0,1779.5,1780.1
1748010016145.0,1779.38,1779.98
1748010022712.0,1779.25,1779.85
1748010022937.0,1779.13,1779.73
1748010023800.0,1779.25,1779.85
1748010024040,,
1748010024854.0,1779.13,1779.73
1748010025082.0,1779.25,1779.85
1748010025306.0,1779.38,1779.98
1748010026309.0,1779.5,1780.1
1748010026535,,
1748010026761.0,1779.38,1779.98
1748010027832.0,1779.5,1780.1
1748010028066.0,1779.63,1780.23
1748010028459.0,1779.75,1780.35
1748010029698.0,1779.63,1780.23
1748010031608.0,1779.5,1780.1
1748010031834.0,1779.38,1779.98
1748010032509.0,1779.5,1780.1
1748010033056.0,1779.38,1779.98
1748010033283.0,1779.5,1780.1
1748010033876.0,1779.38,1779.98
1748010034541.0,1779.5,1780.1
1748010034928.0,1779.38,1779.98
1748010036463.0,1779.5,1780.1
1748010037252.0,1779.63,1780.23
1748010037758.0,1779.75,1780.35
1748010038192.0,1779.63,1780.23
1748010040240,,
1748010040445.0,1779.5,1780.1
1748010042078.0,1779.63,1780.23
1748010045798.0,1779.5,1780.1
1748010046140,,
1748010046248.0,1779.38,1779.98
1748010046474.0,1779.5,1780.1
1748010046923.0,1779.5,1780.1
1748010047476.0,1779.63,1780.23
1748010047703.0,1779.5,1780.1
1748010047984.0,1779.63,1780.23
1748010048426.0,1779.5,1780.1
1748010048705.0,1779.38,1779.98
1748010050952.0,1779.25,1779.85
1748010051180.0,1779.13,1779.73
1748010051398.0,1779.38,1779.98
1748010051626.0,1779.25,1779.85
1748010052159.0,1779.38,1779.98
1748010052384.0,1779.25,1779.85
1748010052835.0,1779.38,1779.98
1748010053307.0,1779.25,1779.85
1748010055178.0,1779.13,1779.73
1748010055402.0,1779.25,1779.85
1748010055625.0,1779.13,1779.73
1748010055852.0,1779.0,1779.6
1748010056304.0,1779.13,1779.73
1748010056925.0,1779.25,1779.85
1748010057375.0,1779.13,1779.73
1748010057604.0,1779.25,1779.85
1748010058047.0,1779.38,1779.98
1748010058273.0,1779.63,1780.23
1748010058499.0,1779.75,1780.35
1748010058722.0,1779.63,1780.23
1748010059443.0,1779.63,1780.23
1748010059760.0,1779.5,1780.1
1748010059984.0,1779.63,1780.23
1748010060208.0,1779.5,1780.1
1748010060971.0,1779.38,1779.98
1748010061505.0,1779.25,1779.85
1748010061728,,
1748010061954.0,1779.38,1779.98
1748010062180.0,1779.25,1779.85
1748010062404.0,1779.38,1779.98
1748010062656.0,1779.25,1779.85
1748010062882.0,1779.38,1779.98
1748010063506.0,1779.25,1779.85
1748010063955.0,1779.13,1779.73
1748010064181.0,1779.25,1779.85
1748010064907.0,1779.13,1779.73
1748010065357.0,1779.25,1779.85
1748010066884.0,1779.13,1779.73
1748010067108.0,1779.25,1779.85
1748010067333.0,1779.13,1779.73
1748010067563.0,1778.88,1779.48
1748010067782.0,1779.0,1779.6
1748010068335.0,1779.13,1779.73
1748010068792.0,1779.0,1779.6
1748010069008.0,1779.13,1779.73
1748010069459.0,1779.0,1779.6
1748010070238,,
1748010070868.0,1778.88,1779.48
1748010071423.0,1778.75,1779.35
1748010071649,,
1748010071873.0,1778.63,1779.23
1748010072370.0,1778.75,1779.35
1748010072595.0,1778.88,1779.48
1748010072819.0,1778.75,1779.35
1748010073119.0,1778.63,1779.23
1748010073343.0,1778.75,1779.35
1748010074271.0,1778.63,1779.23
1748010074496.0,1778.75,1779.35
1748010074969.0,1778.63,1779.23
1748010075492.0,1778.5,1779.1
1748010075716.0,1778.63,1779.23
1748010078027.0,1778.75,1779.35
1748010078251.0,1778.88,1779.48
1748010078819.0,1778.75,1779.35
1748010079042.0,1778.88,1779.48
1748010082382.0,1778.75,1779.35
1748010083010.0,1778.88,1779.48
1748010083316.0,1778.75,1779.35
1748010083654.0,1778.88,1779.48
1748010083885.0,1778.75,1779.35
1748010084106.0,1778.5,1779.1
1748010084357.0,1778.63,1779.23
1748010085435.0,1778.75,1779.35
1748010086041.0,1778.63,1779.23
1748010086599.0,1778.75,1779.35
1748010086827.0,1778.63,1779.23
1748010087049.0,1778.75,1779.35
1748010087274.0,1778.63,1779.23
1748010087973.0,1778.75,1779.35
1748010088314.0,1778.63,1779.23
1748010088769.0,1778.75,1779.35
1748010089159.0,1778.88,1779.48
1748010089383.0,1778.75,1779.35
1748010089945.0,1778.63,1779.23
1748010092992.0,1778.5,1779.1
1748010093442.0,1778.63,1779.23
1748010094051.0,1778.75,1779.35
1748010094404.0,1778.63,1779.23
1748010094625.0,1778.75,1779.35
1748010095131.0,1778.63,1779.23
1748010096074.0,1778.75,1779.35
1748010096303.0,1778.63,1779.23
1748010096674.0,1778.75,1779.35
1748010096898.0,1779.13,1779.73
1748010097125.0,1779.0,1779.6
1748010097347.0,1778.88,1779.48
1748010098965.0,1778.75,1779.35
1748010099205.0,1778.63,1779.23
1748010099577.0,1778.75,1779.35
1748010099803.0,1778.63,1779.23
1748010102074.0,1778.75,1779.35
1748010102446.0,1778.63,1779.23
1748010103038.0,1778.5,1779.1
1748010103262.0,1778.63,1779.23
1748010103803.0,1778.5,1779.1
1748010104023.0,1778.63,1779.23
1748010106255.0,1778.5,1779.1
1748010106480,,
1748010106915.0,1778.38,1778.98
1748010107139.0,1778.5,1779.1
1748010108375.0,1778.63,1779.23
1748010108703.0,1778.5,1779.1
1748010108929.0,1778.63,1779.23
1748010109376.0,1778.5,1779.1
1748010109693.0,1778.63,1779.23
1748010111253.0,1778.75,1779.35
1748010111565.0,1778.63,1779.23
1748010112367.0,1778.75,1779.35
1748010112715.0,1778.88,1779.48
1748010113164.0,1778.75,1779.35
1748010113387.0,1778.88,1779.48
1748010113909.0,1778.75,1779.35
1748010114426.0,1778.88,1779.48
1748010114923.0,1778.75,1779.35
1748010115724.0,1778.63,1779.23
1748010115948.0,1778.75,1779.35
1748010116341.0,1778.63,1779.23
1748010116570.0,1778.75,1779.35
1748010117068.0,1778.88,1779.48
1748010117291.0,1778.75,1779.35
1748010117604.0,1778.88,1779.48
1748010120274.0,1779.0,1779.6
1748010120499.0,1778.88,1779.48
1748010120949.0,1779.0,1779.6
1748010121173.0,1778.88,1779.48
1748010121531.0,1779.0,1779.6
1748010121799.0,1779.13,1779.73
1748010122043.0,1779.25,1779.85
1748010122266.0,1779.13,1779.73
1748010122491.0,1779.0,1779.6
1748010122715.0,1779.13,1779.73
1748010123565.0,1779.25,1779.85
1748010124013.0,1779.38,1779.98
1748010124464.0,1779.25,1779.85
1748010124690.0,1779.38,1779.98
1748010125238.0,1779.5,1780.1
1748010125815.0,1779.38,1779.98
1748010126956.0,1779.25,1779.85
1748010127188.0,1779.38,1779.98
1748010127871.0,1779.5,1780.1
1748010128894.0,1779.63,1780.23
1748010129120.0,1779.75,1780.35
1748010129559.0,1779.88,1780.48
1748010129789.0,1780.0,1780.6
1748010130234.0,1780.13,1780.73
1748010130940.0,1780.25,1780.85
1748010131445.0,1780.13,1780.73
1748010131681.0,1780.25,1780.85
1748010131906.0,1780.13,1780.73
1748010132130.0,1780.38,1780.98
1748010132357.0,1780.25,1780.85
1748010132991.0,1780.38,1780.98
1748010133428.0,1780.25,1780.85
1748010133744.0,1780.13,1780.73
1748010133968.0,1780.0,1780.6
1748010134192.0,1780.13,1780.73
1748010134741.0,1780.0,1780.6
1748010134967.0,1780.13,1780.73
1748010135191.0,1780.0,1780.6
1748010135641.0,1780.13,1780.73
1748010135867.0,1780.0,1780.6
1748010136833.0,1780.13,1780.73
1748010137115.0,1780.25,1780.85
1748010137340.0,1780.38,1780.98
1748010137565.0,1780.5,1781.1
1748010138094.0,1780.63,1781.23
1748010138317.0,1780.38,1780.98
1748010138543.0,1780.5,1781.1
1748010139221.0,1780.63,1781.23
1748010140435.0,1780.5,1781.1
1748010140896.0,1780.63,1781.23
1748010141335.0,1780.75,1781.35
1748010141562.0,1780.63,1781.23
1748010142649.0,1780.5,1781.1
1748010143107.0,1780.63,1781.23
1748010143327.0,1780.5,1781.1
1748010143552.0,1780.63,1781.23
1748010143777.0,1780.5,1781.1
1748010144915,,
1748010145717.0,1780.63,1781.23
1748010147542.0,1780.5,1781.1
1748010147759.0,1780.63,1781.23
1748010148316.0,1780.5,1781.1
1748010149321.0,1780.63,1781.23
1748010151240.0,1780.75,1781.35
1748010152237.0,1780.63,1781.23
1748010152475.0,1780.38,1780.98
1748010153977.0,1780.5,1781.1
1748010154205.0,1780.63,1781.23
1748010154743.0,1780.5,1781.1
1748010155492.0,1780.63,1781.23
1748010155717.0,1780.5,1781.1
1748010156392.0,1780.63,1781.23
1748010156618.0,1780.38,1780.98
1748010157504.0,1780.25,1780.85
1748010157728.0,1780.38,1780.98
1748010158095.0,1780.25,1780.85
1748010158685.0,1780.13,1780.73
1748010159539.0,1780.0,1780.6
1748010159990.0,1779.88,1780.48
1748010160288.0,1779.75,1780.35
1748010160514,,
1748010160963.0,1779.88,1780.48
1748010161688.0,1780.0,1780.6
1748010161912,,
1748010162138.0,1779.88,1780.48
1748010162545,,
1748010163012.0,1779.75,1780.35
1748010163237.0,1779.88,1780.48
1748010163691.0,1779.75,1780.35
1748010163913.0,1779.88,1780.48
1748010164586.0,1780.0,1780.6
1748010164812.0,1779.88,1780.48
1748010165038.0,1780.0,1780.6
1748010165487.0,1779.88,1780.48
1748010166108.0,1779.75,1780.35
1748010166333.0,1779.88,1780.48
1748010166580.0,1779.75,1780.35
1748010166803.0,1779.88,1780.48
1748010167028.0,1779.75,1780.35
1748010167260.0,1779.88,1780.48
1748010167476.0,1779.75,1780.35
1748010167885.0,1779.88,1780.48
1748010168605.0,1779.75,1780.35
1748010169086.0,1779.88,1780.48
1748010170178.0,1780.0,1780.6
1748010170405.0,1779.88,1780.48
1748010170627.0,1780.0,1780.6
1748010171077.0,1779.88,1780.48
1748010171308.0,1780.0,1780.6
1748010171752.0,1780.13,1780.73
1748010177935.0,1780.25,1780.85
1748010178395.0,1780.13,1780.73
1748010178888.0,1780.25,1780.85
1748010179118.0,1780.13,1780.73
1748010179348.0,1780.0,1780.6
1748010179573.0,1780.13,1780.73
1748010179996.0,1780.0,1780.6
1748010180446.0,1780.13,1780.73
1748010181284.0,1780.0,1780.6
1748010181611.0,1779.88,1780.48
1748010181834.0,1780.0,1780.6
1748010182059.0,1780.13,1780.73
1748010182372.0,1780.25,1780.85
1748010182654.0,1780.38,1780.98
1748010183105.0,1780.25,1780.85
1748010183330.0,1780.38,1780.98
1748010183569.0,1780.25,1780.85
1748010183794.0,1780.38,1780.98
1748010184335.0,1780.5,1781.1
1748010185012.0,1780.38,1780.98
1748010185473.0,1780.5,1781.1
1748010185698,,
1748010186325.0,1780.63,1781.23
1748010186550.0,1780.5,1781.1
1748010187588.0,1780.38,1780.98
1748010187811.0,1780.5,1781.1
1748010188239.0,1780.63,1781.23
1748010188888.0,1780.75,1781.35
1748010189114.0,1780.63,1781.23
1748010189387.0,1780.75,1781.35
1748010189836.0,1780.63,1781.23
1748010190062.0,1780.75,1781.35
1748010190746.0,1780.88,1781.48
1748010191188.0,1780.75,1781.35
1748010191614.0,1780.88,1781.48
1748010191932.0,1781.0,1781.6
1748010192157.0,1780.88,1781.48
1748010192380.0,1781.13,1781.73
1748010193443.0,1781.0,1781.6
1748010193667.0,1781.13,1781.73
1748010193917.0,1781.25,1781.85
1748010194143.0,1781.13,1781.73
1748010194591.0,1781.25,1781.85
1748010194823.0,1781.13,1781.73
1748010196360.0,1781.0,1781.6
1748010196587.0,1780.88,1781.48
1748010196898.0,1781.0,1781.6
1748010197115.0,1781.13,1781.73
1748010198215.0,1781.0,1781.6
1748010198442.0,1781.13,1781.73
1748010198889.0,1781.0,1781.6
1748010199116.0,1781.13,1781.73
1748010200315.0,1781.25,1781.85
1748010200769.0,1781.13,1781.73
1748010200988.0,1781.25,1781.85
1748010201439.0,1781.13,1781.73
1748010201921,,
1748010203170,,
1748010203396.0,1781.13,1781.73
1748010203627.0,1781.0,1781.6
1748010203851.0,1781.13,1781.73
1748010204321.0,1781.25,1781.85
1748010204940.0,1781.38,1781.98
1748010205299.0,1781.25,1781.85
1748010205522.0,1781.38,1781.98
1748010205974.0,1781.63,1782.23
1748010206248.0,1781.5,1782.1
1748010206889.0,1781.63,1782.23
1748010207116.0,1781.75,1782.35
1748010207564.0,1781.88,1782.48
1748010208014.0,1782.0,1782.6
1748010208270.0,1782.13,1782.73
1748010208494.0,1782.0,1782.6
1748010209007.0,1781.88,1782.48
1748010209234.0,1782.0,1782.6
1748010210006.0,1782.13,1782.73
1748010210499.0,1782.0,1782.6
1748010211428.0,1781.88,1782.48
1748010211652.0,1782.0,1782.6
1748010211877.0,1781.88,1782.48
1748010212130.0,1782.0,1782.6
1748010213152.0,1781.88,1782.48
1748010213604.0,1782.0,1782.6
1748010213868.0,1781.88,1782.48
1748010214091.0,1782.0,1782.6
1748010215655.0,1782.13,1782.73
1748010216105.0,1782.0,1782.6
1748010216331.0,1782.13,1782.73
1748010216558.0,1782.0,1782.6
1748010216918.0,1781.88,1782.48
1748010217144.0,1782.0,1782.6
1748010217368.0,1781.88,1782.48
1748010217817.0,1782.13,1782.73
1748010218043.0,1782.0,1782.6
1748010218493.0,1781.88,1782.48
1748010218838.0,1781.75,1782.35
1748010219069.0,1781.88,1782.48
1748010220349,,
1748010220580.0,1782.0,1782.6
1748010221103.0,1781.88,1782.48
1748010221751.0,1782.0,1782.6
1748010222148.0,1781.88,1782.48
1748010222961.0,1782.0,1782.6
1748010223583.0,1781.88,1782.48
1748010223809.0,1782.0,1782.6
1748010224375.0,1781.88,1782.48
1748010224599.0,1782.0,1782.6
1748010225019.0,1781.88,1782.48
1748010225468.0,1781.75,1782.35
1748010225767.0,1781.63,1782.23
1748010226045.0,1781.75,1782.35
1748010226484.0,1781.63,1782.23
1748010226938.0,1781.5,1782.1
1748010227164.0,1781.63,1782.23
1748010227852.0,1781.5,1782.1
1748010228162.0,1781.63,1782.23
1748010228915.0,1781.75,1782.35
1748010229148.0,1781.63,1782.23
1748010229372.0,1781.75,1782.35
1748010229598.0,1781.63,1782.23
1748010230052.0,1781.88,1782.48
1748010230274.0,1781.75,1782.35
1748010230528.0,1781.88,1782.48
1748010231404.0,1781.75,1782.35
1748010231625.0,1781.88,1782.48
1748010231848.0,1781.75,1782.35
1748010232298.0,1781.88,1782.48
1748010234575.0,1782.0,1782.6
1748010234992.0,1781.88,1782.48
1748010235224.0,1782.0,1782.6
1748010235446.0,1781.88,1782.48
1748010235958.0,1782.0,1782.6
1748010236180.0,1781.88,1782.48
1748010236686.0,1781.75,1782.35
1748010236910,,
1748010237205.0,1781.63,1782.23
1748010237430.0,1781.75,1782.35
1748010237688.0,1781.63,1782.23
1748010238218.0,1781.75,1782.35
1748010238444.0,1781.63,1782.23
1748010238684.0,1781.5,1782.1
1748010238911.0,1781.63,1782.23
1748010239361.0,1781.63,1782.23
1748010240021.0,1781.75,1782.35
1748010241372.0,1781.88,1782.48
1748010241628.0,1781.75,1782.35
1748010242269.0,1781.88,1782.48
1748010243409.0,1781.75,1782.35
1748010245179.0,1781.88,1782.48
1748010246054.0,1781.75,1782.35
1748010246706.0,1781.88,1782.48
1748010247177.0,1782.0,1782.6
1748010247626.0,1782.13,1782.73
1748010247853.0,1782.0,1782.6
1748010248206.0,1782.13,1782.73
1748010248426.0,1782.0,1782.6
1748010248877.0,1782.13,1782.73
1748010249105.0,1782.0,1782.6
1748010249332.0,1782.13,1782.73
1748010249966.0,1782.0,1782.6
1748010251069.0,1782.13,1782.73
1748010251519.0,1782.0,1782.6
1748010253023.0,1782.13,1782.73
1748010253419.0,1782.0,1782.6
1748010254592.0,1782.13,1782.73
1748010255971.0,1782.25,1782.85
1748010256196.0,1782.38,1782.98
1748010258032.0,1782.5,1783.1
1748010258253,,
1748010258705.0,1782.63,1783.23
1748010259090.0,1782.5,1783.1
1748010260026.0,1782.38,1782.98
1748010260251.0,1782.5,1783.1
1748010260781.0,1782.38,1782.98
1748010261848.0,1782.5,1783.1
1748010262077.0,1782.38,1782.98
1748010262299.0,1782.5,1783.1
1748010262523.0,1782.63,1783.23
1748010262749.0,1782.5,1783.1
1748010263537.0,1782.38,1782.98
1748010264326.0,1782.5,1783.1
1748010265753.0,1782.63,1783.23
1748010266185.0,1782.5,1783.1
1748010266749.0,1782.38,1782.98
1748010267198.0,1782.5,1783.1
1748010267574.0,1782.38,1782.98
1748010267804.0,1782.5,1783.1
1748010268027.0,1782.38,1782.98
1748010268253.0,1782.5,1783.1
1748010269243.0,1782.63,1783.23
1748010269724.0,1782.75,1783.35
1748010269949.0,1782.63,1783.23
1748010270175.0,1782.75,1783.35
1748010270724.0,1782.63,1783.23
1748010271942.0,1782.5,1783.1
1748010272653,,
1748010272753.0,1782.63,1783.23
1748010273641.0,1782.5,1783.1
1748010273866.0,1782.63,1783.23
1748010274316.0,1782.5,1783.1
1748010275403.0,1782.63,1783.23
1748010275649.0,1782.5,1783.1
1748010275879.0,1782.63,1783.23
1748010278632.0,1782.75,1783.35
1748010279060.0,1782.63,1783.23
1748010279285.0,1782.88,1783.48
1748010279508.0,1782.75,1783.35
1748010280757.0,1782.88,1783.48
1748010280982.0,1782.75,1783.35
1748010281208.0,1782.88,1783.48
1748010288149.0,1782.75,1783.35
1748010288899.0,1782.63,1783.23
1748010289124.0,1782.75,1783.35
1748010289576.0,1782.88,1783.48
1748010289799.0,1782.75,1783.35
1748010291620.0,1782.63,1783.23
1748010291849.0,1782.75,1783.35
1748010292608.0,1782.88,1783.48
1748010293922.0,1783.0,1783.6
1748010294144,,
1748010294834.0,1783.13,1783.73
1748010295058.0,1783.0,1783.6
1748010295390.0,1782.88,1783.48
1748010297335.0,1783.0,1783.6
1748010297559.0,1783.13,1783.73
1748010297783,,
1748010298120.0,1783.0,1783.6
1748010298368.0,1783.13,1783.73
1748010298594.0,1783.0,1783.6
1748010299027.0,1782.88,1783.48
1748010299254.0,1783.0,1783.6
1748010299707.0,1782.88,1783.48
1748010300075.0,1783.0,1783.6
1748010301144.0,1783.13,1783.73
1748010301368.0,1783.0,1783.6
1748010301998.0,1782.88,1783.48
1748010302223.0,1783.0,1783.6
1748010303080.0,1782.88,1783.48
1748010303323.0,1783.0,1783.6
1748010304399.0,1782.88,1783.48
1748010305190,,
1748010305416.0,1783.0,1783.6
1748010305712.0,1782.88,1783.48
1748010306161.0,1782.88,1783.48
1748010306528.0,1782.75,1783.35
1748010306754.0,1782.88,1783.48
1748010307606.0,1782.75,1783.35
1748010308281.0,1782.63,1783.23
1748010308577.0,1782.75,1783.35
1748010309007.0,1782.63,1783.23
1748010309457.0,1782.75,1783.35
1748010310040.0,1782.88,1783.48
1748010310648.0,1782.75,1783.35
1748010310910.0,1782.88,1783.48
1748010311377.0,1783.0,1783.6
1748010311602.0,1782.88,1783.48
1748010312033.0,1782.75,1783.35
1748010313594.0,1782.63,1783.23
1748010313819.0,1782.75,1783.35
1748010314312.0,1782.88,1783.48
1748010314538.0,1782.75,1783.35
1748010314763.0,1782.88,1783.48
1748010316472.0,1783.0,1783.6
1748010316923.0,1782.88,1783.48
1748010317254.0,1782.75,1783.35
1748010318086.0,1782.88,1783.48
1748010318615.0,1782.75,1783.35
1748010319211.0,1782.88,1783.48
1748010319433.0,1782.75,1783.35
1748010319658.0,1782.88,1783.48
1748010320092.0,1782.75,1783.35
1748010320411.0,1782.88,1783.48
1748010320885.0,1783.0,1783.6
1748010321335.0,1782.88,1783.48
1748010322122.0,1783.0,1783.6
1748010322533.0,1783.13,1783.73
1748010322982,,
1748010324247.0,1783.0,1783.6
1748010324473.0,1782.88,1783.48
1748010324923.0,1783.0,1783.6
1748010325373.0,1782.88,1783.48
1748010326505.0,1782.75,1783.35
1748010326729.0,1782.88,1783.48
1748010327099.0,1783.0,1783.6
1748010327582.0,1783.13,1783.73
1748010327922.0,1783.0,1783.6
1748010328145.0,1783.13,1783.73
1748010328628.0,1783.0,1783.6
1748010328853.0,1783.13,1783.73
1748010333832.0,1783.0,1783.6
1748010334621.0,1782.88,1783.48
1748010334845.0,1783.0,1783.6
1748010335265.0,1782.88,1783.48
1748010336103.0,1782.75,1783.35
1748010336329.0,1782.88,1783.48
1748010336619.0,1782.75,1783.35
1748010336842.0,1782.88,1783.48
1748010337070.0,1782.63,1783.23
1748010339355.0,1782.75,1783.35
1748010339577.0,1782.88,1783.48
1748010339804.0,1782.75,1783.35
1748010340029.0,1782.88,1783.48
1748010340255.0,1782.75,1783.35
1748010340850.0,1782.88,1783.48
1748010341075.0,1782.63,1783.23
1748010341303.0,1782.75,1783.35
1748010341868.0,1782.63,1783.23
1748010342567.0,1782.75,1783.35
1748010342791.0,1782.63,1783.23
1748010343049.0,1782.75,1783.35
1748010343275.0,1782.63,1783.23
1748010343949.0,1782.63,1783.23
1748010344174.0,1782.75,1783.35
1748010344579.0,1782.88,1783.48
1748010345009.0,1782.75,1783.35
1748010345552,,
1748010345718.0,1782.88,1783.48
1748010346479.0,1782.75,1783.35
1748010346712.0,1782.88,1783.48
1748010347224.0,1782.75,1783.35
1748010348026.0,1782.63,1783.23
1748010349070.0,1782.75,1783.35
1748010349288.0,1782.88,1783.48
1748010353205.0,1783.0,1783.6
1748010353653.0,1783.13,1783.73
1748010353880.0,1783.0,1783.6
1748010356179.0,1782.88,1783.48
1748010356686.0,1783.0,1783.6
1748010357034.0,1783.13,1783.73
1748010357258.0,1783.0,1783.6
1748010358040.0,1782.88,1783.48
1748010358264.0,1783.0,1783.6
1748010359011.0,1782.88,1783.48
1748010359636.0,1783.0,1783.6
1748010360311.0,1782.88,1783.48
1748010360546.0,1783.0,1783.6
1748010360994.0,1783.13,1783.73
1748010361709.0,1783.0,1783.6
1748010361933.0,1783.13,1783.73
1748010364625.0,1783.25,1783.85
1748010364849.0,1783.38,1783.98
1748010365250.0,1783.25,1783.85
1748010365472.0,1783.13,1783.73
1748010366127.0,1783.25,1783.85
1748010366576.0,1783.13,1783.73
1748010366879.0,1783.25,1783.85
1748010367105.0,1783.13,1783.73
1748010370071.0,1783.0,1783.6
1748010370290,,
1748010370923,,
1748010371187.0,1782.88,1783.48
1748010371412.0,1783.0,1783.6
1748010371637.0,1782.88,1783.48
1748010372166.0,1783.0,1783.6
1748010372391.0,1782.88,1783.48
1748010372621.0,1783.0,1783.6
1748010372839.0,1782.88,1783.48
1748010373171.0,1782.75,1783.35
1748010373396.0,1782.88,1783.48
1748010373826.0,1782.75,1783.35
1748010374051.0,1782.88,1783.48
1748010375276.0,1783.0,1783.6
1748010375498.0,1782.88,1783.48
1748010375948.0,1783.0,1783.6
1748010376174.0,1782.88,1783.48
1748010376397.0,1782.75,1783.35
1748010376771.0,1782.63,1783.23
1748010380477.0,1782.5,1783.1
1748010380703,,
1748010381231.0,1782.63,1783.23
1748010382084.0,1782.5,1783.1
1748010382330.0,1782.38,1782.98
1748010382556.0,1782.5,1783.1
1748010383048.0,1782.38,1782.98
1748010383273.0,1782.5,1783.1
1748010383744.0,1782.38,1782.98
1748010384659.0,1782.5,1783.1
1748010385174.0,1782.38,1782.98
1748010385398.0,1782.5,1783.1
1748010386541.0,1782.63,1783.23
1748010386765.0,1782.5,1783.1
1748010387081.0,1782.63,1783.23
1748010387306.0,1782.5,1783.1
1748010387532.0,1782.25,1782.85
1748010387921,,
1748010388297,,
1748010388396.0,1782.38,1782.98
1748010389216.0,1782.25,1782.85
1748010389441.0,1782.38,1782.98
1748010390316.0,1782.25,1782.85
1748010391209.0,1782.38,1782.98
1748010391522.0,1782.25,1782.85
1748010392205.0,1782.13,1782.73
1748010393715.0,1782.0,1782.6
1748010393940.0,1782.13,1782.73
1748010394308.0,1782.0,1782.6
1748010394528.0,1781.88,1782.48
1748010396246.0,1782.0,1782.6
1748010397766.0,1781.88,1782.48
1748010398997.0,1782.0,1782.6
1748010399221,,
1748010399510,,
1748010400004.0,1782.13,1782.73
1748010400639.0,1782.0,1782.6
1748010400931.0,1781.88,1782.48
1748010402228.0,1781.75,1782.35
1748010402452.0,1781.63,1782.23
1748010402835.0,1781.5,1782.1
1748010403065,,
1748010403835.0,1781.63,1782.23
1748010406853.0,1781.75,1782.35
1748010407078,,
1748010407421.0,1781.88,1782.48
1748010408737.0,1781.75,1782.35
1748010409343.0,1781.63,1782.23
1748010413003.0,1781.75,1782.35
1748010413503.0,1781.63,1782.23
1748010414083.0,1781.5,1782.1
1748010414535.0,1781.63,1782.23
1748010415287.0,1781.5,1782.1
1748010415510.0,1781.63,1782.23
1748010416231.0,1781.5,1782.1
1748010416461.0,1781.63,1782.23
1748010416685.0,1781.5,1782.1
1748010416909.0,1781.63,1782.23
1748010417134.0,1781.5,1782.1
1748010417416.0,1781.63,1782.23
1748010417775.0,1781.5,1782.1
1748010418578.0,1781.63,1782.23
1748010419149.0,1781.5,1782.1
1748010419469.0,1781.63,1782.23
1748010419693.0,1781.5,1782.1
1748010419918.0,1781.63,1782.23
1748010420148.0,1781.5,1782.1
1748010421181.0,1781.63,1782.23
1748010422612,,
1748010422829.0,1781.5,1782.1
1748010423155.0,1781.63,1782.23
1748010423677,,
1748010424335.0,1781.5,1782.1
1748010424621.0,1781.38,1781.98
1748010424847.0,1781.5,1782.1
1748010425157.0,1781.38,1781.98
1748010427503.0,1781.5,1782.1
1748010427724.0,1781.38,1781.98
1748010427956.0,1781.5,1782.1
1748010428182.0,1781.63,1782.23
1748010428878.0,1781.5,1782.1
1748010429346.0,1781.63,1782.23
1748010429570.0,1781.5,1782.1
1748010429969.0,1781.63,1782.23
1748010430412.0,1781.5,1782.1
1748010430710.0,1781.63,1782.23
1748010430937.0,1781.5,1782.1
1748010431204.0,1781.38,1781.98
1748010431471.0,1781.5,1782.1
1748010431714.0,1781.63,1782.23
1748010432077.0,1781.5,1782.1
1748010432303.0,1781.63,1782.23
1748010432897.0,1781.5,1782.1
1748010433346.0,1781.63,1782.23
1748010433787.0,1781.75,1782.35
1748010434012.0,1781.63,1782.23
1748010434237.0,1781.5,1782.1
1748010435640.0,1781.38,1781.98
1748010435866.0,1781.5,1782.1
1748010436126.0,1781.38,1781.98
1748010436733.0,1781.5,1782.1
1748010436958.0,1781.38,1781.98
1748010437322.0,1781.5,1782.1
1748010438171.0,1781.38,1781.98
1748010440106.0,1781.5,1782.1
1748010440346.0,1781.63,1782.23
1748010440849.0,1781.5,1782.1
1748010441298.0,1781.63,1782.23
1748010444125,,
1748010444368.0,1781.63,1782.23
1748010447363.0,1781.75,1782.35
1748010448034.0,1781.88,1782.48
1748010448648.0,1782.0,1782.6
1748010448873.0,1782.13,1782.73
1748010449416.0,1782.0,1782.6
1748010449867.0,1781.88,1782.48
1748010450095.0,1782.0,1782.6
1748010450316.0,1781.88,1782.48
1748010453055.0,1781.75,1782.35
1748010453512.0,1781.88,1782.48
1748010454509.0,1781.75,1782.35
1748010454733.0,1781.63,1782.23
1748010454958.0,1781.75,1782.35
1748010455404.0,1781.88,1782.48
1748010459852.0,1781.75,1782.35
1748010460077.0,1781.88,1782.48
1748010462246,,
1748010462398.0,1781.75,1782.35
1748010463082.0,1781.88,1782.48
1748010465151.0,1781.75,1782.35
1748010465411.0,1781.88,1782.48
1748010466398.0,1782.0,1782.6
1748010466908.0,1781.88,1782.48
1748010469092.0,1781.75,1782.35
1748010469315.0,1781.63,1782.23
1748010470776.0,1781.5,1782.1
1748010470993.0,1781.63,1782.23
1748010474554.0,1781.5,1782.1
1748010474779.0,1781.63,1782.23
1748010475928.0,1781.5,1782.1
1748010476155.0,1781.63,1782.23
1748010477856.0,1781.75,1782.35
1748010478079.0,1781.63,1782.23
1748010478309.0,1781.75,1782.35
1748010479168.0,1781.88,1782.48
1748010479392.0,1781.75,1782.35
1748010480087.0,1781.63,1782.23
1748010482422.0,1781.5,1782.1
1748010482661.0,1781.63,1782.23
1748010483106.0,1781.38,1781.98
1748010483812.0,1781.25,1781.85
1748010484040.0,1781.13,1781.73
1748010485734.0,1781.0,1781.6
1748010485959.0,1781.13,1781.73
1748010486206.0,1781.0,1781.6
1748010486653.0,1780.88,1781.48
1748010487106.0,1781.0,1781.6
1748010487331.0,1780.88,1781.48
1748010487865.0,1780.75,1781.35
1748010488090.0,1780.88,1781.48
1748010488406.0,1780.75,1781.35
1748010488632.0,1780.88,1781.48
1748010489077.0,1780.75,1781.35
1748010489821.0,1780.63,1781.23
1748010490046.0,1780.88,1781.48
1748010490407.0,1780.75,1781.35
1748010490805.0,1780.63,1781.23
1748010491024.0,1780.5,1781.1
1748010491249.0,1780.63,1781.23
1748010492579.0,1780.75,1781.35
1748010493389.0,1780.88,1781.48
1748010495134.0,1780.75,1781.35
1748010495573.0,1780.88,1781.48
1748010496276.0,1780.75,1781.35
1748010496510.0,1780.88,1781.48
1748010496726.0,1780.75,1781.35
1748010498028.0,1780.88,1781.48
1748010498277.0,1780.75,1781.35
1748010498503.0,1780.88,1781.48
1748010498732.0,1780.75,1781.35
1748010498957.0,1780.88,1781.48
1748010499183.0,1780.75,1781.35
1748010499653.0,1780.63,1781.23
1748010499877.0,1780.75,1781.35
1748010500303.0,1780.88,1781.48
1748010500605.0,1781.0,1781.6
1748010500830.0,1781.13,1781.73
1748010501276.0,1781.0,1781.6
1748010502015.0,1781.13,1781.73
1748010502311.0,1781.0,1781.6
1748010502966.0,1780.88,1781.48
1748010503189.0,1780.75,1781.35
1748010503466.0,1780.88,1781.48
1748010503915.0,1780.75,1781.35
1748010504335.0,1780.63,1781.23
1748010504609.0,1780.75,1781.35
1748010504985.0,1780.63,1781.23
1748010505208.0,1780.75,1781.35
1748010505722.0,1780.63,1781.23
1748010505948.0,1780.5,1781.1
1748010507997.0,1780.63,1781.23
1748010508374.0,1780.5,1781.1
1748010508971.0,1780.63,1781.23
1748010509244.0,1780.5,1781.1
1748010509466.0,1780.38,1780.98
1748010509690.0,1780.5,1781.1
1748010510217.0,1780.38,1780.98
1748010511465.0,1780.5,1781.1
1748010511811.0,1780.38,1780.98
1748010512264.0,1780.5,1781.1
1748010513364.0,1780.38,1780.98
1748010513587.0,1780.5,1781.1
1748010514289.0,1780.38,1780.98
1748010515136.0,1780.25,1780.85
1748010515360.0,1780.38,1780.98
1748010515731.0,1780.5,1781.1
1748010516008.0,1780.63,1781.23
1748010517630.0,1780.5,1781.1
1748010517856.0,1780.63,1781.23
1748010518543.0,1780.5,1781.1
1748010519403.0,1780.63,1781.23
1748010519745.0,1780.5,1781.1
1748010520340.0,1780.63,1781.23
1748010520858.0,1780.5,1781.1
1748010521508.0,1780.63,1781.23
1748010522019.0,1780.5,1781.1
1748010522468.0,1780.63,1781.23
1748010522693.0,1780.5,1781.1
1748010523781.0,1780.38,1780.98
1748010524005.0,1780.5,1781.1
1748010524229.0,1780.63,1781.23
1748010525599.0,1780.5,1781.1
1748010525824.0,1780.63,1781.23
1748010526047.0,1780.5,1781.1
1748010526498.0,1780.25,1780.85
1748010526721.0,1780.38,1780.98
1748010527409.0,1780.5,1781.1
1748010527856.0,1780.25,1780.85
1748010528082.0,1780.38,1780.98
1748010528312.0,1780.25,1780.85
1748010528532.0,1780.13,1780.73
1748010529098.0,1780.0,1780.6
1748010529322.0,1780.13,1780.73
1748010530205.0,1780.25,1780.85
1748010530425.0,1780.13,1780.73
1748010534136.0,1780.0,1780.6
1748010534360.0,1780.13,1780.73
1748010537462.0,1780.25,1780.85
1748010537692.0,1780.38,1780.98
1748010537913.0,1780.25,1780.85
1748010538548.0,1780.38,1780.98
1748010538773.0,1780.25,1780.85
1748010538998.0,1780.38,1780.98
1748010539641.0,1780.25,1780.85
1748010539863.0,1780.38,1780.98
1748010540091.0,1780.25,1780.85
1748010540313.0,1780.13,1780.73
1748010541416.0,1780.25,1780.85
1748010541647.0,1780.38,1780.98
1748010543794.0,1780.25,1780.85
1748010544143,,
1748010544275.0,1780.38,1780.98
1748010545174.0,1780.38,1780.98
1748010545396.0,1780.25,1780.85
1748010545849.0,1780.38,1780.98
1748010546072.0,1780.25,1780.85
1748010547137.0,1780.38,1780.98
1748010547587.0,1780.25,1780.85
1748010547873.0,1780.13,1780.73
1748010549109.0,1780.25,1780.85
1748010549513,,
1748010550313.0,1780.38,1780.98
1748010550671.0,1780.25,1780.85
1748010551453.0,1780.38,1780.98
1748010552004.0,1780.25,1780.85
1748010552294.0,1780.38,1780.98
1748010552744.0,1780.25,1780.85
1748010552969.0,1780.38,1780.98
1748010553756.0,1780.25,1780.85
1748010554104.0,1780.38,1780.98
1748010554324.0,1780.25,1780.85
1748010554567.0,1780.13,1780.73
1748010556612.0,1780.25,1780.85
1748010557413.0,1780.38,1780.98
1748010558070.0,1780.25,1780.85
1748010558289.0,1780.38,1780.98
1748010559187.0,1780.25,1780.85
1748010559411.0,1780.38,1780.98
1748010559869.0,1780.25,1780.85
1748010560110.0,1780.38,1780.98
1748010560352.0,1780.25,1780.85
1748010560576.0,1780.38,1780.98
1748010560804.0,1780.25,1780.85
1748010561028.0,1780.13,1780.73
1748010561460.0,1780.25,1780.85
1748010561685.0,1780.13,1780.73
1748010562961,,
1748010563185.0,1779.88,1780.48
1748010563424.0,1780.0,1780.6
1748010563648.0,1780.13,1780.73
1748010563874.0,1780.0,1780.6
1748010564098.0,1780.13,1780.73
1748010564530.0,1780.0,1780.6
1748010564753.0,1780.13,1780.73
1748010567677,,
1748010568538.0,1780.25,1780.85
1748010568764,,
1748010568989.0,1780.13,1780.73
1748010576766.0,1780.25,1780.85
1748010576991.0,1780.38,1780.98
1748010577226.0,1780.5,1781.1
1748010577528.0,1780.38,1780.98
1748010578852.0,1780.5,1781.1
1748010579109,,
1748010579306.0,1780.38,1780.98
1748010579752.0,1780.38,1780.98
1748010579977.0,1780.5,1781.1
1748010580324.0,1780.38,1780.98
1748010580547.0,1780.5,1781.1
1748010580848.0,1780.38,1780.98
1748010581370.0,1780.5,1781.1
1748010581818.0,1780.38,1780.98
1748010582043.0,1780.5,1781.1
1748010582268.0,1780.38,1780.98
1748010582493.0,1780.5,1781.1
1748010583195.0,1780.38,1780.98
1748010583418.0,1780.5,1781.1
1748010583643.0,1780.38,1780.98
1748010584093.0,1780.5,1781.1
1748010584769.0,1780.63,1781.23
1748010585221.0,1780.5,1781.1
1748010585445.0,1780.63,1781.23
1748010586132.0,1780.5,1781.1
1748010586940.0,1780.63,1781.23
1748010587678.0,1780.75,1781.35
1748010587905.0,1780.88,1781.48
1748010588129.0,1780.75,1781.35
1748010588361.0,1780.63,1781.23
1748010589869.0,1780.75,1781.35
1748010590317.0,1780.63,1781.23
1748010590544.0,1780.75,1781.35
1748010591005.0,1780.63,1781.23
1748010591881.0,1780.75,1781.35
1748010592234.0,1780.63,1781.23
1748010592579.0,1780.75,1781.35
1748010592889.0,1780.88,1781.48
1748010593112.0,1780.75,1781.35
1748010593779.0,1780.88,1781.48
1748010594051.0,1780.75,1781.35
1748010594842.0,1780.63,1781.23
1748010595067.0,1780.75,1781.35
1748010596026.0,1780.63,1781.23
1748010596369.0,1780.5,1781.1
1748010596594.0,1780.63,1781.23
1748010596819.0,1780.5,1781.1
1748010597435.0,1780.63,1781.23
1748010597740.0,1780.5,1781.1
1748010597964,,
1748010598679.0,1780.38,1780.98
1748010598903.0,1780.5,1781.1
1748010599286.0,1780.63,1781.23
1748010599979.0,1780.63,1781.23
1748010600438.0,1780.5,1781.1
1748010601191.0,1780.63,1781.23
1748010601824.0,1780.75,1781.35
