1748008705775.0,8297.4,8300.4
1748008706246.0,8297.9,8300.9
1748008712364.0,8298.4,8301.4
1748008712638.0,8297.9,8300.9
1748008714976,,
1748008715187.0,8297.4,8300.4
1748008716117.0,8296.9,8299.9
1748008716317.0,8297.4,8300.4
1748008722175.0,8296.9,8299.9
1748008722572.0,8296.9,8299.9
1748008722774.0,8297.4,8300.4
1748008723466.0,8297.4,8300.4
1748008723773.0,8296.9,8299.9
1748008723974.0,8297.4,8300.4
1748008724174.0,8296.9,8299.9
1748008724374.0,8297.4,8300.4
1748008724573.0,8296.9,8299.9
1748008725053.0,8297.4,8300.4
1748008727267.0,8296.9,8299.9
1748008727466.0,8297.4,8300.4
1748008727666.0,8296.9,8299.9
1748008728755.0,8297.4,8300.4
1748008728956.0,8296.9,8299.9
1748008741891,,
1748008742092.0,8296.4,8299.4
1748008751214.0,8295.9,8298.9
1748008751411.0,8296.4,8299.4
1748008752692.0,8295.9,8298.9
1748008753648.0,8296.4,8299.4
1748008761442.0,8295.9,8298.9
1748008761643.0,8296.4,8299.4
1748008762187.0,8295.9,8298.9
1748008762375.0,8296.4,8299.4
1748008774296.0,8295.9,8298.9
1748008774737.0,8296.4,8299.4
1748008774940.0,8295.9,8298.9
1748008793437,,
1748008793655,,
1748008793858.0,8296.4,8299.4
1748008795392.0,8295.9,8298.9
1748008795592.0,8296.4,8299.4
1748008797927.0,8295.9,8298.9
1748008798127.0,8296.4,8299.4
1748008800648.0,8296.9,8299.9
1748008800932,,
1748008801135.0,8297.4,8300.4
1748008803136.0,8297.9,8300.9
1748008803319.0,8298.4,8301.4
1748008811125.0,8298.9,8301.9
1748008811323,,
1748008811726,,
1748008811925.0,8298.9,8301.9
1748008812368.0,8299.4,8302.4
1748008812641.0,8298.9,8301.9
1748008813040.0,8298.9,8301.9
1748008813268.0,8299.4,8302.4
1748008814394.0,8298.9,8301.9
1748008814595.0,8299.9,8302.9
1748008815368,,
1748008815567.0,8300.4,8303.4
1748008820604.0,8300.9,8303.9
1748008822593.0,8301.4,8304.4
1748008822800.0,8301.9,8304.9
1748008823722.0,8302.4,8305.4
1748008824490.0,8303.4,8306.4
1748008824689,,
1748008825116.0,8303.9,8306.9
1748008825631.0,8302.9,8305.9
1748008826543,,
1748008826742.0,8302.4,8305.4
1748008827606.0,8302.9,8305.9
1748008830963,,
1748008831169.0,8303.4,8306.4
1748008833259.0,8303.9,8306.9
1748008837996,,
1748008838149.0,8303.4,8306.4
1748008838473.0,8303.9,8306.9
1748008839232,,
1748008839434.0,8304.4,8307.4
1748008839634.0,8303.9,8306.9
1748008846377,,
1748008846578.0,8302.9,8305.9
1748008848060,,
1748008848253.0,8301.9,8304.9
1748008848807.0,8301.4,8304.4
1748008849006.0,8300.9,8303.9
1748008850071.0,8300.4,8303.4
1748008850274.0,8299.9,8302.9
1748008850468.0,8300.4,8303.4
1748008850914.0,8299.9,8302.9
1748008851312,,
1748008851514.0,8299.4,8302.4
1748008851715.0,8299.9,8302.9
1748008854897,,
1748008855097.0,8300.9,8303.9
1748008855728.0,8300.4,8303.4
1748008855927.0,8300.9,8303.9
1748008856771.0,8300.4,8303.4
1748008857033.0,8299.9,8302.9
1748008857758.0,8299.4,8302.4
1748008857959.0,8299.9,8302.9
1748008858172.0,8300.4,8303.4
1748008859149.0,8299.9,8302.9
1748008860292.0,8299.4,8302.4
1748008860493.0,8299.9,8302.9
1748008860743.0,8299.4,8302.4
1748008860987.0,8299.9,8302.9
1748008861554.0,8299.4,8302.4
1748008862637.0,8299.9,8302.9
1748008863042.0,8299.4,8302.4
1748008864830.0,8298.9,8301.9
1748008865230.0,8297.9,8300.9
1748008865683.0,8298.4,8301.4
1748008865881.0,8297.9,8300.9
1748008867482.0,8297.4,8300.4
1748008867948.0,8297.9,8300.9
1748008868147.0,8298.4,8301.4
1748008868453.0,8297.9,8300.9
1748008869494.0,8297.4,8300.4
1748008869693.0,8297.9,8300.9
1748008871079.0,8297.4,8300.4
1748008872420.0,8298.4,8301.4
1748008873460.0,8298.9,8301.9
1748008874139.0,8299.4,8302.4
1748008874910.0,8299.9,8302.9
1748008875111.0,8300.4,8303.4
1748008875460.0,8300.9,8303.9
1748008875659.0,8301.4,8304.4
1748008876212.0,8301.9,8304.9
1748008879893,,
1748008880095.0,8301.4,8304.4
1748008880810.0,8301.9,8304.9
1748008881217.0,8301.4,8304.4
1748008881654.0,8301.9,8304.9
1748008881847.0,8301.4,8304.4
1748008882246.0,8301.4,8304.4
1748008885646.0,8301.9,8304.9
1748008885842.0,8301.4,8304.4
1748008886359.0,8301.9,8304.9
1748008887024.0,8301.9,8304.9
1748008887309.0,8301.4,8304.4
1748008887505.0,8301.9,8304.9
1748008888489,,
1748008888688.0,8302.4,8305.4
1748008889058.0,8301.9,8304.9
1748008889822.0,8302.4,8305.4
1748008890024.0,8301.9,8304.9
1748008890480.0,8302.9,8305.9
1748008891689,,
1748008891866.0,8302.4,8305.4
1748008892397.0,8302.9,8305.9
1748008894991,,
1748008895092.0,8301.9,8304.9
1748008895334.0,8301.4,8304.4
1748008896057.0,8300.9,8303.9
1748008896257.0,8301.4,8304.4
1748008896688.0,8301.9,8304.9
1748008899291.0,8301.4,8304.4
1748008899586.0,8301.9,8304.9
1748008904468.0,8301.4,8304.4
1748008904667.0,8301.9,8304.9
1748008905629.0,8301.4,8304.4
1748008905828.0,8301.9,8304.9
1748008906030.0,8301.4,8304.4
1748008906228.0,8300.9,8303.9
1748008907769,,
1748008907969.0,8299.9,8302.9
1748008909870,,
1748008909970.0,8300.4,8303.4
1748008910190.0,8299.9,8302.9
1748008910719.0,8300.4,8303.4
1748008911214.0,8300.9,8303.9
1748008912327.0,8300.4,8303.4
1748008913913.0,8300.9,8303.9
1748008914114.0,8300.4,8303.4
1748008914559.0,8300.9,8303.9
1748008916773.0,8301.4,8304.4
1748008917246.0,8300.9,8303.9
1748008921228.0,8300.4,8303.4
1748008921428.0,8300.9,8303.9
1748008921855.0,8301.4,8304.4
1748008922278.0,8300.9,8303.9
1748008922866.0,8301.4,8304.4
1748008923287.0,8300.9,8303.9
1748008923487.0,8301.4,8304.4
1748008923888.0,8301.9,8304.9
1748008924330.0,8302.4,8305.4
1748008924532.0,8301.9,8304.9
1748008928240,,
1748008928443.0,8302.4,8305.4
1748008930562.0,8302.9,8305.9
1748008932291,,
1748008932669.0,8301.9,8304.9
1748008933538,,
1748008933739.0,8300.9,8303.9
1748008935852.0,8301.4,8304.4
1748008936966.0,8300.9,8303.9
1748008938126.0,8301.4,8304.4
1748008938798.0,8300.9,8303.9
1748008938991.0,8301.4,8304.4
1748008940892.0,8301.9,8304.9
1748008941091.0,8301.4,8304.4
1748008941867.0,8300.9,8303.9
1748008943785,,
1748008943905.0,8301.9,8304.9
1748008945996.0,8300.9,8303.9
1748008947196.0,8301.4,8304.4
1748008949028.0,8301.9,8304.9
1748008949386,,
1748008949576.0,8301.4,8304.4
1748008949982.0,8300.9,8303.9
1748008950526.0,8301.4,8304.4
1748008950919.0,8300.9,8303.9
1748008951120.0,8301.4,8304.4
1748008951681.0,8301.9,8304.9
1748008954712.0,8301.4,8304.4
1748008956267.0,8300.9,8303.9
1748008958309.0,8301.4,8304.4
1748008961788.0,8300.9,8303.9
1748008962418.0,8301.4,8304.4
1748008964635.0,8301.9,8304.9
1748008965014.0,8301.4,8304.4
1748008965419.0,8301.9,8304.9
1748008965619.0,8302.4,8305.4
1748008965913.0,8301.9,8304.9
1748008968352.0,8301.4,8304.4
1748008974131.0,8301.9,8304.9
1748008977320.0,8301.4,8304.4
1748008978718.0,8301.9,8304.9
1748008979050.0,8301.4,8304.4
1748008979274.0,8300.9,8303.9
1748008979611.0,8301.4,8304.4
1748008980123.0,8300.9,8303.9
1748008980717.0,8301.4,8304.4
1748008981119.0,8300.9,8303.9
1748008982900.0,8299.9,8302.9
1748008983290,,
1748008983478.0,8300.4,8303.4
1748008984366.0,8300.9,8303.9
1748008984767.0,8300.9,8303.9
1748008984965.0,8300.4,8303.4
1748008985166.0,8300.9,8303.9
1748008985589.0,8300.4,8303.4
1748008987209.0,8300.9,8303.9
1748008987407.0,8300.4,8303.4
1748008988196.0,8299.9,8302.9
1748008993940,,
1748008994321.0,8299.9,8302.9
1748008994520.0,8300.4,8303.4
1748008994721.0,8299.9,8302.9
1748008995654.0,8300.4,8303.4
1748008995867.0,8299.9,8302.9
1748008999529.0,8300.4,8303.4
1748008999731.0,8300.9,8303.9
1748008999929.0,8300.4,8303.4
1748009000304.0,8300.9,8303.9
1748009001432.0,8301.4,8304.4
1748009002046.0,8301.9,8304.9
1748009002245.0,8301.4,8304.4
1748009002443.0,8301.9,8304.9
1748009003540.0,8301.4,8304.4
1748009004142.0,8301.9,8304.9
1748009005087.0,8301.4,8304.4
1748009006500.0,8300.9,8303.9
1748009009356.0,8301.4,8304.4
1748009009555.0,8300.9,8303.9
1748009009756.0,8301.4,8304.4
1748009010432.0,8300.9,8303.9
1748009010758.0,8301.4,8304.4
1748009012261.0,8301.9,8304.9
1748009015686,,
1748009015886.0,8301.4,8304.4
1748009017220.0,8300.9,8303.9
1748009019278,,
1748009019478.0,8300.4,8303.4
1748009019678.0,8300.9,8303.9
1748009020603.0,8300.4,8303.4
1748009021885.0,8299.9,8302.9
1748009022285.0,8300.4,8303.4
1748009022973.0,8300.9,8303.9
1748009023455.0,8300.4,8303.4
1748009024005.0,8300.9,8303.9
1748009024409.0,8301.4,8304.4
1748009025372.0,8300.9,8303.9
1748009025598.0,8301.4,8304.4
1748009026760.0,8300.9,8303.9
1748009029911.0,8301.9,8304.9
1748009032053,,
1748009032254.0,8302.4,8305.4
1748009032456.0,8302.9,8305.9
1748009036786.0,8302.4,8305.4
1748009037244.0,8301.9,8304.9
1748009040052.0,8301.4,8304.4
1748009040249.0,8300.9,8303.9
1748009041158,,
1748009041586,,
1748009041758.0,8300.9,8303.9
1748009041958.0,8301.4,8304.4
1748009042158.0,8301.9,8304.9
1748009043209.0,8302.4,8305.4
1748009043621.0,8302.9,8305.9
1748009045052.0,8302.4,8305.4
1748009047105.0,8302.9,8305.9
1748009047305.0,8302.4,8305.4
1748009047505.0,8302.9,8305.9
1748009048008.0,8302.4,8305.4
1748009049181.0,8302.9,8305.9
1748009049381.0,8303.4,8306.4
1748009050147.0,8302.9,8305.9
1748009050358.0,8303.9,8306.9
1748009050545.0,8303.4,8306.4
1748009050747,,
1748009051621.0,8303.9,8306.9
1748009051888.0,8303.4,8306.4
1748009053568.0,8302.9,8305.9
1748009053767.0,8303.4,8306.4
1748009053995.0,8302.9,8305.9
1748009057522,,
1748009057724.0,8301.9,8304.9
1748009058332,,
1748009058616.0,8300.9,8303.9
1748009059031.0,8301.4,8304.4
1748009059561.0,8301.9,8304.9
1748009059773.0,8301.4,8304.4
1748009060815.0,8300.9,8303.9
1748009061013.0,8301.4,8304.4
1748009061359.0,8301.9,8304.9
1748009061572.0,8301.4,8304.4
1748009062041.0,8300.9,8303.9
1748009062349.0,8301.4,8304.4
1748009063216.0,8301.9,8304.9
1748009063415.0,8301.4,8304.4
1748009064171.0,8301.9,8304.9
1748009069453.0,8300.9,8303.9
1748009069762,,
1748009069862.0,8301.4,8304.4
1748009070056.0,8301.9,8304.9
1748009072193,,
1748009072396.0,8304.9,8307.9
1748009072606.0,8304.4,8307.4
1748009073271.0,8304.9,8307.9
1748009073828.0,8304.4,8307.4
1748009074484.0,8304.9,8307.9
1748009074680.0,8305.4,8308.4
1748009075516.0,8304.9,8307.9
1748009075937,,
1748009076139.0,8305.4,8308.4
1748009076412.0,8304.9,8307.9
1748009077658,,
1748009077857.0,8304.4,8307.4
1748009079612.0,8304.4,8307.4
1748009079811.0,8303.9,8306.9
1748009080014.0,8302.9,8305.9
1748009080214,,
1748009082234,,
1748009082434.0,8303.4,8306.4
1748009082635.0,8302.9,8305.9
1748009083036.0,8302.9,8305.9
1748009085137.0,8303.4,8306.4
1748009085336.0,8302.9,8305.9
1748009087596.0,8302.4,8305.4
1748009087796.0,8301.9,8304.9
1748009088254,,
1748009088787.0,8302.4,8305.4
1748009088984.0,8301.9,8304.9
1748009089915,,
1748009090094.0,8302.9,8305.9
1748009093748,,
1748009093905.0,8301.9,8304.9
1748009094108.0,8302.4,8305.4
1748009094306.0,8301.9,8304.9
1748009096326,,
1748009096453.0,8302.4,8305.4
1748009098455.0,8301.9,8304.9
1748009100273.0,8302.4,8305.4
1748009101606.0,8302.9,8305.9
1748009101804.0,8302.4,8305.4
1748009102491.0,8302.9,8305.9
1748009106098,,
1748009106238.0,8302.4,8305.4
1748009106615.0,8302.9,8305.9
1748009106906.0,8302.4,8305.4
1748009108107.0,8302.9,8305.9
1748009109428.0,8302.4,8305.4
1748009109716.0,8302.9,8305.9
1748009109915.0,8302.4,8305.4
1748009110733.0,8301.9,8304.9
1748009110933.0,8302.4,8305.4
1748009111213.0,8301.9,8304.9
1748009111812.0,8302.4,8305.4
1748009112012.0,8301.9,8304.9
1748009112918.0,8302.4,8305.4
1748009113119.0,8301.9,8304.9
1748009114424,,
1748009114580.0,8302.4,8305.4
1748009114979.0,8302.4,8305.4
1748009115322.0,8301.9,8304.9
1748009116908,,
1748009118391,,
1748009118526.0,8302.9,8305.9
1748009118869.0,8303.4,8306.4
1748009119073.0,8302.9,8305.9
1748009123976,,
1748009124155.0,8301.9,8304.9
1748009124738,,
1748009124941.0,8300.9,8303.9
1748009128342,,
1748009128543.0,8299.9,8302.9
1748009128764,,
1748009129024,,
1748009129148.0,8300.4,8303.4
1748009129587.0,8300.9,8303.9
1748009130639.0,8301.4,8304.4
1748009130824.0,8300.9,8303.9
1748009131149.0,8301.4,8304.4
1748009131560.0,8300.9,8303.9
1748009133371.0,8300.9,8303.9
1748009133571.0,8301.4,8304.4
1748009134170.0,8301.4,8304.4
1748009134947.0,8301.9,8304.9
1748009135146.0,8301.4,8304.4
1748009135920.0,8300.9,8303.9
1748009136568,,
1748009137592,,
1748009137776.0,8301.9,8304.9
1748009140775,,
1748009141033.0,8302.4,8305.4
1748009141233.0,8302.9,8305.9
1748009141768,,
1748009141934.0,8302.4,8305.4
1748009142416.0,8301.9,8304.9
1748009142615.0,8302.4,8305.4
1748009143199.0,8301.9,8304.9
1748009143415.0,8302.4,8305.4
1748009144633.0,8301.9,8304.9
1748009144834.0,8302.9,8305.9
1748009145036.0,8302.4,8305.4
1748009145438.0,8301.9,8304.9
1748009149430.0,8302.4,8305.4
1748009149629.0,8301.9,8304.9
1748009150232.0,8302.4,8305.4
1748009150628.0,8302.9,8305.9
1748009154173.0,8302.4,8305.4
1748009156772.0,8302.9,8305.9
1748009157275.0,8302.4,8305.4
1748009157894.0,8301.9,8304.9
1748009158086.0,8303.9,8306.9
1748009160554,,
1748009160735.0,8303.4,8306.4
1748009161726.0,8302.9,8305.9
1748009162126.0,8303.4,8306.4
1748009162326.0,8302.9,8305.9
1748009167960,,
1748009168161.0,8301.9,8304.9
1748009168557,,
1748009168783,,
1748009169007,,
1748009170026,,
1748009170536,,
1748009170911.0,8303.9,8306.9
1748009171111.0,8303.4,8306.4
1748009171312.0,8303.9,8306.9
1748009173900,,
1748009174208.0,8304.9,8307.9
1748009174394.0,8304.4,8307.4
1748009176358.0,8303.9,8306.9
1748009177945.0,8304.4,8307.4
1748009178144.0,8303.9,8306.9
1748009178693.0,8304.9,8307.9
1748009179141,,
1748009180666.0,8305.4,8308.4
1748009180864.0,8304.9,8307.9
1748009182675,,
1748009183085,,
1748009183458.0,8304.9,8307.9
1748009183988.0,8304.4,8307.4
1748009185086.0,8303.9,8306.9
1748009187819.0,8304.4,8307.4
1748009189423.0,8303.9,8306.9
1748009189861.0,8304.4,8307.4
1748009190065.0,8303.9,8306.9
1748009201476,,
1748009201676.0,8302.9,8305.9
1748009202083.0,8303.9,8306.9
1748009202282,,
1748009208011.0,8304.4,8307.4
1748009208409.0,8303.9,8306.9
1748009210106.0,8304.4,8307.4
1748009210563.0,8303.9,8306.9
1748009211134,,
1748009211335.0,8302.9,8305.9
1748009211535.0,8303.4,8306.4
1748009214403.0,8303.9,8306.9
1748009223033,,
1748009223233.0,8304.4,8307.4
1748009223845.0,8304.9,8307.9
1748009224042,,
1748009224840.0,8305.4,8308.4
1748009225464.0,8305.9,8308.9
1748009225840,,
1748009225986.0,8305.4,8308.4
1748009226183.0,8304.9,8307.9
1748009227697,,
1748009227863.0,8305.4,8308.4
1748009228063.0,8304.9,8307.9
1748009232590.0,8303.9,8306.9
1748009232791.0,8304.4,8307.4
1748009233905.0,8304.9,8307.9
1748009235658,,
1748009235848.0,8304.4,8307.4
1748009238190.0,8303.9,8306.9
1748009238665,,
1748009241359,,
1748009241772.0,8304.4,8307.4
1748009241973.0,8303.9,8306.9
1748009242558,,
1748009243559,,
1748009244185,,
1748009244296.0,8304.4,8307.4
1748009246516.0,8303.9,8306.9
1748009247399.0,8304.4,8307.4
1748009247844.0,8303.9,8306.9
1748009249998,,
1748009250204.0,8303.4,8306.4
1748009250603.0,8302.9,8305.9
1748009250909.0,8303.4,8306.4
1748009253828.0,8303.9,8306.9
1748009254249.0,8303.4,8306.4
1748009254986.0,8303.9,8306.9
1748009255351.0,8303.4,8306.4
1748009255990.0,8302.9,8305.9
1748009256762.0,8303.4,8306.4
1748009258169.0,8302.9,8305.9
1748009259291.0,8303.4,8306.4
1748009259489.0,8302.9,8305.9
1748009261706,,
1748009261818.0,8303.4,8306.4
1748009262352.0,8303.9,8306.9
1748009263987.0,8304.4,8307.4
1748009265083.0,8304.9,8307.9
1748009265474,,
1748009265673.0,8304.4,8307.4
1748009266195.0,8303.9,8306.9
1748009271603.0,8302.9,8305.9
1748009272170,,
1748009272352.0,8303.4,8306.4
1748009272629.0,8303.9,8306.9
1748009272829.0,8303.4,8306.4
1748009275421.0,8303.9,8306.9
1748009275619.0,8303.4,8306.4
1748009276340.0,8303.9,8306.9
1748009276965.0,8303.4,8306.4
1748009278466.0,8302.9,8305.9
1748009279879.0,8303.4,8306.4
1748009280089.0,8302.9,8305.9
1748009280527.0,8303.4,8306.4
1748009281013.0,8302.9,8305.9
1748009281433.0,8303.9,8306.9
1748009292345.0,8303.4,8306.4
1748009292545.0,8302.9,8305.9
1748009292745.0,8303.4,8306.4
1748009293143.0,8302.9,8305.9
1748009293427,,
1748009293618.0,8301.9,8304.9
1748009293829,,
1748009294026.0,8300.9,8303.9
1748009294330,,
1748009295844,,
1748009295963,,
1748009297059,,
1748009297245.0,8299.9,8302.9
1748009297773,,
1748009298852.0,8300.4,8303.4
1748009299050.0,8299.9,8302.9
1748009300072.0,8300.9,8303.9
1748009300540.0,8300.4,8303.4
1748009303226.0,8299.9,8302.9
1748009305590,,
1748009305791.0,8299.4,8302.4
1748009306335.0,8299.9,8302.9
1748009307614.0,8299.4,8302.4
1748009307871.0,8299.9,8302.9
1748009308252.0,8299.4,8302.4
1748009308652.0,8298.9,8301.9
1748009309872.0,8299.9,8302.9
1748009310158,,
1748009314669,,
1748009314832.0,8300.9,8303.9
1748009315517.0,8301.4,8304.4
1748009315716.0,8301.9,8304.9
1748009316255.0,8301.4,8304.4
1748009316497.0,8301.9,8304.9
1748009316696.0,8301.4,8304.4
1748009317186.0,8301.9,8304.9
1748009317718.0,8302.4,8305.4
1748009318759.0,8301.9,8304.9
1748009325905.0,8300.9,8303.9
1748009326100.0,8301.4,8304.4
1748009326890.0,8300.9,8303.9
1748009327093.0,8301.4,8304.4
1748009327299.0,8300.9,8303.9
1748009327576.0,8301.4,8304.4
1748009327953.0,8300.9,8303.9
1748009328454.0,8301.4,8304.4
1748009329505.0,8301.9,8304.9
1748009329904.0,8301.9,8304.9
1748009330104.0,8301.4,8304.4
1748009330951.0,8300.9,8303.9
1748009331351.0,8301.4,8304.4
1748009331834.0,8301.9,8304.9
1748009332305.0,8302.4,8305.4
1748009332716.0,8302.9,8305.9
1748009332916.0,8302.4,8305.4
1748009333722.0,8302.9,8305.9
1748009334350.0,8303.4,8306.4
1748009334682.0,8303.9,8306.9
1748009334884.0,8303.4,8306.4
1748009335257.0,8303.9,8306.9
1748009335457.0,8302.9,8305.9
1748009337392.0,8303.4,8306.4
1748009337912.0,8303.9,8306.9
1748009340277.0,8304.4,8307.4
1748009340677.0,8303.9,8306.9
1748009341257.0,8303.4,8306.4
1748009341975.0,8302.9,8305.9
1748009347710,,
1748009347910.0,8301.9,8304.9
1748009348163,,
1748009359006,,
1748009362359,,
1748009362561.0,8300.9,8303.9
1748009362759.0,8301.4,8304.4
1748009362960.0,8300.9,8303.9
1748009363161.0,8301.9,8304.9
1748009364931.0,8302.4,8305.4
1748009365133.0,8302.9,8305.9
1748009365491.0,8302.4,8305.4
1748009366310.0,8301.9,8304.9
1748009366490.0,8302.4,8305.4
1748009367525.0,8302.9,8305.9
1748009367725.0,8302.4,8305.4
1748009368125.0,8301.9,8304.9
1748009368428.0,8302.4,8305.4
1748009368801.0,8301.9,8304.9
1748009369563.0,8302.4,8305.4
1748009369816.0,8301.9,8304.9
1748009370018.0,8300.9,8303.9
1748009370886.0,8301.9,8304.9
1748009371083.0,8301.4,8304.4
1748009371306.0,8301.9,8304.9
1748009371505.0,8301.4,8304.4
1748009371804.0,8301.9,8304.9
1748009373675,,
1748009373874.0,8300.9,8303.9
1748009374817,,
1748009375017.0,8300.4,8303.4
1748009375989.0,8300.9,8303.9
1748009376189.0,8300.4,8303.4
1748009376388.0,8300.9,8303.9
1748009376733.0,8300.4,8303.4
1748009377817.0,8300.4,8303.4
1748009378414.0,8300.9,8303.9
1748009379859.0,8300.4,8303.4
1748009381058.0,8299.9,8302.9
1748009384198,,
1748009384399.0,8298.9,8301.9
1748009384599.0,8299.4,8302.4
1748009384906.0,8299.9,8302.9
1748009385148.0,8299.4,8302.4
1748009385342.0,8299.9,8302.9
1748009385846.0,8299.4,8302.4
1748009386313.0,8299.9,8302.9
1748009386747,,
1748009386924.0,8299.4,8302.4
1748009389453.0,8298.9,8301.9
1748009392779,,
1748009392981.0,8298.4,8301.4
1748009396389.0,8297.9,8300.9
1748009397190,,
1748009397893,,
1748009399107,,
1748009399822,,
1748009400698,,
1748009401563,,
1748009402606.0,8298.4,8301.4
1748009403636.0,8298.9,8301.9
1748009404842.0,8297.9,8300.9
1748009405356,,
1748009407008,,
1748009407235,,
1748009408335,,
1748009409250.0,8298.4,8301.4
1748009409450.0,8298.9,8301.9
1748009409654.0,8299.9,8302.9
1748009409855.0,8300.4,8303.4
1748009410709.0,8300.9,8303.9
1748009410890.0,8299.9,8302.9
1748009412570,,
1748009412972.0,8299.4,8302.4
1748009413375.0,8298.9,8301.9
1748009416636,,
1748009416836.0,8297.9,8300.9
1748009417478.0,8297.4,8300.4
1748009418257.0,8296.9,8299.9
1748009418457.0,8297.4,8300.4
1748009419090.0,8296.9,8299.9
1748009420429.0,8297.4,8300.4
1748009421934.0,8296.9,8299.9
1748009422133.0,8297.4,8300.4
1748009423857.0,8297.9,8300.9
1748009424055.0,8297.4,8300.4
1748009424546.0,8297.9,8300.9
1748009424947.0,8297.9,8300.9
1748009425146.0,8297.4,8300.4
1748009425547.0,8297.9,8300.9
1748009426949.0,8298.4,8301.4
1748009427474.0,8297.9,8300.9
1748009427874.0,8298.4,8301.4
1748009428140.0,8297.9,8300.9
1748009428365.0,8298.4,8301.4
1748009428766.0,8297.9,8300.9
1748009429025.0,8298.4,8301.4
1748009429421.0,8297.9,8300.9
1748009429622.0,8298.4,8301.4
1748009430018.0,8297.9,8300.9
1748009430360.0,8298.4,8301.4
1748009430647.0,8298.9,8301.9
1748009432405,,
1748009432609.0,8298.4,8301.4
1748009433005.0,8297.9,8300.9
1748009433208.0,8298.4,8301.4
1748009433406.0,8297.9,8300.9
1748009433806.0,8298.4,8301.4
1748009434695.0,8298.9,8301.9
1748009435046.0,8298.4,8301.4
1748009435495.0,8298.9,8301.9
1748009435703.0,8298.4,8301.4
1748009437635.0,8298.9,8301.9
1748009438466.0,8298.4,8301.4
1748009439031.0,8298.9,8301.9
1748009439262.0,8298.4,8301.4
1748009440884.0,8298.9,8301.9
1748009442407.0,8298.4,8301.4
1748009442633.0,8298.9,8301.9
1748009443551.0,8299.4,8302.4
1748009443909.0,8298.9,8301.9
1748009444805.0,8297.9,8300.9
1748009444934.0,8298.4,8301.4
1748009445772.0,8298.9,8301.9
1748009449139,,
1748009450348,,
1748009451042,,
1748009451237.0,8299.9,8302.9
1748009451794.0,8299.4,8302.4
1748009452215.0,8298.9,8301.9
1748009453288,,
1748009453489.0,8298.4,8301.4
1748009453890.0,8297.9,8300.9
1748009454192.0,8297.4,8300.4
1748009454757.0,8296.9,8299.9
1748009455815,,
1748009456022.0,8296.4,8299.4
1748009456215,,
1748009456829.0,8296.9,8299.9
1748009457435.0,8296.4,8299.4
1748009457640.0,8296.9,8299.9
1748009460079,,
1748009460276.0,8295.9,8298.9
1748009461268.0,8295.4,8298.4
1748009461469.0,8295.9,8298.9
1748009461869.0,8295.4,8298.4
1748009462306.0,8294.9,8297.9
1748009462612,,
1748009462812.0,8295.9,8298.9
1748009463012.0,8295.4,8298.4
1748009464604.0,8295.9,8298.9
1748009464999.0,8295.4,8298.4
1748009465200.0,8294.9,8297.9
1748009465598.0,8295.4,8298.4
1748009466380.0,8295.9,8298.9
1748009466990,,
1748009467192.0,8294.9,8297.9
1748009467636.0,8295.4,8298.4
1748009468035,,
1748009469326,,
1748009469519.0,8296.4,8299.4
1748009470177.0,8296.4,8299.4
1748009470754.0,8295.9,8298.9
1748009472514.0,8295.4,8298.4
1748009474058.0,8295.9,8298.9
1748009474264.0,8295.4,8298.4
1748009474923.0,8295.9,8298.9
1748009475120.0,8295.4,8298.4
1748009476673.0,8295.9,8298.9
1748009478239.0,8296.4,8299.4
1748009479093.0,8296.9,8299.9
1748009480304.0,8296.9,8299.9
1748009480754,,
1748009480955.0,8297.4,8300.4
1748009481153.0,8296.9,8299.9
1748009482099.0,8297.4,8300.4
1748009482312.0,8297.9,8300.9
1748009482526.0,8297.4,8300.4
1748009482712.0,8297.9,8300.9
1748009483359.0,8297.4,8300.4
1748009483557.0,8297.9,8300.9
1748009484219.0,8298.4,8301.4
1748009484445.0,8297.9,8300.9
1748009485638.0,8297.4,8300.4
1748009485838.0,8297.9,8300.9
1748009486704.0,8297.4,8300.4
1748009487083.0,8297.9,8300.9
1748009487259.0,8296.9,8299.9
1748009487459.0,8296.4,8299.4
1748009488657.0,8296.9,8299.9
1748009488856.0,8296.4,8299.4
1748009493517.0,8296.9,8299.9
1748009493714,,
1748009493914.0,8296.4,8299.4
1748009494395.0,8296.4,8299.4
1748009495662.0,8296.9,8299.9
1748009497150,,
1748009501448.0,8296.4,8299.4
1748009501647,,
1748009501849.0,8296.9,8299.9
1748009508937,,
1748009509138.0,8297.9,8300.9
1748009511868.0,8297.4,8300.4
1748009512078.0,8297.9,8300.9
1748009519286.0,8298.4,8301.4
1748009519486.0,8297.9,8300.9
1748009520253.0,8298.4,8301.4
1748009520436.0,8298.9,8301.9
1748009520636.0,8298.4,8301.4
1748009521551.0,8297.9,8300.9
1748009521748.0,8298.4,8301.4
1748009522245.0,8298.9,8301.9
1748009522445.0,8298.4,8301.4
1748009523009.0,8298.9,8301.9
1748009523210.0,8298.4,8301.4
1748009523409.0,8298.9,8301.9
1748009523608,,
1748009527201,,
1748009527396.0,8298.4,8301.4
1748009527616.0,8297.9,8300.9
1748009527817.0,8298.4,8301.4
1748009528018.0,8297.9,8300.9
1748009529141.0,8297.4,8300.4
1748009529340.0,8297.9,8300.9
1748009530335.0,8298.4,8301.4
1748009530537.0,8298.9,8301.9
1748009530738.0,8298.4,8301.4
1748009531119.0,8298.9,8301.9
1748009531480.0,8298.4,8301.4
1748009532254.0,8298.9,8301.9
1748009533046.0,8298.4,8301.4
1748009533244.0,8298.9,8301.9
1748009534334.0,8299.4,8302.4
1748009534861.0,8299.9,8302.9
1748009535075.0,8298.9,8301.9
1748009538249,,
1748009538433.0,8299.4,8302.4
1748009539011.0,8299.9,8302.9
1748009539207.0,8300.9,8303.9
1748009539879.0,8301.4,8304.4
1748009540270.0,8301.9,8304.9
1748009540676.0,8302.9,8305.9
1748009540868.0,8303.9,8306.9
1748009541268.0,8302.4,8305.4
1748009541512.0,8302.9,8305.9
1748009541711.0,8302.4,8305.4
1748009542023.0,8302.9,8305.9
1748009542625.0,8302.4,8305.4
1748009542824.0,8302.9,8305.9
1748009543024.0,8302.4,8305.4
1748009543258.0,8301.9,8304.9
1748009546528,,
1748009546731.0,8302.9,8305.9
1748009550247,,
1748009550777,,
1748009550876.0,8303.4,8306.4
1748009552047.0,8303.9,8306.9
1748009552806.0,8304.4,8307.4
1748009553196.0,8305.4,8308.4
1748009553479.0,8304.9,8307.9
1748009558215,,
1748009558415.0,8305.9,8308.9
1748009558616.0,8305.4,8308.4
1748009559030.0,8305.9,8308.9
1748009559306.0,8306.4,8309.4
1748009559505.0,8305.9,8308.9
1748009559939.0,8306.4,8309.4
1748009560139.0,8305.9,8308.9
1748009560539.0,8306.4,8309.4
1748009560739.0,8306.9,8309.9
1748009561137.0,8305.9,8308.9
1748009561338.0,8306.4,8309.4
1748009561976.0,8306.9,8309.9
1748009562176.0,8306.4,8309.4
1748009562620.0,8305.9,8308.9
1748009565142.0,8305.4,8308.4
1748009565804.0,8304.9,8307.9
1748009565998.0,8305.4,8308.4
1748009566353.0,8304.9,8307.9
1748009566626.0,8305.4,8308.4
1748009566830.0,8304.9,8307.9
1748009567025.0,8305.4,8308.4
1748009568407.0,8304.9,8307.9
1748009570550.0,8305.4,8308.4
1748009570752,,
1748009571044.0,8304.9,8307.9
1748009571281.0,8305.4,8308.4
1748009571759.0,8304.9,8307.9
1748009571964.0,8305.4,8308.4
1748009572179.0,8305.9,8308.9
1748009572379.0,8305.4,8308.4
1748009573199.0,8304.9,8307.9
1748009573599.0,8305.4,8308.4
1748009575105.0,8305.9,8308.9
1748009575921.0,8305.4,8308.4
1748009576121.0,8305.9,8308.9
1748009576834.0,8305.4,8308.4
1748009577459.0,8305.9,8308.9
1748009579628.0,8305.4,8308.4
1748009580480.0,8305.4,8308.4
1748009580674.0,8305.9,8308.9
1748009581791.0,8306.4,8309.4
1748009582332.0,8306.4,8309.4
1748009582532.0,8306.9,8309.9
1748009586749.0,8306.4,8309.4
1748009587079.0,8306.9,8309.9
1748009587278.0,8306.4,8309.4
1748009587789.0,8306.9,8309.9
1748009590404.0,8306.4,8309.4
1748009590852.0,8306.9,8309.9
1748009591449.0,8306.4,8309.4
1748009591977.0,8305.9,8308.9
1748009593358,,
1748009593550.0,8305.4,8308.4
1748009593749.0,8304.9,8307.9
1748009594688,,
1748009595044.0,8305.4,8308.4
1748009595726.0,8305.9,8308.9
1748009596109.0,8305.4,8308.4
1748009597009.0,8305.9,8308.9
1748009597208.0,8305.4,8308.4
1748009597407.0,8305.9,8308.9
1748009597606.0,8305.4,8308.4
1748009598370.0,8304.9,8307.9
1748009599257.0,8303.9,8306.9
1748009599483,,
1748009599684.0,8303.4,8306.4
1748009599883.0,8303.9,8306.9
1748009602459.0,8303.4,8306.4
1748009602658.0,8302.9,8305.9
1748009606716.0,8302.4,8305.4
1748009606915.0,8302.9,8305.9
1748009607443.0,8302.4,8305.4
1748009608214.0,8301.9,8304.9
1748009610749,,
1748009610951.0,8301.4,8304.4
1748009612423.0,8300.9,8303.9
1748009613311,,
1748009613426.0,8301.4,8304.4
1748009614063.0,8301.9,8304.9
1748009614263.0,8301.4,8304.4
1748009614543.0,8301.9,8304.9
1748009614743.0,8301.4,8304.4
1748009616339.0,8301.9,8304.9
1748009617057.0,8301.4,8304.4
1748009617382.0,8300.9,8303.9
1748009617848.0,8301.4,8304.4
1748009618210.0,8300.9,8303.9
1748009618409.0,8301.4,8304.4
1748009618964.0,8300.9,8303.9
1748009621553,,
1748009621654.0,8301.9,8304.9
1748009622051.0,8302.4,8305.4
1748009622595.0,8302.9,8305.9
1748009624375,,
1748009624582.0,8301.9,8304.9
1748009624775.0,8302.4,8305.4
1748009625099.0,8302.9,8305.9
1748009625891.0,8302.4,8305.4
1748009626092.0,8302.9,8305.9
1748009626928.0,8302.4,8305.4
1748009627126.0,8302.9,8305.9
1748009627327.0,8303.4,8306.4
1748009627814.0,8303.9,8306.9
1748009628036.0,8303.4,8306.4
1748009628412.0,8303.4,8306.4
1748009628630.0,8302.9,8305.9
1748009629031.0,8303.4,8306.4
1748009630117.0,8302.9,8305.9
1748009630445.0,8303.4,8306.4
1748009630911.0,8302.9,8305.9
1748009631111.0,8303.4,8306.4
1748009631572.0,8302.9,8305.9
1748009631861.0,8303.4,8306.4
1748009632239.0,8302.9,8305.9
1748009633223.0,8302.4,8305.4
1748009635068.0,8301.9,8304.9
1748009635465.0,8302.4,8305.4
1748009635664.0,8301.9,8304.9
1748009636287.0,8301.4,8304.4
1748009636484.0,8301.9,8304.9
1748009637688.0,8301.4,8304.4
1748009638243.0,8300.9,8303.9
1748009638762.0,8300.4,8303.4
1748009638965.0,8299.9,8302.9
1748009639966.0,8300.4,8303.4
1748009640184.0,8300.9,8303.9
1748009640379.0,8300.4,8303.4
1748009640765.0,8299.9,8302.9
1748009641051.0,8300.4,8303.4
1748009641497.0,8299.9,8302.9
1748009641697.0,8300.4,8303.4
1748009642135.0,8300.9,8303.9
1748009643227,,
1748009643426.0,8300.4,8303.4
1748009643827.0,8299.9,8302.9
1748009644240,,
1748009644508.0,8300.4,8303.4
1748009647706.0,8299.9,8302.9
1748009647903.0,8300.4,8303.4
1748009648105.0,8299.9,8302.9
1748009651661,,
1748009651895.0,8300.9,8303.9
1748009652646,,
1748009652846.0,8301.4,8304.4
1748009653278,,
1748009653488.0,8300.9,8303.9
1748009655743.0,8301.4,8304.4
1748009655976.0,8300.9,8303.9
1748009656636.0,8301.4,8304.4
1748009657092.0,8300.9,8303.9
1748009657294.0,8301.4,8304.4
1748009658580.0,8300.9,8303.9
1748009659501,,
1748009659704.0,8299.9,8302.9
1748009659907.0,8300.4,8303.4
1748009660106.0,8299.9,8302.9
1748009660745.0,8299.4,8302.4
1748009662282.0,8298.9,8301.9
1748009663809.0,8299.4,8302.4
1748009664388.0,8298.9,8301.9
1748009665443.0,8299.4,8302.4
1748009665642.0,8298.9,8301.9
1748009666287.0,8298.4,8301.4
1748009666799.0,8297.9,8300.9
1748009668295.0,8298.4,8301.4
1748009668694.0,8297.9,8300.9
1748009668895.0,8298.4,8301.4
1748009669095.0,8297.9,8300.9
1748009669455.0,8298.4,8301.4
1748009670087.0,8298.9,8301.9
1748009671548.0,8299.4,8302.4
1748009672032.0,8299.4,8302.4
1748009673616.0,8299.9,8302.9
1748009673921.0,8299.4,8302.4
1748009676956.0,8298.9,8301.9
1748009677154.0,8299.4,8302.4
1748009677704.0,8299.9,8302.9
1748009679438.0,8299.4,8302.4
1748009680291.0,8299.9,8302.9
1748009680602.0,8299.4,8302.4
1748009680804.0,8299.9,8302.9
1748009681480.0,8300.4,8303.4
1748009681682.0,8300.9,8303.9
1748009681935.0,8300.4,8303.4
1748009682633.0,8300.4,8303.4
1748009682911.0,8300.9,8303.9
1748009687005.0,8301.4,8304.4
1748009687434.0,8300.9,8303.9
1748009688194.0,8300.9,8303.9
1748009689642.0,8300.4,8303.4
1748009690335.0,8300.9,8303.9
1748009690667.0,8300.4,8303.4
1748009692336.0,8300.9,8303.9
1748009693548.0,8300.4,8303.4
1748009694817.0,8299.9,8302.9
1748009695243.0,8300.4,8303.4
1748009696168.0,8299.9,8302.9
1748009700269,,
1748009700464.0,8299.4,8302.4
1748009700787.0,8299.9,8302.9
1748009701604.0,8299.4,8302.4
1748009702007.0,8299.9,8302.9
1748009702638.0,8299.4,8302.4
1748009704308.0,8299.9,8302.9
1748009705863,,
1748009706064.0,8300.4,8303.4
1748009706876.0,8299.9,8302.9
1748009707094.0,8300.4,8303.4
1748009707276.0,8300.9,8303.9
1748009708500,,
1748009708669.0,8300.4,8303.4
1748009708967,,
1748009709168.0,8300.9,8303.9
1748009709414,,
1748009709613.0,8300.4,8303.4
1748009709887.0,8299.9,8302.9
1748009714726.0,8299.4,8302.4
1748009714928.0,8299.9,8302.9
1748009717590.0,8300.4,8303.4
1748009718234.0,8300.9,8303.9
1748009718603.0,8300.4,8303.4
1748009720751.0,8300.9,8303.9
1748009722212,,
1748009722614.0,8301.9,8304.9
1748009723264.0,8301.4,8304.4
1748009723873,,
1748009724257.0,8300.9,8303.9
1748009724873.0,8300.4,8303.4
1748009725272.0,8299.9,8302.9
1748009725472.0,8300.4,8303.4
1748009726192.0,8299.9,8302.9
1748009726398.0,8300.4,8303.4
1748009726606.0,8299.9,8302.9
1748009727065.0,8300.4,8303.4
1748009731553.0,8299.9,8302.9
1748009734021,,
1748009734222.0,8299.4,8302.4
1748009738653.0,8299.9,8302.9
1748009740767.0,8299.4,8302.4
1748009741684.0,8299.9,8302.9
1748009742503.0,8299.4,8302.4
1748009743315.0,8298.9,8301.9
1748009743515.0,8298.4,8301.4
1748009744393.0,8297.9,8300.9
1748009744713,,
1748009745065.0,8298.4,8301.4
1748009745260.0,8297.9,8300.9
1748009746467.0,8298.4,8301.4
1748009747044.0,8297.9,8300.9
1748009747245.0,8298.4,8301.4
1748009747449.0,8298.9,8301.9
1748009749580,,
1748009749860,,
1748009750282.0,8299.4,8302.4
1748009750481.0,8299.9,8302.9
1748009751108.0,8299.4,8302.4
1748009753305.0,8298.9,8301.9
1748009753618,,
1748009753844,,
1748009755988,,
1748009756088.0,8299.4,8302.4
1748009756367,,
1748009757967.0,8299.9,8302.9
1748009758229,,
1748009758429.0,8300.4,8303.4
1748009759677.0,8299.9,8302.9
1748009759876.0,8300.4,8303.4
1748009760119.0,8299.9,8302.9
1748009760606,,
1748009761450,,
1748009761651.0,8299.4,8302.4
1748009763852.0,8298.9,8301.9
1748009764254,,
1748009764352.0,8299.4,8302.4
1748009764895.0,8298.9,8301.9
1748009765095.0,8299.4,8302.4
1748009766090.0,8299.4,8302.4
1748009767305.0,8299.9,8302.9
1748009767504.0,8299.4,8302.4
1748009767706.0,8299.9,8302.9
1748009768408.0,8300.4,8303.4
1748009770538.0,8300.9,8303.9
1748009770739.0,8300.4,8303.4
1748009770937.0,8300.9,8303.9
1748009772340.0,8301.4,8304.4
1748009775479.0,8300.9,8303.9
1748009775716,,
1748009775917,,
1748009776579.0,8301.4,8304.4
1748009778355.0,8301.9,8304.9
1748009780303,,
1748009782775.0,8302.4,8305.4
1748009782973.0,8302.9,8305.9
1748009783358.0,8302.4,8305.4
1748009783657.0,8301.9,8304.9
1748009784454.0,8302.4,8305.4
1748009784635.0,8301.9,8304.9
1748009786563.0,8302.4,8305.4
1748009787053.0,8302.9,8305.9
1748009787254.0,8302.4,8305.4
1748009787621.0,8301.9,8304.9
1748009789499.0,8301.4,8304.4
1748009792103.0,8301.9,8304.9
1748009792301.0,8301.4,8304.4
1748009793114.0,8300.9,8303.9
1748009793308.0,8301.4,8304.4
1748009795210.0,8300.9,8303.9
1748009796844.0,8301.4,8304.4
1748009797495.0,8300.9,8303.9
1748009797764.0,8301.4,8304.4
1748009798336.0,8300.9,8303.9
1748009800985,,
1748009801187.0,8301.4,8304.4
1748009803932.0,8300.9,8303.9
1748009804133.0,8301.4,8304.4
1748009805861.0,8300.9,8303.9
1748009806908,,
1748009807111.0,8300.4,8303.4
1748009810231.0,8299.9,8302.9
1748009811462.0,8300.4,8303.4
1748009815573.0,8300.9,8303.9
1748009816704.0,8300.4,8303.4
1748009819469.0,8299.9,8302.9
1748009820257.0,8299.4,8302.4
1748009820871.0,8299.9,8302.9
1748009822405.0,8300.4,8303.4
1748009825873.0,8299.9,8302.9
1748009826072.0,8299.4,8302.4
1748009827189.0,8298.9,8301.9
1748009829068,,
1748009829267.0,8299.4,8302.4
1748009829470.0,8299.9,8302.9
1748009829764.0,8299.4,8302.4
1748009830221,,
1748009830422.0,8296.9,8299.9
1748009833147,,
1748009833903,,
1748009834022.0,8297.9,8300.9
1748009834423.0,8296.9,8299.9
1748009835586,,
1748009835789.0,8296.4,8299.4
1748009837082.0,8296.9,8299.9
1748009837283.0,8296.4,8299.4
1748009837482.0,8296.9,8299.9
1748009838405.0,8297.9,8300.9
1748009841705.0,8297.4,8300.4
1748009842448.0,8297.9,8300.9
1748009842721.0,8297.4,8300.4
1748009843982.0,8297.9,8300.9
1748009846595.0,8296.9,8299.9
1748009847700,,
1748009847872.0,8297.9,8300.9
1748009848660.0,8298.4,8301.4
1748009850032.0,8297.9,8300.9
1748009853618.0,8296.9,8299.9
1748009853817.0,8297.4,8300.4
1748009854837.0,8297.9,8300.9
1748009855137.0,8297.4,8300.4
1748009857062.0,8297.9,8300.9
1748009858371.0,8297.4,8300.4
1748009858920.0,8297.9,8300.9
1748009859867.0,8297.4,8300.4
1748009863929.0,8297.9,8300.9
1748009864638.0,8298.4,8301.4
1748009868498.0,8297.9,8300.9
1748009875450.0,8298.4,8301.4
1748009876183.0,8297.9,8300.9
1748009879678,,
1748009879805.0,8297.4,8300.4
1748009881053.0,8297.9,8300.9
1748009881250.0,8297.4,8300.4
1748009881791.0,8297.9,8300.9
1748009882217.0,8297.4,8300.4
1748009882734.0,8297.9,8300.9
1748009882959.0,8297.4,8300.4
1748009883730.0,8297.9,8300.9
1748009883930.0,8297.4,8300.4
1748009884663.0,8297.9,8300.9
1748009885064.0,8297.4,8300.4
1748009885263.0,8297.9,8300.9
1748009885543.0,8297.4,8300.4
1748009887649.0,8296.9,8299.9
1748009887998.0,8297.4,8300.4
1748009891526.0,8297.9,8300.9
1748009891723.0,8297.4,8300.4
1748009892421.0,8296.9,8299.9
1748009892619.0,8297.4,8300.4
1748009894740.0,8296.9,8299.9
1748009894940.0,8297.4,8300.4
1748009895671.0,8297.9,8300.9
1748009896851.0,8297.4,8300.4
1748009898116.0,8297.9,8300.9
1748009898392.0,8297.4,8300.4
1748009904213.0,8296.9,8299.9
1748009904406.0,8297.4,8300.4
1748009905005.0,8297.4,8300.4
1748009906472.0,8297.9,8300.9
1748009907415.0,8297.4,8300.4
1748009910215.0,8297.9,8300.9
1748009910415.0,8297.4,8300.4
1748009910615.0,8297.9,8300.9
1748009911843.0,8298.4,8301.4
1748009912699.0,8297.9,8300.9
1748009913962.0,8298.4,8301.4
1748009915965.0,8297.9,8300.9
1748009916750.0,8297.4,8300.4
1748009916979.0,8297.9,8300.9
1748009921460.0,8297.4,8300.4
1748009921666.0,8297.9,8300.9
1748009922974.0,8297.4,8300.4
1748009924584.0,8297.9,8300.9
1748009924789.0,8297.4,8300.4
1748009925197.0,8297.4,8300.4
1748009926168.0,8296.9,8299.9
1748009926367.0,8297.4,8300.4
1748009926706.0,8296.9,8299.9
1748009926906.0,8297.4,8300.4
1748009927761.0,8296.9,8299.9
1748009927962.0,8297.4,8300.4
1748009928864.0,8296.9,8299.9
1748009929198,,
1748009937139,,
1748009937407,,
1748009940989,,
1748009941190.0,8297.4,8300.4
1748009943474.0,8296.9,8299.9
1748009943673.0,8297.4,8300.4
1748009944073.0,8296.9,8299.9
1748009944273.0,8297.4,8300.4
1748009944879.0,8296.9,8299.9
1748009945723.0,8297.4,8300.4
1748009946546.0,8297.4,8300.4
1748009948597.0,8297.9,8300.9
1748009984010.0,8297.4,8300.4
1748009984280.0,8297.9,8300.9
1748009989132.0,8297.4,8300.4
1748009991085.0,8296.9,8299.9
1748009996277,,
1748009996477.0,8296.4,8299.4
1748009998569.0,8295.9,8298.9
1748010005605.0,8296.4,8299.4
1748010005920.0,8295.9,8298.9
1748010006623,,
1748010006823.0,8295.4,8298.4
1748010007219.0,8295.9,8298.9
1748010007400.0,8295.4,8298.4
1748010009222.0,8295.9,8298.9
1748010011118,,
1748010012942.0,8295.4,8298.4
1748010013327.0,8295.9,8298.9
1748010015123.0,8295.4,8298.4
1748010015322.0,8295.9,8298.9
1748010016738.0,8295.4,8298.4
1748010016935.0,8295.9,8298.9
1748010018048.0,8295.4,8298.4
1748010018735.0,8295.9,8298.9
1748010019208.0,8295.4,8298.4
1748010020038.0,8295.9,8298.9
1748010020237.0,8295.4,8298.4
1748010021674.0,8294.9,8297.9
1748010021873.0,8295.4,8298.4
1748010022833.0,8294.9,8297.9
1748010025337.0,8295.4,8298.4
1748010027797.0,8295.9,8298.9
1748010028560.0,8296.4,8299.4
1748010029999.0,8295.9,8298.9
1748010031249.0,8296.4,8299.4
1748010031599.0,8295.9,8298.9
1748010032553.0,8296.4,8299.4
1748010033333.0,8296.4,8299.4
1748010033955.0,8295.9,8298.9
1748010034530.0,8296.4,8299.4
1748010034781.0,8296.9,8299.9
1748010035050.0,8296.4,8299.4
1748010037808.0,8296.9,8299.9
1748010038273.0,8296.4,8299.4
1748010040290.0,8295.9,8298.9
1748010043887.0,8296.4,8299.4
1748010045069.0,8295.9,8298.9
1748010045269.0,8296.4,8299.4
1748010045484.0,8295.9,8298.9
1748010049058,,
1748010049260.0,8295.4,8298.4
1748010049582.0,8294.9,8297.9
1748010049903.0,8295.4,8298.4
1748010050179.0,8294.9,8297.9
1748010050372.0,8295.4,8298.4
1748010050667.0,8294.9,8297.9
1748010050867.0,8295.4,8298.4
1748010051073.0,8294.9,8297.9
1748010055756.0,8294.4,8297.4
1748010056031.0,8294.9,8297.9
1748010058131,,
1748010058314.0,8295.9,8298.9
1748010061278,,
1748010061565.0,8294.9,8297.9
1748010062595.0,8295.4,8298.4
1748010062796.0,8294.9,8297.9
1748010062999.0,8295.4,8298.4
1748010063394.0,8294.9,8297.9
1748010063999.0,8294.4,8297.4
1748010064199.0,8294.9,8297.9
1748010067444.0,8294.4,8297.4
1748010067640.0,8293.9,8296.9
1748010067841.0,8294.4,8297.4
1748010069078.0,8294.9,8297.9
1748010069555.0,8294.4,8297.4
1748010071206.0,8293.9,8296.9
1748010071668.0,8294.4,8297.4
1748010071869.0,8293.9,8296.9
1748010072594.0,8294.4,8297.4
1748010073024.0,8294.4,8297.4
1748010073432.0,8294.9,8297.9
1748010073732.0,8294.4,8297.4
1748010074611.0,8294.9,8297.9
1748010075055.0,8294.4,8297.4
1748010075634.0,8293.9,8296.9
1748010078211.0,8294.4,8297.4
1748010078410.0,8294.9,8297.9
1748010082537.0,8294.4,8297.4
1748010082735.0,8294.9,8297.9
1748010084371.0,8293.9,8296.9
1748010084568.0,8294.4,8297.4
1748010085470.0,8294.9,8297.9
1748010086116.0,8294.4,8297.4
1748010087147.0,8294.9,8297.9
1748010087345.0,8294.4,8297.4
1748010089011.0,8294.9,8297.9
1748010089884.0,8294.4,8297.4
1748010091307.0,8294.9,8297.9
1748010091504.0,8294.4,8297.4
1748010094131.0,8294.9,8297.9
1748010095218.0,8294.4,8297.4
1748010096129.0,8294.9,8297.9
1748010096329.0,8294.4,8297.4
1748010096762.0,8294.9,8297.9
1748010098221.0,8294.4,8297.4
1748010099273.0,8293.9,8296.9
1748010099551.0,8294.4,8297.4
1748010101516.0,8293.9,8296.9
1748010101714.0,8294.4,8297.4
1748010102910.0,8293.9,8296.9
1748010104386.0,8294.4,8297.4
1748010106310.0,8293.9,8296.9
1748010106625.0,8294.4,8297.4
1748010106823.0,8293.9,8296.9
1748010107190.0,8294.4,8297.4
1748010107589.0,8293.9,8296.9
1748010107974.0,8294.4,8297.4
1748010108175.0,8293.9,8296.9
1748010108432.0,8294.4,8297.4
1748010110486.0,8294.9,8297.9
1748010111152.0,8294.4,8297.4
1748010111352.0,8294.9,8297.9
1748010118521,,
1748010118724.0,8295.9,8298.9
1748010120740.0,8296.4,8299.4
1748010120942.0,8295.9,8298.9
1748010121839,,
1748010122239.0,8296.9,8299.9
1748010122441.0,8295.9,8298.9
1748010122639.0,8296.4,8299.4
1748010122845.0,8296.9,8299.9
1748010123960.0,8297.4,8300.4
1748010124265.0,8296.9,8299.9
1748010124851.0,8297.4,8300.4
1748010125254.0,8297.9,8300.9
1748010125886.0,8297.4,8300.4
1748010126082.0,8296.9,8299.9
1748010126282.0,8297.4,8300.4
1748010127425.0,8297.9,8300.9
1748010128192.0,8298.4,8301.4
1748010128591.0,8298.4,8301.4
1748010129108.0,8298.9,8301.9
1748010129673.0,8299.4,8302.4
1748010129975.0,8299.9,8302.9
1748010131059,,
1748010131264.0,8300.9,8303.9
1748010131524.0,8300.4,8303.4
1748010131975.0,8300.9,8303.9
1748010132318.0,8300.4,8303.4
1748010133040.0,8300.9,8303.9
1748010133229.0,8300.4,8303.4
1748010133611.0,8300.9,8303.9
1748010133814.0,8300.4,8303.4
1748010134304.0,8300.9,8303.9
1748010134778.0,8300.4,8303.4
1748010134977.0,8300.9,8303.9
1748010135178.0,8300.4,8303.4
1748010135379.0,8300.9,8303.9
1748010137343,,
1748010137546.0,8301.9,8304.9
1748010139399,,
1748010139603.0,8302.4,8305.4
1748010143713.0,8301.9,8304.9
1748010149651.0,8302.4,8305.4
1748010150799.0,8302.9,8305.9
1748010151316,,
1748010151514.0,8303.9,8306.9
1748010152243.0,8303.4,8306.4
1748010152509.0,8302.9,8305.9
1748010154057,,
1748010154230.0,8303.4,8306.4
1748010154435.0,8303.9,8306.9
1748010154829.0,8303.4,8306.4
1748010156514.0,8302.9,8305.9
1748010156766.0,8303.4,8306.4
1748010157564.0,8302.9,8305.9
1748010160046.0,8301.9,8304.9
1748010160243.0,8301.4,8304.4
1748010161276.0,8301.9,8304.9
1748010161473.0,8301.4,8304.4
1748010161674.0,8301.9,8304.9
1748010162121.0,8301.4,8304.4
1748010164560.0,8301.9,8304.9
1748010164786.0,8301.4,8304.4
1748010164985.0,8301.9,8304.9
1748010165439.0,8301.4,8304.4
1748010167326.0,8300.9,8303.9
1748010167763.0,8300.9,8303.9
1748010168908.0,8300.4,8303.4
1748010169108.0,8300.9,8303.9
1748010173289,,
1748010173490.0,8301.9,8304.9
1748010173690.0,8301.4,8304.4
1748010177809.0,8301.9,8304.9
1748010179098.0,8301.4,8304.4
1748010182026.0,8301.9,8304.9
1748010183331,,
1748010183728.0,8302.4,8305.4
1748010184127.0,8302.9,8305.9
1748010188479,,
1748010188681.0,8303.4,8306.4
1748010188968.0,8303.9,8306.9
1748010189168.0,8303.4,8306.4
1748010189534.0,8303.9,8306.9
1748010189983.0,8303.4,8306.4
1748010190558.0,8303.9,8306.9
1748010192225.0,8304.4,8307.4
1748010193876.0,8304.9,8307.9
1748010196692.0,8304.4,8307.4
1748010197161.0,8304.9,8307.9
1748010198408.0,8304.4,8307.4
1748010199167.0,8304.4,8307.4
1748010202534.0,8303.9,8306.9
1748010202736.0,8304.4,8307.4
1748010203133.0,8303.9,8306.9
1748010203333.0,8304.4,8307.4
1748010204987.0,8304.9,8307.9
1748010205256.0,8304.4,8307.4
1748010205818.0,8304.9,8307.9
1748010207242,,
1748010207644.0,8305.9,8308.9
1748010208506.0,8305.9,8308.9
1748010209982.0,8306.4,8309.4
1748010210759.0,8305.9,8308.9
1748010210958.0,8306.4,8309.4
1748010211179.0,8305.9,8308.9
1748010214264.0,8306.4,8309.4
1748010214463.0,8305.9,8308.9
1748010215768.0,8306.4,8309.4
1748010215967.0,8305.9,8308.9
1748010219106.0,8305.4,8308.4
1748010221163.0,8304.9,8307.9
1748010221574.0,8305.4,8308.4
1748010221922.0,8304.9,8307.9
1748010223067.0,8305.4,8308.4
1748010223591.0,8304.9,8307.9
1748010224020.0,8305.4,8308.4
1748010224222.0,8304.9,8307.9
1748010224420.0,8305.4,8308.4
1748010224620.0,8304.9,8307.9
1748010225524.0,8304.4,8307.4
1748010225816.0,8303.9,8306.9
1748010226171.0,8304.4,8307.4
1748010226408.0,8303.9,8306.9
1748010227255.0,8304.4,8307.4
1748010227654.0,8304.4,8307.4
1748010227857.0,8303.9,8306.9
1748010228441.0,8304.4,8307.4
1748010228640.0,8303.9,8306.9
1748010228844.0,8304.4,8307.4
1748010229648.0,8303.9,8306.9
1748010229880.0,8304.4,8307.4
1748010230456.0,8303.9,8306.9
1748010230655.0,8304.4,8307.4
1748010232306.0,8304.9,8307.9
1748010232490.0,8304.4,8307.4
1748010233157.0,8304.9,8307.9
1748010236322.0,8304.4,8307.4
1748010237732.0,8303.9,8306.9
1748010240077.0,8304.4,8307.4
1748010240277.0,8303.9,8306.9
1748010240475.0,8304.4,8307.4
1748010241526.0,8304.9,8307.9
1748010243465.0,8304.4,8307.4
1748010247234.0,8304.9,8307.9
1748010247430.0,8305.9,8308.9
1748010247929.0,8305.4,8308.4
1748010248129.0,8305.9,8308.9
1748010255250.0,8306.4,8309.4
1748010256024.0,8306.9,8309.9
1748010256423.0,8306.9,8309.9
1748010256623.0,8306.4,8309.4
1748010257627.0,8306.9,8309.9
1748010257826.0,8306.4,8309.4
1748010258025.0,8306.9,8309.9
1748010260854,,
1748010261046.0,8306.4,8309.4
1748010261905.0,8306.9,8309.9
1748010262792.0,8306.9,8309.9
1748010263749.0,8306.4,8309.4
1748010263976.0,8305.9,8308.9
1748010264191.0,8306.4,8309.4
1748010268011.0,8305.9,8308.9
1748010268209.0,8306.4,8309.4
1748010268623.0,8306.9,8309.9
1748010271443.0,8306.4,8309.4
1748010274206.0,8305.9,8308.9
1748010275511.0,8306.4,8309.4
1748010275706.0,8305.9,8308.9
1748010275999.0,8306.4,8309.4
1748010276309.0,8305.9,8308.9
1748010277452.0,8306.4,8309.4
1748010277651.0,8305.9,8308.9
1748010278684.0,8306.4,8309.4
1748010279086.0,8305.9,8308.9
1748010279545.0,8305.9,8308.9
1748010281765.0,8306.4,8309.4
1748010285691.0,8306.9,8309.9
1748010288207.0,8306.4,8309.4
1748010289367.0,8306.9,8309.9
1748010290044.0,8306.4,8309.4
1748010292715.0,8306.9,8309.9
1748010295803.0,8306.4,8309.4
1748010296720.0,8306.9,8309.9
1748010299071.0,8306.4,8309.4
1748010300253.0,8306.9,8309.9
1748010300890.0,8306.4,8309.4
1748010301089.0,8306.9,8309.9
1748010302046.0,8306.4,8309.4
1748010302445.0,8306.4,8309.4
1748010302645.0,8306.9,8309.9
1748010305798,,
1748010306015.0,8306.4,8309.4
1748010306657.0,8306.9,8309.9
1748010306857.0,8306.4,8309.4
1748010308342.0,8305.9,8308.9
1748010308843.0,8306.4,8309.4
1748010309107.0,8305.9,8308.9
1748010309306.0,8306.4,8309.4
1748010312290.0,8306.4,8309.4
1748010312828.0,8306.4,8309.4
1748010313285.0,8306.9,8309.9
1748010313486.0,8306.4,8309.4
1748010313688.0,8306.9,8309.9
1748010316680.0,8307.4,8310.4
1748010316879.0,8306.9,8309.9
1748010317308.0,8306.4,8309.4
1748010319672,,
1748010319769.0,8306.9,8309.9
1748010322245.0,8307.4,8310.4
1748010323422.0,8307.9,8310.9
1748010323619.0,8307.4,8310.4
1748010324385.0,8306.9,8309.9
1748010325053.0,8307.4,8310.4
1748010325349.0,8306.9,8309.9
1748010327339.0,8307.4,8310.4
1748010328530.0,8306.9,8309.9
1748010333776.0,8307.4,8310.4
1748010334143.0,8306.9,8309.9
1748010336775,,
1748010336975.0,8306.4,8309.4
1748010337175.0,8305.9,8308.9
1748010337656.0,8306.4,8309.4
1748010338082.0,8305.9,8308.9
1748010338278.0,8306.4,8309.4
1748010339410.0,8306.9,8309.9
1748010352266.0,8307.4,8310.4
1748010361108.0,8307.9,8310.9
1748010361331.0,8307.4,8310.4
1748010361953.0,8307.9,8310.9
1748010362153.0,8307.4,8310.4
1748010362880.0,8307.9,8310.9
1748010363226.0,8307.4,8310.4
1748010364436.0,8307.9,8310.9
1748010371526,,
1748010371735.0,8307.4,8310.4
1748010372016.0,8306.9,8309.9
1748010372221.0,8307.4,8310.4
1748010373085.0,8306.9,8309.9
1748010375648.0,8307.4,8310.4
1748010375849.0,8307.9,8310.9
1748010376052.0,8307.4,8310.4
1748010376424.0,8306.9,8309.9
1748010380505,,
1748010380706.0,8305.9,8308.9
1748010384793.0,8306.4,8309.4
1748010385232.0,8305.9,8308.9
1748010385587.0,8306.4,8309.4
1748010387337.0,8305.9,8308.9
1748010387537.0,8305.4,8308.4
1748010387744.0,8304.9,8307.9
1748010388407.0,8305.4,8308.4
1748010388873.0,8304.9,8307.9
1748010390543,,
1748010390744.0,8304.4,8307.4
1748010392254.0,8303.9,8306.9
1748010393135.0,8304.4,8307.4
1748010393336.0,8303.9,8306.9
1748010394466.0,8303.4,8306.4
1748010394900.0,8303.9,8306.9
1748010397898.0,8303.4,8306.4
1748010398235.0,8303.9,8306.9
1748010402365.0,8303.4,8306.4
1748010402679.0,8302.9,8305.9
1748010403523.0,8303.4,8306.4
1748010403982.0,8303.9,8306.9
1748010408974.0,8303.4,8306.4
1748010411294.0,8302.9,8305.9
1748010411495.0,8303.4,8306.4
1748010413083.0,8303.9,8306.9
1748010413555.0,8303.4,8306.4
1748010415706.0,8303.9,8306.9
1748010417298.0,8303.9,8306.9
1748010418068.0,8303.4,8306.4
1748010418267.0,8303.9,8306.9
1748010420270.0,8303.4,8306.4
1748010420471.0,8303.9,8306.9
1748010420671.0,8303.4,8306.4
1748010420990.0,8303.9,8306.9
1748010421188.0,8303.4,8306.4
1748010421388.0,8303.9,8306.9
1748010421589.0,8303.4,8306.4
1748010422279.0,8303.9,8306.9
1748010424403.0,8303.4,8306.4
1748010425867.0,8302.9,8305.9
1748010427116.0,8303.4,8306.4
1748010427393.0,8302.9,8305.9
1748010428190,,
1748010428376.0,8303.9,8306.9
1748010428957.0,8303.4,8306.4
1748010429170.0,8303.9,8306.9
1748010429670.0,8303.4,8306.4
1748010430086.0,8303.9,8306.9
1748010430639.0,8303.4,8306.4
1748010430838.0,8303.9,8306.9
1748010431139.0,8303.4,8306.4
1748010431840.0,8303.9,8306.9
1748010432370.0,8303.4,8306.4
1748010432570.0,8303.9,8306.9
1748010433168.0,8303.4,8306.4
1748010433356.0,8303.9,8306.9
1748010436414.0,8303.4,8306.4
1748010436780.0,8303.9,8306.9
1748010437048.0,8303.4,8306.4
1748010437248.0,8303.9,8306.9
1748010439048.0,8303.4,8306.4
1748010440164.0,8303.9,8306.9
1748010443108,,
1748010443324.0,8304.9,8307.9
1748010448304,,
1748010448504.0,8305.9,8308.9
1748010449452.0,8305.4,8308.4
1748010449698.0,8304.9,8307.9
1748010449906.0,8305.4,8308.4
1748010450308.0,8304.9,8307.9
1748010454466.0,8304.4,8307.4
1748010454665.0,8303.9,8306.9
1748010455124.0,8304.4,8307.4
1748010455728.0,8304.9,8307.9
1748010456464.0,8304.4,8307.4
1748010457004.0,8304.9,8307.9
1748010457203.0,8304.4,8307.4
1748010457605.0,8304.9,8307.9
1748010459892.0,8304.4,8307.4
1748010460278.0,8304.9,8307.9
1748010460485.0,8304.4,8307.4
1748010461005.0,8304.9,8307.9
1748010461552.0,8304.4,8307.4
1748010462003.0,8304.9,8307.9
1748010462217.0,8304.4,8307.4
1748010466504.0,8304.9,8307.9
1748010466751.0,8304.4,8307.4
1748010468278.0,8304.9,8307.9
1748010468477.0,8304.4,8307.4
1748010469149.0,8303.9,8306.9
1748010469416.0,8303.4,8306.4
1748010469615.0,8303.9,8306.9
1748010470790.0,8303.4,8306.4
1748010471572.0,8303.9,8306.9
1748010471770.0,8303.4,8306.4
1748010473890.0,8303.9,8306.9
1748010474362.0,8303.4,8306.4
1748010475984.0,8302.9,8305.9
1748010476211.0,8303.4,8306.4
1748010476410.0,8302.9,8305.9
1748010476608.0,8303.4,8306.4
1748010477762.0,8303.9,8306.9
1748010477962.0,8303.4,8306.4
1748010478161.0,8303.9,8306.9
1748010479261.0,8303.4,8306.4
1748010480520.0,8302.9,8305.9
1748010480885,,
1748010482830.0,8302.4,8305.4
1748010483040.0,8302.9,8305.9
1748010483231.0,8302.4,8305.4
1748010484207.0,8301.9,8304.9
1748010485668.0,8301.4,8304.4
1748010486317.0,8300.9,8303.9
1748010486510.0,8301.4,8304.4
1748010487229.0,8301.9,8304.9
1748010487430.0,8301.4,8304.4
1748010487907.0,8300.9,8303.9
1748010488192.0,8301.4,8304.4
1748010489077.0,8300.9,8303.9
1748010490562.0,8300.4,8303.4
1748010490765.0,8300.9,8303.9
1748010490962.0,8299.9,8302.9
1748010491159,,
1748010491550.0,8300.4,8303.4
1748010491758.0,8299.9,8302.9
1748010492883.0,8300.4,8303.4
1748010493084.0,8299.9,8302.9
1748010493353.0,8300.4,8303.4
1748010493761.0,8300.9,8303.9
1748010493959.0,8300.4,8303.4
1748010495221.0,8299.9,8302.9
1748010495629.0,8300.4,8303.4
1748010496634.0,8299.9,8302.9
1748010496827.0,8300.4,8303.4
1748010497912.0,8299.9,8302.9
1748010498111.0,8300.4,8303.4
1748010499354.0,8299.9,8302.9
1748010499954.0,8300.4,8303.4
1748010500575.0,8300.9,8303.9
1748010500980.0,8301.4,8304.4
1748010501328.0,8300.9,8303.9
1748010502082.0,8301.4,8304.4
1748010502279.0,8300.9,8303.9
1748010503035.0,8300.4,8303.4
1748010503686,,
1748010504089.0,8299.9,8302.9
1748010504284.0,8300.4,8303.4
1748010504485.0,8299.9,8302.9
1748010504684.0,8300.4,8303.4
1748010505967.0,8299.9,8302.9
1748010507905.0,8300.4,8303.4
1748010508611.0,8299.9,8302.9
1748010510777,,
1748010510977.0,8299.4,8302.4
1748010511534.0,8299.9,8302.9
1748010511723.0,8299.4,8302.4
1748010512441.0,8299.9,8302.9
1748010514367.0,8299.4,8302.4
1748010515294.0,8298.4,8301.4
1748010515693.0,8298.9,8301.9
1748010515893.0,8299.4,8302.4
1748010518655.0,8298.9,8301.9
1748010519310.0,8299.4,8302.4
1748010519920.0,8298.9,8301.9
1748010526305.0,8298.4,8301.4
1748010526503.0,8297.9,8300.9
1748010526704.0,8298.4,8301.4
1748010526914.0,8297.9,8300.9
1748010527104.0,8298.4,8301.4
1748010527797.0,8297.9,8300.9
1748010529152,,
1748010529353.0,8297.4,8300.4
1748010529915.0,8297.9,8300.9
1748010530116.0,8296.9,8299.9
1748010530315.0,8297.4,8300.4
1748010532797.0,8297.9,8300.9
1748010533752.0,8297.4,8300.4
1748010534272.0,8297.4,8300.4
1748010534474.0,8297.9,8300.9
1748010537530.0,8298.4,8301.4
1748010537928.0,8298.4,8301.4
1748010538599.0,8298.9,8301.9
1748010542495,,
1748010542695.0,8299.4,8302.4
1748010543149.0,8298.9,8301.9
1748010548353.0,8297.9,8300.9
1748010548657.0,8298.4,8301.4
1748010549175.0,8298.9,8301.9
1748010549405.0,8298.4,8301.4
1748010549598.0,8298.9,8301.9
1748010549889.0,8298.4,8301.4
1748010550359.0,8298.9,8301.9
1748010550558.0,8298.4,8301.4
1748010551411.0,8297.9,8300.9
1748010551613.0,8298.4,8301.4
1748010552369.0,8297.9,8300.9
1748010552568.0,8298.4,8301.4
1748010555241.0,8297.9,8300.9
1748010555442.0,8298.4,8301.4
1748010557391.0,8298.9,8301.9
1748010561697.0,8298.4,8301.4
1748010561896.0,8297.9,8300.9
1748010562371.0,8298.4,8301.4
1748010562571.0,8297.9,8300.9
1748010563642.0,8298.4,8301.4
1748010567259.0,8298.9,8301.9
1748010567461.0,8298.4,8301.4
1748010568593.0,8298.9,8301.9
1748010569088.0,8297.9,8300.9
1748010570986.0,8297.4,8300.4
1748010571637.0,8297.9,8300.9
1748010576865,,
1748010577008.0,8298.4,8301.4
1748010577207.0,8299.4,8302.4
1748010577805.0,8299.9,8302.9
1748010578006.0,8299.4,8302.4
1748010578682.0,8299.9,8302.9
1748010579718.0,8299.4,8302.4
1748010580293.0,8299.4,8302.4
1748010584826.0,8299.9,8302.9
1748010585025.0,8299.4,8302.4
1748010585340.0,8299.9,8302.9
1748010587177.0,8300.4,8303.4
1748010587728.0,8300.9,8303.9
1748010588038.0,8300.4,8303.4
1748010588420.0,8299.9,8302.9
1748010588798.0,8300.4,8303.4
1748010588998.0,8299.9,8302.9
1748010589208.0,8300.4,8303.4
1748010590706.0,8300.9,8303.9
1748010590905.0,8300.4,8303.4
1748010592892.0,8300.9,8303.9
1748010596267,,
1748010596454.0,8299.9,8302.9
1748010596797.0,8300.4,8303.4
1748010596997.0,8299.9,8302.9
1748010597528.0,8300.4,8303.4
1748010600252.0,8300.9,8303.9
1748010600465.0,8300.4,8303.4
1748010600653.0,8300.9,8303.9
1748010601865,,
1748010602060.0,8301.4,8304.4
1748010602343.0,8300.9,8303.9
1748010602558.0,8301.4,8304.4
1748010602956.0,8300.9,8303.9
1748010603157.0,8301.4,8304.4
1748010603645.0,8301.9,8304.9
1748010604058.0,8300.9,8303.9
1748010607317.0,8301.4,8304.4
1748010608194.0,8300.9,8303.9
1748010608540.0,8301.4,8304.4
1748010609045.0,8300.9,8303.9
1748010610697.0,8301.4,8304.4
1748010610997.0,8300.9,8303.9
1748010611924.0,8301.4,8304.4
1748010612242.0,8300.9,8303.9
1748010618791,,
1748010618889.0,8301.4,8304.4
1748010620215.0,8300.9,8303.9
1748010620397.0,8301.4,8304.4
1748010621944.0,8300.9,8303.9
1748010622145.0,8301.4,8304.4
1748010622545.0,8301.4,8304.4
1748010623948.0,8301.9,8304.9
1748010624465.0,8301.4,8304.4
1748010625376.0,8300.9,8303.9
1748010625557.0,8301.4,8304.4
1748010625825.0,8300.9,8303.9
1748010626026.0,8301.4,8304.4
1748010627589.0,8300.9,8303.9
1748010627787.0,8301.4,8304.4
1748010628393.0,8301.9,8304.9
1748010628772.0,8301.4,8304.4
1748010629226,,
1748010629424.0,8300.9,8303.9
1748010629881.0,8300.4,8303.4
1748010630495.0,8299.9,8302.9
1748010630697.0,8299.4,8302.4
1748010631292.0,8298.9,8301.9
1748010631759.0,8299.4,8302.4
1748010631958.0,8298.9,8301.9
1748010632939.0,8298.4,8301.4
1748010633136.0,8298.9,8301.9
1748010634914.0,8298.4,8301.4
1748010635126.0,8298.9,8301.9
1748010636490.0,8299.4,8302.4
1748010636969.0,8299.9,8302.9
1748010637427.0,8299.4,8302.4
1748010637733.0,8299.9,8302.9
1748010638548.0,8300.4,8303.4
1748010639655.0,8299.9,8302.9
1748010639912.0,8300.4,8303.4
1748010640161.0,8300.9,8303.9
1748010641379.0,8300.4,8303.4
1748010642038.0,8300.9,8303.9
1748010643839.0,8301.4,8304.4
1748010644041.0,8302.4,8305.4
1748010644240.0,8301.9,8304.9
1748010644881.0,8302.4,8305.4
1748010645482.0,8301.9,8304.9
1748010646238.0,8302.4,8305.4
1748010646437.0,8302.9,8305.9
1748010646638.0,8302.4,8305.4
1748010647146.0,8302.9,8305.9
1748010647645.0,8302.4,8305.4
1748010647846.0,8302.9,8305.9
1748010648043.0,8302.4,8305.4
1748010648370.0,8301.9,8304.9
1748010649018.0,8302.4,8305.4
1748010652393.0,8302.4,8305.4
1748010653381.0,8302.9,8305.9
1748010653879.0,8302.4,8305.4
1748010654080.0,8302.9,8305.9
1748010655861.0,8302.9,8305.9
1748010656174.0,8302.4,8305.4
1748010656372.0,8302.9,8305.9
1748010656685.0,8302.4,8305.4
1748010656883.0,8302.9,8305.9
1748010660356.0,8302.9,8305.9
1748010662758.0,8302.4,8305.4
1748010662958.0,8302.9,8305.9
1748010664221,,
1748010667942,,
1748010668133.0,8301.9,8304.9
1748010668551.0,8301.4,8304.4
1748010668751.0,8301.9,8304.9
1748010670512.0,8301.4,8304.4
1748010670711.0,8301.9,8304.9
1748010671692.0,8301.4,8304.4
1748010671874.0,8301.9,8304.9
1748010673011.0,8302.4,8305.4
1748010674291.0,8301.9,8304.9
1748010675044.0,8302.4,8305.4
1748010675244.0,8301.9,8304.9
1748010675741.0,8301.4,8304.4
1748010676079.0,8300.9,8303.9
1748010676583.0,8301.4,8304.4
1748010676905.0,8301.9,8304.9
1748010677406.0,8301.4,8304.4
1748010678648.0,8300.9,8303.9
1748010678848.0,8301.4,8304.4
1748010679579.0,8300.9,8303.9
1748010679866.0,8301.4,8304.4
1748010680496.0,8300.9,8303.9
1748010680965.0,8301.4,8304.4
1748010686236.0,8301.9,8304.9
1748010687998.0,8301.4,8304.4
1748010688199.0,8301.9,8304.9
1748010688543,,
1748010689203.0,8301.4,8304.4
1748010689945.0,8301.9,8304.9
1748010690444.0,8301.4,8304.4
1748010690780.0,8301.9,8304.9
1748010691206.0,8301.4,8304.4
1748010691405.0,8301.9,8304.9
1748010692286.0,8301.4,8304.4
1748010694005.0,8301.9,8304.9
1748010694789.0,8301.4,8304.4
1748010695168.0,8301.9,8304.9
1748010696097,,
1748010696197.0,8300.9,8303.9
1748010697045.0,8301.4,8304.4
1748010697246.0,8300.9,8303.9
1748010699804.0,8300.4,8303.4
1748010700305.0,8300.9,8303.9
1748010702257.0,8300.4,8303.4
1748010703349.0,8300.9,8303.9
1748010703547.0,8300.4,8303.4
1748010704504.0,8300.9,8303.9
1748010705607.0,8300.4,8303.4
1748010707020.0,8300.9,8303.9
1748010707695,,
1748010707823.0,8301.9,8304.9
1748010708399.0,8301.4,8304.4
1748010709917.0,8300.9,8303.9
1748010710827.0,8301.4,8304.4
1748010711040.0,8300.9,8303.9
1748010711717.0,8300.4,8303.4
1748010711918.0,8300.9,8303.9
1748010712122.0,8300.4,8303.4
1748010715098.0,8300.9,8303.9
1748010715307.0,8300.4,8303.4
1748010715694.0,8300.9,8303.9
1748010715893.0,8301.4,8304.4
1748010716092.0,8300.9,8303.9
1748010716889.0,8301.4,8304.4
1748010717089.0,8300.9,8303.9
1748010720638.0,8301.4,8304.4
1748010721353.0,8301.9,8304.9
1748010722794.0,8302.4,8305.4
1748010722995.0,8301.9,8304.9
1748010725599.0,8301.4,8304.4
1748010726946.0,8301.9,8304.9
1748010727144.0,8301.4,8304.4
1748010728111.0,8301.9,8304.9
1748010728309.0,8301.4,8304.4
1748010730715.0,8301.9,8304.9
1748010737060.0,8301.4,8304.4
1748010740099.0,8301.9,8304.9
1748010741046.0,8301.9,8304.9
1748010741721.0,8301.4,8304.4
1748010745171.0,8301.9,8304.9
1748010745372.0,8301.4,8304.4
1748010745850.0,8301.9,8304.9
1748010746177.0,8301.4,8304.4
1748010746473.0,8301.9,8304.9
1748010746933.0,8302.4,8305.4
1748010747230.0,8301.9,8304.9
1748010748443.0,8302.4,8305.4
1748010748641.0,8301.9,8304.9
1748010749087.0,8301.4,8304.4
1748010750749.0,8301.9,8304.9
1748010751394,,
1748010751594.0,8302.4,8305.4
1748010751928.0,8301.9,8304.9
1748010754207.0,8302.4,8305.4
1748010757583.0,8302.9,8305.9
1748010762325.0,8301.9,8304.9
1748010762524.0,8302.4,8305.4
1748010763475.0,8301.9,8304.9
1748010763877.0,8302.4,8305.4
1748010764193.0,8301.9,8304.9
1748010764394.0,8302.4,8305.4
1748010765779.0,8302.4,8305.4
1748010768080.0,8302.9,8305.9
1748010770990,,
1748010771190.0,8303.9,8306.9
1748010772689.0,8304.4,8307.4
1748010773188.0,8303.9,8306.9
1748010773389.0,8304.4,8307.4
1748010773588.0,8303.9,8306.9
1748010775440,,
1748010775628.0,8303.4,8306.4
1748010777142.0,8302.9,8305.9
1748010777343.0,8303.4,8306.4
1748010777541.0,8302.9,8305.9
1748010777744.0,8303.4,8306.4
1748010777941.0,8302.9,8305.9
1748010778468.0,8303.4,8306.4
1748010779084.0,8302.9,8305.9
1748010779783.0,8302.4,8305.4
1748010782628.0,8302.9,8305.9
1748010788204.0,8302.4,8305.4
1748010788874.0,8302.9,8305.9
1748010789352.0,8302.4,8305.4
1748010792851.0,8302.9,8305.9
1748010804631.0,8303.9,8306.9
1748010805081,,
1748010805237,,
1748010805338.0,8303.4,8306.4
1748010806005.0,8302.9,8305.9
1748010808518.0,8302.4,8305.4
1748010808975.0,8302.9,8305.9
1748010809205,,
1748010809411.0,8302.4,8305.4
1748010812075.0,8302.4,8305.4
1748010812859.0,8302.9,8305.9
1748010816644.0,8303.4,8306.4
1748010820904.0,8303.9,8306.9
1748010827947,,
1748010828146.0,8304.9,8307.9
1748010834163.0,8305.4,8308.4
1748010834363.0,8304.9,8307.9
1748010835298.0,8305.4,8308.4
1748010835497.0,8304.9,8307.9
1748010836058,,
1748010837320.0,8305.4,8308.4
1748010837869.0,8304.9,8307.9
1748010839280.0,8305.4,8308.4
1748010839907.0,8305.9,8308.9
1748010840469.0,8306.4,8309.4
1748010840869.0,8306.4,8309.4
1748010841069.0,8305.9,8308.9
1748010841270.0,8306.4,8309.4
1748010842159.0,8306.9,8309.9
1748010843555.0,8306.4,8309.4
1748010843759.0,8305.9,8308.9
1748010844815.0,8305.4,8308.4
1748010846883.0,8305.9,8308.9
1748010847082.0,8305.4,8308.4
1748010850638.0,8305.9,8308.9
1748010851238.0,8305.9,8308.9
1748010851437.0,8305.4,8308.4
1748010851639.0,8305.9,8308.9
1748010851837.0,8305.4,8308.4
1748010854433.0,8305.9,8308.9
1748010854634.0,8305.4,8308.4
1748010855448.0,8304.9,8307.9
1748010855646,,
1748010856020.0,8305.4,8308.4
1748010858544.0,8305.9,8308.9
1748010859362,,
1748010865614,,
1748010865758.0,8306.9,8309.9
1748010866212.0,8306.4,8309.4
1748010866779.0,8306.9,8309.9
1748010868240.0,8307.4,8310.4
1748010868755.0,8306.4,8309.4
1748010868944.0,8306.9,8309.9
1748010869873.0,8307.4,8310.4
1748010870075.0,8306.9,8309.9
1748010870288,,
1748010870492.0,8307.4,8310.4
1748010873704.0,8306.9,8309.9
1748010875185.0,8306.4,8309.4
1748010875461.0,8306.9,8309.9
1748010875659.0,8306.4,8309.4
1748010875861.0,8306.9,8309.9
1748010876969.0,8307.4,8310.4
1748010877494,,
1748010877888.0,8307.9,8310.9
1748010878761.0,8307.4,8310.4
1748010879954.0,8307.9,8310.9
1748010884654.0,8308.4,8311.4
1748010887610.0,8308.9,8311.9
1748010887930.0,8308.4,8311.4
1748010888850.0,8307.9,8310.9
1748010889892.0,8308.4,8311.4
1748010892176.0,8307.9,8310.9
1748010893761.0,8308.4,8311.4
1748010894829.0,8307.9,8310.9
1748010897355.0,8308.4,8311.4
1748010897722.0,8307.9,8310.9
1748010897921.0,8308.4,8311.4
1748010899604.0,8308.9,8311.9
1748010902085.0,8307.9,8310.9
1748010902287.0,8308.4,8311.4
1748010904254.0,8307.9,8310.9
1748010904512.0,8308.4,8311.4
1748010905792.0,8307.9,8310.9
1748010908749.0,8307.4,8310.4
1748010908950.0,8307.9,8310.9
1748010913652.0,8308.4,8311.4
1748010913854.0,8307.9,8310.9
1748010915209.0,8308.4,8311.4
1748010915515.0,8307.9,8310.9
1748010916112.0,8308.4,8311.4
1748010920721.0,8307.9,8310.9
1748010921156.0,8307.4,8310.4
1748010921355.0,8307.9,8310.9
1748010923645.0,8308.4,8311.4
1748010924078.0,8307.9,8310.9
1748010928875,,
1748010929077.0,8307.4,8310.4
1748010929468.0,8306.9,8309.9
1748010930455.0,8306.4,8309.4
1748010932184.0,8306.9,8309.9
1748010934499,,
1748010934684.0,8307.9,8310.9
1748010940470,,
1748010940576.0,8307.4,8310.4
1748010943959.0,8306.9,8309.9
1748010960950,,
1748010961151.0,8305.9,8308.9
1748010961567.0,8306.4,8309.4
1748010962160.0,8306.9,8309.9
1748010962403.0,8306.4,8309.4
1748010963276.0,8306.9,8309.9
1748010967523,,
1748010967693.0,8305.9,8308.9
1748010967892.0,8306.4,8309.4
1748010968370.0,8305.9,8308.9
1748010968614.0,8306.4,8309.4
1748010969284.0,8305.9,8308.9
1748010971232,,
1748010971421.0,8306.9,8309.9
1748010971617.0,8306.4,8309.4
1748010974583.0,8305.9,8308.9
1748010975403.0,8306.4,8309.4
1748010975602.0,8306.9,8309.9
1748010977978.0,8306.4,8309.4
1748010979480.0,8306.9,8309.9
1748010983065.0,8306.4,8309.4
1748010983555.0,8306.4,8309.4
1748010983754.0,8305.9,8308.9
1748010983955.0,8306.4,8309.4
1748010984356.0,8306.4,8309.4
1748010984555.0,8305.9,8308.9
1748010984754.0,8306.4,8309.4
1748010985785.0,8306.9,8309.9
1748010987181.0,8306.4,8309.4
1748010987725.0,8306.9,8309.9
1748010987926.0,8306.4,8309.4
1748010988125.0,8306.9,8309.9
1748010988884.0,8306.4,8309.4
1748010989084.0,8306.9,8309.9
1748010989285.0,8306.4,8309.4
1748010989484.0,8305.9,8308.9
1748010989691,,
1748010989989,,
1748010990099,,
1748010990771,,
1748010991671,,
1748010991874.0,8304.9,8307.9
1748010992631,,
1748010992831.0,8303.9,8306.9
1748010993031.0,8304.4,8307.4
1748010993230.0,8304.9,8307.9
1748010994073.0,8305.4,8308.4
1748010994273.0,8305.9,8308.9
1748010999368,,
1748010999559.0,8306.9,8309.9
1748011003034,,
1748011003234.0,8307.9,8310.9
1748011006909.0,8308.4,8311.4
1748011007096.0,8308.9,8311.9
1748011010714,,
1748011010916.0,8309.9,8312.9
1748011011204,,
1748011011400.0,8308.9,8311.9
1748011011769.0,8309.4,8312.4
1748011012602.0,8308.9,8311.9
1748011012800.0,8309.4,8312.4
1748011013496.0,8309.9,8312.9
1748011027995,,
1748011033143,,
1748011033522.0,8310.9,8313.9
1748011035250.0,8310.4,8313.4
1748011036693.0,8309.9,8312.9
1748011047561,,
1748011047760.0,8309.4,8312.4
1748011048046.0,8309.9,8312.9
1748011049628.0,8308.9,8311.9
1748011049892.0,8308.4,8311.4
1748011050092.0,8308.9,8311.9
1748011050708.0,8308.4,8311.4
1748011051186.0,8308.9,8311.9
1748011051687.0,8308.4,8311.4
1748011052604.0,8307.9,8310.9
1748011053416,,
1748011053515.0,8308.9,8311.9
1748011058891.0,8308.4,8311.4
1748011059450.0,8307.9,8310.9
1748011059807,,
1748011059951.0,8308.4,8311.4
1748011060429.0,8308.9,8311.9
1748011061059.0,8308.4,8311.4
1748011063582.0,8307.9,8310.9
1748011068582,,
1748011068682.0,8308.9,8311.9
1748011069050.0,8308.4,8311.4
1748011070150.0,8308.9,8311.9
1748011070657.0,8308.4,8311.4
1748011070869.0,8308.9,8311.9
1748011074760,,
1748011074961.0,8309.9,8312.9
1748011077726.0,8308.9,8311.9
1748011080627,,
1748011086333,,
1748011086506.0,8309.9,8312.9
1748011093659.0,8309.4,8312.4
1748011094096.0,8309.4,8312.4
1748011094596.0,8309.9,8312.9
1748011105222,,
1748011105423.0,8310.9,8313.9
1748011106007,,
1748011106111.0,8309.9,8312.9
1748011106388.0,8310.4,8313.4
1748011106819.0,8310.9,8313.9
1748011107649.0,8310.4,8313.4
1748011108174.0,8310.9,8313.9
1748011108971.0,8310.4,8313.4
1748011109558.0,8310.9,8313.9
1748011109757.0,8310.4,8313.4
1748011109991.0,8309.9,8312.9
1748011110188.0,8310.9,8313.9
1748011111841,,
1748011112041.0,8311.4,8314.4
1748011112613.0,8310.9,8313.9
1748011112811.0,8311.4,8314.4
1748011113395.0,8310.9,8313.9
1748011115550,,
1748011115751.0,8309.9,8312.9
1748011116322.0,8310.4,8313.4
1748011116623.0,8309.9,8312.9
1748011116824.0,8310.4,8313.4
1748011118952.0,8309.9,8312.9
1748011121113.0,8310.4,8313.4
1748011121304.0,8309.9,8312.9
1748011123067.0,8310.9,8313.9
1748011124795.0,8310.4,8313.4
1748011125654.0,8310.9,8313.9
1748011126706.0,8310.4,8313.4
1748011126936.0,8310.9,8313.9
1748011127647,,
1748011127825.0,8309.9,8312.9
1748011128856,,
1748011129058.0,8308.9,8311.9
1748011135075,,
1748011135175.0,8309.4,8312.4
1748011135589.0,8309.9,8312.9
1748011137535,,
1748011137963.0,8309.9,8312.9
1748011138162.0,8310.4,8313.4
1748011138363.0,8310.9,8313.9
1748011140883.0,8310.4,8313.4
1748011141082.0,8309.9,8312.9
1748011141848.0,8310.4,8313.4
1748011142029.0,8310.9,8313.9
1748011150762,,
1748011150962.0,8311.9,8314.9
1748011157618.0,8310.4,8313.4
1748011157844.0,8310.9,8313.9
1748011161560.0,8311.4,8314.4
1748011161740.0,8310.9,8313.9
1748011185971,,
1748011186176.0,8310.4,8313.4
1748011189589.0,8310.9,8313.9
1748011190532.0,8310.4,8313.4
1748011192954.0,8310.9,8313.9
1748011193152.0,8310.4,8313.4
1748011195436,,
1748011195636.0,8309.9,8312.9
1748011196097,,
1748011196272.0,8308.9,8311.9
1748011200789.0,8308.4,8311.4
1748011201388.0,8307.9,8310.9
1748011201585.0,8308.4,8311.4
1748011202856.0,8307.9,8310.9
1748011203058.0,8308.4,8311.4
1748011203387.0,8307.9,8310.9
1748011203586.0,8308.4,8311.4
1748011203869.0,8307.9,8310.9
1748011204068.0,8308.4,8311.4
1748011204954.0,8307.9,8310.9
1748011205170.0,8308.4,8311.4
1748011205937.0,8307.9,8310.9
1748011206158.0,8308.4,8311.4
1748011206403.0,8307.9,8310.9
1748011206682.0,8307.4,8310.4
1748011206904.0,8307.9,8310.9
1748011213268.0,8307.4,8310.4
1748011214121.0,8307.9,8310.9
1748011214496.0,8307.4,8310.4
1748011214752.0,8307.9,8310.9
1748011214972.0,8307.4,8310.4
1748011215182.0,8307.9,8310.9
1748011216960,,
1748011217162.0,8308.4,8311.4
1748011218513.0,8307.9,8310.9
1748011219068.0,8308.4,8311.4
1748011219267.0,8307.9,8310.9
1748011219467.0,8308.4,8311.4
1748011220235.0,8308.9,8311.9
1748011220536.0,8309.4,8312.4
1748011220965.0,8309.9,8312.9
1748011221612.0,8310.4,8313.4
1748011222012.0,8310.4,8313.4
1748011222213.0,8309.9,8312.9
1748011223075.0,8310.4,8313.4
1748011224170.0,8310.9,8313.9
1748011224669.0,8311.4,8314.4
1748011229637.0,8311.9,8314.9
1748011231040.0,8312.4,8315.4
1748011233239.0,8311.9,8314.9
1748011238565.0,8312.4,8315.4
1748011239673.0,8312.9,8315.9
1748011249877,,
1748011250066.0,8311.9,8314.9
1748011254792,,
1748011254993.0,8311.4,8314.4
1748011256967.0,8310.9,8313.9
1748011257367.0,8310.9,8313.9
1748011257890.0,8310.4,8313.4
1748011258242.0,8310.9,8313.9
1748011258443.0,8310.4,8313.4
1748011259121.0,8310.9,8313.9
1748011265489.0,8311.4,8314.4
1748011265919,,
1748011268037.0,8310.9,8313.9
1748011268521.0,8311.4,8314.4
1748011268721.0,8310.9,8313.9
1748011268921.0,8311.4,8314.4
1748011269306.0,8310.9,8313.9
1748011269746.0,8311.4,8314.4
1748011270116.0,8310.9,8313.9
1748011270406.0,8311.4,8314.4
1748011270606.0,8310.9,8313.9
1748011270807.0,8311.4,8314.4
1748011272259.0,8311.4,8314.4
1748011273187.0,8311.9,8314.9
1748011273388.0,8311.4,8314.4
1748011274894.0,8310.9,8313.9
1748011275298.0,8311.4,8314.4
1748011275548.0,8310.9,8313.9
1748011277047.0,8310.4,8313.4
1748011277338.0,8310.9,8313.9
1748011277537.0,8310.4,8313.4
1748011280703.0,8310.9,8313.9
1748011281226.0,8311.4,8314.4
1748011283280.0,8310.9,8313.9
1748011283552.0,8311.4,8314.4
1748011283785.0,8310.9,8313.9
1748011283986.0,8311.4,8314.4
1748011284225.0,8310.9,8313.9
1748011285793.0,8310.4,8313.4
1748011285993.0,8310.9,8313.9
1748011286721.0,8310.4,8313.4
1748011287403.0,8310.9,8313.9
1748011288748.0,8310.4,8313.4
1748011288947.0,8310.9,8313.9
1748011289262.0,8310.4,8313.4
1748011290333.0,8310.9,8313.9
1748011290532.0,8311.4,8314.4
1748011293171.0,8310.9,8313.9
1748011293483,,
1748011293674.0,8311.4,8314.4
1748011294697.0,8311.9,8314.9
1748011294899.0,8311.4,8314.4
1748011296577.0,8310.9,8313.9
1748011303100.0,8310.4,8313.4
1748011304995.0,8309.9,8312.9
1748011305805.0,8310.4,8313.4
1748011306394.0,8309.9,8312.9
1748011308004,,
1748011308204.0,8310.4,8313.4
1748011309237.0,8310.9,8313.9
1748011309490.0,8310.4,8313.4
1748011312407.0,8310.9,8313.9
1748011312606.0,8310.4,8313.4
1748011312857.0,8310.9,8313.9
1748011313831.0,8310.4,8313.4
1748011316541.0,8309.9,8312.9
1748011318865.0,8309.4,8312.4
1748011320283.0,8308.9,8311.9
1748011320481.0,8309.4,8312.4
1748011320683.0,8308.9,8311.9
1748011321110.0,8309.4,8312.4
1748011321310.0,8308.9,8311.9
1748011322399.0,8309.4,8312.4
1748011323010.0,8309.9,8312.9
1748011323206.0,8309.4,8312.4
1748011324322.0,8308.9,8311.9
1748011324521.0,8309.4,8312.4
1748011325342.0,8308.9,8311.9
1748011327827.0,8309.4,8312.4
1748011328270.0,8308.9,8311.9
1748011328876.0,8309.4,8312.4
1748011329105.0,8308.9,8311.9
1748011331747,,
1748011331947.0,8308.4,8311.4
1748011332780.0,8307.9,8310.9
1748011332980.0,8308.4,8311.4
1748011334071.0,8307.9,8310.9
1748011334311.0,8307.4,8310.4
1748011334814.0,8306.9,8309.9
1748011335212,,
1748011335978.0,8306.4,8309.4
1748011337106.0,8306.9,8309.9
1748011339227.0,8306.4,8309.4
1748011339709.0,8306.9,8309.9
1748011339908.0,8306.4,8309.4
1748011340521.0,8306.9,8309.9
1748011341004.0,8307.4,8310.4
1748011341309.0,8306.9,8309.9
1748011341745.0,8307.4,8310.4
1748011342224.0,8307.9,8310.9
1748011342420.0,8307.4,8310.4
1748011343893.0,8307.9,8310.9
1748011344093.0,8307.4,8310.4
1748011344292.0,8307.9,8310.9
1748011345195.0,8307.4,8310.4
1748011347267.0,8306.9,8309.9
1748011347869.0,8306.4,8309.4
1748011348252.0,8306.9,8309.9
1748011349765.0,8306.4,8309.4
1748011350007.0,8306.9,8309.9
1748011360532.0,8306.4,8309.4
1748011360732.0,8306.9,8309.9
1748011366328.0,8306.4,8309.4
1748011366528.0,8306.9,8309.9
1748011367805.0,8306.4,8309.4
1748011368011.0,8306.9,8309.9
1748011369383.0,8306.4,8309.4
1748011369581.0,8306.9,8309.9
1748011369782.0,8306.4,8309.4
1748011370216.0,8306.9,8309.9
1748011370416.0,8306.4,8309.4
1748011370809.0,8306.9,8309.9
1748011371007.0,8306.4,8309.4
1748011371212.0,8306.9,8309.9
1748011371412.0,8306.4,8309.4
1748011371611.0,8306.9,8309.9
1748011372037.0,8306.4,8309.4
1748011372533.0,8306.9,8309.9
1748011379466.0,8306.4,8309.4
1748011379793.0,8305.9,8308.9
1748011379996.0,8306.9,8309.9
1748011380194.0,8306.4,8309.4
1748011381780.0,8306.9,8309.9
1748011382182.0,8306.4,8309.4
1748011382382.0,8306.9,8309.9
1748011383475.0,8307.4,8310.4
1748011383674.0,8307.9,8310.9
1748011383875.0,8307.4,8310.4
1748011385997.0,8306.9,8309.9
1748011386196.0,8307.4,8310.4
1748011393031.0,8307.9,8310.9
1748011397321.0,8308.4,8311.4
1748011398368.0,8308.9,8311.9
1748011398651.0,8308.4,8311.4
1748011398851.0,8308.9,8311.9
1748011399451.0,8308.4,8311.4
1748011400964.0,8308.9,8311.9
1748011401224,,
1748011401394.0,8308.4,8311.4
1748011402123.0,8308.9,8311.9
1748011402806.0,8309.4,8312.4
1748011403008.0,8309.9,8312.9
1748011403336.0,8309.4,8312.4
1748011406177.0,8309.9,8312.9
1748011408087.0,8310.4,8313.4
1748011408560.0,8310.9,8313.9
1748011410170,,
1748011410371.0,8311.4,8314.4
1748011410571.0,8311.9,8314.9
1748011411358.0,8311.4,8314.4
1748011411558.0,8311.9,8314.9
1748011411843,,
1748011412015.0,8311.4,8314.4
1748011412217.0,8311.9,8314.9
1748011415294,,
1748011415495.0,8312.4,8315.4
1748011417022.0,8311.9,8314.9
1748011426087,,
1748011427229.0,8311.4,8314.4
1748011428767.0,8311.9,8314.9
1748011428969.0,8311.4,8314.4
1748011430483.0,8310.9,8313.9
1748011430682.0,8311.4,8314.4
1748011431887.0,8310.9,8313.9
1748011432325.0,8311.4,8314.4
1748011433162.0,8311.9,8314.9
1748011433363.0,8311.4,8314.4
1748011433791.0,8310.9,8313.9
1748011434812.0,8311.4,8314.4
1748011438366.0,8311.9,8314.9
1748011438566.0,8311.4,8314.4
1748011440994.0,8311.9,8314.9
1748011441282.0,8311.4,8314.4
1748011442776.0,8311.9,8314.9
1748011442974.0,8311.4,8314.4
1748011444361.0,8311.9,8314.9
1748011444561.0,8311.4,8314.4
1748011445777.0,8310.9,8313.9
1748011446085.0,8311.4,8314.4
1748011446285.0,8310.9,8313.9
1748011447427.0,8311.4,8314.4
1748011448067.0,8310.9,8313.9
1748011448267.0,8311.4,8314.4
1748011448466.0,8310.9,8313.9
1748011448666.0,8311.4,8314.4
1748011450315.0,8310.9,8313.9
1748011451641.0,8311.4,8314.4
1748011452393.0,8311.9,8314.9
1748011454891.0,8311.4,8314.4
1748011455090.0,8311.9,8314.9
1748011455570.0,8311.4,8314.4
1748011457379.0,8311.9,8314.9
1748011458310.0,8311.4,8314.4
1748011458580.0,8311.9,8314.9
1748011458889.0,8311.4,8314.4
1748011461418.0,8310.9,8313.9
1748011461826.0,8311.4,8314.4
1748011469097.0,8311.9,8314.9
1748011469553.0,8311.4,8314.4
1748011470925.0,8311.9,8314.9
1748011471123.0,8311.4,8314.4
1748011472735.0,8311.9,8314.9
1748011473170.0,8311.4,8314.4
1748011473579.0,8310.9,8313.9
1748011474216.0,8311.4,8314.4
1748011474805.0,8310.9,8313.9
1748011475004.0,8311.4,8314.4
1748011479521.0,8310.9,8313.9
1748011479920,,
1748011480448.0,8311.4,8314.4
1748011483556.0,8311.9,8314.9
1748011483774.0,8311.4,8314.4
1748011486287.0,8310.9,8313.9
1748011486482.0,8311.4,8314.4
1748011490478.0,8311.9,8314.9
1748011492332.0,8311.4,8314.4
1748011494373.0,8310.9,8313.9
1748011494574.0,8311.4,8314.4
1748011500560.0,8310.9,8313.9
1748011501707.0,8311.4,8314.4
1748011505938.0,8311.9,8314.9
1748011506684.0,8311.4,8314.4
1748011507990.0,8311.9,8314.9
1748011508190.0,8311.4,8314.4
1748011509972.0,8311.9,8314.9
1748011510718.0,8311.4,8314.4
1748011511096.0,8311.9,8314.9
1748011511511.0,8311.4,8314.4
1748011512068.0,8311.9,8314.9
1748011512268.0,8311.4,8314.4
1748011513803.0,8311.9,8314.9
1748011515005.0,8311.4,8314.4
1748011516250.0,8311.9,8314.9
1748011516818,,
1748011517015.0,8312.4,8315.4
1748011519106.0,8311.9,8314.9
1748011519349.0,8312.4,8315.4
1748011519641.0,8311.9,8314.9
1748011520968.0,8311.4,8314.4
1748011522473.0,8311.9,8314.9
1748011522658.0,8311.4,8314.4
1748011522857.0,8310.9,8313.9
1748011523058.0,8311.4,8314.4
1748011536811.0,8310.9,8313.9
1748011537015.0,8311.4,8314.4
1748011539994.0,8311.9,8314.9
1748011540912.0,8311.4,8314.4
1748011551284.0,8311.9,8314.9
1748011551483.0,8312.4,8315.4
1748011559172.0,8311.9,8314.9
1748011559371.0,8312.4,8315.4
1748011560622.0,8311.9,8314.9
1748011561104.0,8312.4,8315.4
1748011562657.0,8311.9,8314.9
1748011567681,,
1748011567882.0,8311.4,8314.4
1748011568252.0,8310.9,8313.9
1748011569349.0,8311.4,8314.4
1748011570829.0,8311.9,8314.9
1748011571556.0,8311.4,8314.4
1748011576506.0,8310.9,8313.9
1748011577068.0,8311.4,8314.4
1748011583360.0,8311.9,8314.9
1748011583560.0,8311.4,8314.4
1748011586728.0,8311.9,8314.9
1748011587697.0,8311.4,8314.4
1748011588386.0,8311.9,8314.9
1748011607381,,
1748011607590.0,8312.4,8315.4
1748011608221.0,8312.9,8315.9
1748011608419.0,8312.4,8315.4
1748011616305.0,8311.9,8314.9
1748011616503.0,8312.4,8315.4
1748011620005.0,8312.9,8315.9
1748011620190.0,8312.4,8315.4
1748011622864.0,8311.9,8314.9
1748011623308.0,8312.4,8315.4
1748011626313.0,8311.9,8314.9
1748011626937.0,8312.4,8315.4
1748011627137.0,8311.9,8314.9
1748011627337.0,8312.9,8315.9
1748011635879,,
1748011636083.0,8313.9,8316.9
1748011637252.0,8314.4,8317.4
1748011639504.0,8314.9,8317.9
1748011639820.0,8314.4,8317.4
1748011640164.0,8314.9,8317.9
1748011642485.0,8315.4,8318.4
1748011644591.0,8314.9,8317.9
1748011646795.0,8314.4,8317.4
1748011646989.0,8314.9,8317.9
1748011647583.0,8314.4,8317.4
1748011651523.0,8313.9,8316.9
1748011651986.0,8314.4,8317.4
1748011652186.0,8313.9,8316.9
1748011653308.0,8313.4,8316.4
1748011658320.0,8312.9,8315.9
1748011659528.0,8312.4,8315.4
1748011659983.0,8312.9,8315.9
1748011661662.0,8312.4,8315.4
1748011662719.0,8312.9,8315.9
1748011662994.0,8312.4,8315.4
1748011666493.0,8311.9,8314.9
1748011666685.0,8312.4,8315.4
1748011666894.0,8312.9,8315.9
1748011668495,,
1748011668694.0,8312.4,8315.4
1748011669208.0,8311.9,8314.9
1748011669408.0,8312.9,8315.9
1748011680628.0,8311.9,8314.9
1748011680786.0,8312.4,8315.4
1748011683419.0,8311.9,8314.9
1748011683620.0,8312.4,8315.4
1748011684435.0,8311.9,8314.9
1748011684826.0,8312.4,8315.4
1748011685161.0,8311.9,8314.9
1748011685360.0,8312.9,8315.9
1748011690030,,
1748011690230.0,8313.4,8316.4
1748011692477.0,8312.9,8315.9
1748011692894,,
1748011693118,,
1748011693571,,
1748011693670.0,8313.4,8316.4
1748011696489.0,8313.9,8316.9
1748011697446.0,8313.4,8316.4
1748011697645.0,8313.9,8316.9
1748011697890.0,8313.4,8316.4
1748011698089.0,8313.9,8316.9
1748011702034,,
1748011702235.0,8314.9,8317.9
1748011703166.0,8314.4,8317.4
1748011703365.0,8314.9,8317.9
1748011703721.0,8314.4,8317.4
1748011704958.0,8314.9,8317.9
1748011705149.0,8314.4,8317.4
1748011706368.0,8314.9,8317.9
1748011707434.0,8314.4,8317.4
1748011708332.0,8314.9,8317.9
1748011712788,,
1748011712990.0,8315.4,8318.4
1748011713406.0,8315.9,8318.9
1748011717328,,
1748011717531.0,8316.9,8319.9
1748011719470.0,8316.4,8319.4
1748011719668.0,8316.9,8319.9
1748011723564.0,8316.4,8319.4
1748011730151.0,8316.9,8319.9
1748011741130,,
1748011741663,,
1748011749935,,
1748011750118.0,8317.4,8320.4
1748011752018.0,8317.9,8320.9
1748011756270.0,8318.4,8321.4
1748011756469.0,8317.9,8320.9
1748011756869.0,8318.4,8321.4
1748011757550.0,8317.9,8320.9
1748011763668.0,8317.4,8320.4
1748011764399.0,8316.9,8319.9
1748011764598.0,8317.4,8320.4
1748011765345.0,8316.9,8319.9
1748011765755.0,8316.4,8319.4
1748011766807.0,8315.9,8318.9
1748011767228,,
1748011767427.0,8316.4,8319.4
1748011767956.0,8315.9,8318.9
1748011768687,,
1748011772710,,
1748011773292.0,8316.4,8319.4
1748011775399.0,8316.9,8319.9
1748011775605.0,8316.4,8319.4
1748011775806.0,8316.9,8319.9
1748011776007.0,8316.4,8319.4
1748011780634.0,8316.9,8319.9
1748011781884.0,8316.4,8319.4
1748011783159.0,8315.9,8318.9
1748011783704,,
1748011787308.0,8316.4,8319.4
1748011788127.0,8315.9,8318.9
1748011789730.0,8316.4,8319.4
1748011790483.0,8315.9,8318.9
1748011794762.0,8316.4,8319.4
1748011795112.0,8315.9,8318.9
1748011796223,,
1748011796424.0,8315.4,8318.4
1748011796822.0,8314.9,8317.9
1748011801422,,
1748011801627.0,8314.4,8317.4
1748011801883.0,8314.9,8317.9
1748011803530.0,8314.4,8317.4
1748011804148.0,8314.9,8317.9
1748011804348.0,8314.4,8317.4
1748011807148.0,8313.9,8316.9
1748011807893.0,8313.4,8316.4
1748011808782.0,8313.9,8316.9
1748011814016.0,8313.4,8316.4
1748011814208.0,8312.9,8315.9
1748011815769.0,8312.4,8315.4
1748011816297.0,8311.9,8314.9
1748011817153.0,8312.4,8315.4
1748011817510.0,8311.9,8314.9
1748011817710.0,8312.4,8315.4
1748011819196.0,8311.9,8314.9
1748011819395.0,8312.4,8315.4
1748011820657.0,8311.9,8314.9
1748011821278.0,8311.4,8314.4
1748011821477.0,8311.9,8314.9
1748011821678.0,8311.4,8314.4
1748011822096.0,8310.9,8313.9
1748011822352.0,8311.4,8314.4
1748011822548.0,8310.9,8313.9
1748011822806,,
1748011823526.0,8311.4,8314.4
1748011823744.0,8310.9,8313.9
1748011824768.0,8310.4,8313.4
1748011825166.0,8310.9,8313.9
1748011825369.0,8310.4,8313.4
1748011825629.0,8310.9,8313.9
1748011825829.0,8310.4,8313.4
1748011826029.0,8310.9,8313.9
1748011826727.0,8310.4,8313.4
1748011826928.0,8310.9,8313.9
1748011827319.0,8310.4,8313.4
1748011827518.0,8310.9,8313.9
1748011828828.0,8310.4,8313.4
1748011829107.0,8310.9,8313.9
1748011829649.0,8310.4,8313.4
1748011829847.0,8310.9,8313.9
1748011830049.0,8310.4,8313.4
1748011830247.0,8309.9,8312.9
1748011830448.0,8309.4,8312.4
1748011831789.0,8309.9,8312.9
1748011833506.0,8309.4,8312.4
1748011833704.0,8309.9,8312.9
1748011833907.0,8309.4,8312.4
1748011834418,,
1748011834529.0,8308.9,8311.9
1748011837440,,
1748011837628.0,8308.4,8311.4
1748011838234.0,8307.9,8310.9
1748011840306,,
1748011840504.0,8307.4,8310.4
1748011840849.0,8307.9,8310.9
1748011841266,,
1748011841467.0,8308.9,8311.9
1748011843021.0,8308.4,8311.4
1748011843527.0,8308.9,8311.9
1748011843727.0,8308.4,8311.4
1748011844016.0,8307.9,8310.9
1748011845604.0,8308.4,8311.4
1748011845899.0,8308.9,8311.9
1748011846226.0,8309.4,8312.4
1748011846814.0,8309.9,8312.9
1748011847213.0,8310.4,8313.4
1748011848075.0,8310.9,8313.9
1748011848895.0,8310.4,8313.4
1748011849094.0,8310.9,8313.9
1748011849295.0,8310.4,8313.4
1748011850379.0,8309.9,8312.9
1748011852367.0,8310.4,8313.4
1748011853092.0,8309.9,8312.9
1748011853415.0,8310.4,8313.4
1748011854168.0,8310.9,8313.9
1748011854370.0,8310.4,8313.4
1748011855137.0,8309.9,8312.9
1748011855946.0,8310.4,8313.4
1748011856562.0,8309.9,8312.9
1748011856759.0,8310.4,8313.4
1748011856971.0,8309.9,8312.9
1748011857855.0,8309.4,8312.4
1748011859395.0,8308.9,8311.9
1748011860160.0,8308.4,8311.4
1748011860360.0,8308.9,8311.9
1748011860692.0,8308.4,8311.4
1748011861042.0,8308.9,8311.9
1748011861241.0,8308.4,8311.4
1748011861483.0,8308.9,8311.9
1748011862289.0,8308.4,8311.4
1748011862571.0,8307.9,8310.9
1748011862772.0,8308.4,8311.4
1748011863630.0,8307.9,8310.9
1748011870092.0,8307.4,8310.4
1748011870315.0,8307.9,8310.9
1748011872356.0,8307.4,8310.4
1748011873109.0,8306.9,8309.9
1748011873406,,
1748011878105.0,8306.4,8309.4
1748011878305.0,8306.9,8309.9
1748011885594,,
1748011885693.0,8307.9,8310.9
1748011886654.0,8307.4,8310.4
1748011887692.0,8306.9,8309.9
1748011891185,,
1748011891283.0,8307.4,8310.4
1748011891718.0,8307.9,8310.9
1748011894171.0,8307.4,8310.4
1748011895915.0,8306.9,8309.9
1748011896405.0,8307.4,8310.4
1748011897251.0,8307.9,8310.9
1748011900483.0,8308.4,8311.4
1748011900680.0,8307.9,8310.9
1748011900881.0,8308.4,8311.4
1748011903516.0,8307.9,8310.9
1748011903715.0,8308.4,8311.4
1748011904634.0,8307.9,8310.9
1748011904816.0,8308.4,8311.4
1748011905616.0,8307.9,8310.9
1748011910056.0,8307.4,8310.4
1748011910761.0,8307.9,8310.9
1748011912639.0,8308.4,8311.4
1748011912854.0,8307.9,8310.9
1748011913605.0,8308.4,8311.4
1748011915204.0,8308.9,8311.9
1748011915851.0,8309.4,8312.4
1748011916095.0,8308.9,8311.9
1748011916295.0,8309.4,8312.4
1748011916586.0,8308.9,8311.9
1748011917106.0,8308.4,8311.4
1748011917474.0,8308.9,8311.9
1748011917674.0,8308.4,8311.4
1748011918555.0,8307.9,8310.9
1748011918897.0,8308.4,8311.4
1748011920239.0,8307.9,8310.9
1748011921369.0,8307.4,8310.4
1748011921568.0,8307.9,8310.9
1748011922079.0,8307.4,8310.4
1748011922797.0,8306.9,8309.9
1748011924540.0,8307.4,8310.4
1748011924736.0,8307.9,8310.9
1748011926519.0,8307.4,8310.4
1748011927220.0,8307.9,8310.9
1748011927862.0,8307.4,8310.4
1748011928749.0,8306.9,8309.9
1748011928952.0,8307.4,8310.4
1748011929303.0,8306.9,8309.9
1748011929503.0,8307.4,8310.4
1748011932039.0,8307.9,8310.9
1748011932719.0,8307.4,8310.4
1748011932913.0,8307.9,8310.9
1748011934712.0,8307.4,8310.4
1748011935647.0,8306.9,8309.9
1748011936734.0,8306.4,8309.4
1748011937204.0,8305.9,8308.9
1748011938123.0,8306.4,8309.4
1748011939255.0,8306.9,8309.9
1748011942651.0,8306.9,8309.9
1748011944115.0,8306.4,8309.4
1748011947312.0,8306.9,8309.9
1748011948106.0,8306.4,8309.4
1748011948483.0,8305.9,8308.9
1748011948683.0,8306.4,8309.4
1748011951593.0,8306.9,8309.9
1748011953274.0,8306.4,8309.4
1748011953473.0,8306.9,8309.9
1748011954168.0,8306.4,8309.4
1748011954369.0,8306.9,8309.9
1748011954856.0,8306.4,8309.4
1748011955594.0,8305.9,8308.9
1748011956159.0,8306.4,8309.4
1748011957929.0,8305.9,8308.9
1748011958129.0,8306.4,8309.4
1748011958333.0,8305.9,8308.9
1748011959049.0,8306.4,8309.4
1748011959803.0,8306.9,8309.9
1748011960067.0,8306.4,8309.4
1748011961980.0,8306.9,8309.9
1748011962304.0,8306.4,8309.4
1748011962503.0,8306.9,8309.9
1748011962737.0,8306.4,8309.4
1748011962938.0,8306.9,8309.9
1748011963257.0,8306.4,8309.4
1748011963688.0,8305.9,8308.9
1748011963947.0,8306.4,8309.4
1748011965738.0,8306.9,8309.9
1748011965937.0,8306.4,8309.4
1748011966904.0,8306.9,8309.9
1748011973236.0,8306.4,8309.4
1748011973590.0,8306.9,8309.9
1748011976885.0,8306.4,8309.4
1748011977333.0,8305.9,8308.9
1748011981961.0,8305.4,8308.4
1748011982206.0,8304.9,8307.9
1748011982407.0,8305.4,8308.4
1748011983213.0,8304.9,8307.9
1748011983516,,
1748011983718.0,8305.4,8308.4
1748011984630.0,8305.9,8308.9
1748011984835.0,8305.4,8308.4
1748011985430.0,8305.9,8308.9
1748011986278.0,8305.4,8308.4
1748011986480.0,8305.9,8308.9
1748011988187.0,8305.4,8308.4
1748011989426.0,8305.9,8308.9
1748011989626.0,8305.4,8308.4
1748011989826.0,8305.9,8308.9
1748011990024.0,8305.4,8308.4
1748011991521.0,8304.9,8307.9
1748011992227.0,8304.4,8307.4
1748011992622.0,8304.9,8307.9
1748011993274.0,8304.4,8307.4
1748011993476.0,8304.9,8307.9
1748011995644,,
1748011995846.0,8304.4,8307.4
1748011996106.0,8304.9,8307.9
1748012000344,,
1748012000555.0,8305.4,8308.4
1748012000745.0,8305.9,8308.9
1748012006443.0,8305.4,8308.4
1748012008235.0,8305.9,8308.9
1748012011213,,
1748012011414.0,8306.4,8309.4
1748012012343.0,8306.9,8309.9
1748012013509.0,8306.4,8309.4
1748012014173.0,8306.9,8309.9
1748012014429.0,8306.4,8309.4
1748012014713.0,8306.9,8309.9
1748012014913.0,8306.4,8309.4
1748012015113.0,8306.9,8309.9
1748012015313.0,8306.4,8309.4
1748012017978.0,8306.9,8309.9
1748012018176.0,8306.4,8309.4
1748012019737.0,8306.9,8309.9
1748012021084.0,8306.4,8309.4
1748012021281.0,8306.9,8309.9
1748012022446.0,8306.4,8309.4
1748012022649.0,8306.9,8309.9
1748012025038,,
1748012025236.0,8307.4,8310.4
1748012027063.0,8306.9,8309.9
1748012032007.0,8306.4,8309.4
1748012032207.0,8306.9,8309.9
1748012032441.0,8306.4,8309.4
1748012032641.0,8306.9,8309.9
1748012033947.0,8306.4,8309.4
1748012035107.0,8306.9,8309.9
1748012036102.0,8306.4,8309.4
1748012038308.0,8306.9,8309.9
1748012038510.0,8306.4,8309.4
1748012040313.0,8306.9,8309.9
1748012040835.0,8306.4,8309.4
1748012041355.0,8306.9,8309.9
1748012041556.0,8306.4,8309.4
1748012042184.0,8305.9,8308.9
1748012044327.0,8305.4,8308.4
1748012044527.0,8305.9,8308.9
1748012045939,,
1748012046140.0,8306.9,8309.9
1748012046341.0,8306.4,8309.4
1748012047052.0,8306.9,8309.9
1748012047550.0,8306.4,8309.4
1748012048614.0,8306.9,8309.9
1748012048920.0,8306.4,8309.4
1748012050284.0,8306.9,8309.9
1748012050704.0,8306.4,8309.4
1748012051419.0,8306.9,8309.9
1748012052468.0,8306.4,8309.4
1748012052669.0,8306.9,8309.9
1748012054403.0,8306.4,8309.4
1748012054613.0,8306.9,8309.9
1748012055011.0,8306.9,8309.9
1748012056643.0,8306.4,8309.4
1748012056843.0,8306.9,8309.9
1748012057949.0,8306.4,8309.4
1748012060926.0,8306.9,8309.9
1748012061914.0,8306.4,8309.4
1748012064153.0,8306.9,8309.9
1748012070543.0,8306.4,8309.4
1748012071041.0,8306.9,8309.9
1748012071441.0,8306.4,8309.4
1748012071682.0,8306.9,8309.9
1748012071882.0,8306.4,8309.4
1748012072646.0,8305.9,8308.9
1748012073326.0,8305.4,8308.4
1748012073508.0,8304.9,8307.9
1748012074314.0,8305.4,8308.4
1748012074524.0,8304.9,8307.9
1748012075032.0,8305.4,8308.4
1748012075230.0,8304.9,8307.9
1748012075718.0,8305.4,8308.4
1748012076639.0,8304.9,8307.9
1748012081935.0,8304.4,8307.4
1748012082546.0,8304.9,8307.9
1748012083091.0,8304.4,8307.4
1748012083805.0,8303.9,8306.9
1748012084419.0,8304.4,8307.4
1748012085673.0,8304.9,8307.9
1748012085907.0,8304.4,8307.4
1748012086105.0,8304.9,8307.9
1748012087152.0,8304.4,8307.4
1748012087350.0,8304.9,8307.9
1748012089061.0,8304.4,8307.4
1748012091089.0,8304.9,8307.9
1748012091464.0,8304.4,8307.4
1748012093646.0,8304.9,8307.9
1748012095096.0,8304.4,8307.4
1748012095312.0,8304.9,8307.9
1748012096391.0,8304.4,8307.4
1748012097228.0,8303.9,8306.9
1748012097636,,
1748012097837.0,8304.4,8307.4
1748012098989.0,8304.9,8307.9
1748012099265.0,8304.4,8307.4
1748012099547.0,8304.9,8307.9
1748012100567.0,8305.4,8308.4
1748012101053.0,8304.9,8307.9
1748012102206.0,8305.4,8308.4
1748012103291.0,8304.9,8307.9
1748012103571.0,8305.4,8308.4
1748012103769.0,8304.9,8307.9
1748012106788,,
1748012106988.0,8305.4,8308.4
1748012107828.0,8304.9,8307.9
1748012108261.0,8305.4,8308.4
1748012108749.0,8305.9,8308.9
1748012109111.0,8305.4,8308.4
1748012112620.0,8305.4,8308.4
1748012112922.0,8304.9,8307.9
1748012113134.0,8305.4,8308.4
1748012113662.0,8304.9,8307.9
1748012113863.0,8305.4,8308.4
1748012114062.0,8304.9,8307.9
1748012115289.0,8305.4,8308.4
1748012116250.0,8304.9,8307.9
1748012117825.0,8304.4,8307.4
1748012118025.0,8304.9,8307.9
1748012118715.0,8305.4,8308.4
1748012118916.0,8304.9,8307.9
1748012119511.0,8305.4,8308.4
1748012119710.0,8304.9,8307.9
1748012123840.0,8304.4,8307.4
1748012124030.0,8304.9,8307.9
1748012125643.0,8304.4,8307.4
1748012126280.0,8304.9,8307.9
1748012127443.0,8305.9,8308.9
1748012127719.0,8305.4,8308.4
1748012128225.0,8304.9,8307.9
1748012128581.0,8304.4,8307.4
1748012128780.0,8304.9,8307.9
1748012139792.0,8304.4,8307.4
1748012140057.0,8304.9,8307.9
1748012142828,,
1748012143925.0,8304.4,8307.4
1748012145217.0,8303.9,8306.9
1748012146224.0,8304.4,8307.4
1748012152649.0,8303.9,8306.9
1748012153740.0,8304.4,8307.4
1748012155170.0,8304.9,8307.9
1748012155630.0,8304.4,8307.4
1748012155925.0,8304.9,8307.9
1748012158707.0,8305.4,8308.4
1748012158909.0,8305.9,8308.9
1748012159343.0,8305.4,8308.4
1748012160077.0,8305.9,8308.9
1748012160303.0,8305.4,8308.4
1748012161372.0,8305.9,8308.9
1748012162281.0,8305.4,8308.4
1748012162776.0,8304.9,8307.9
1748012163099.0,8304.4,8307.4
1748012163298.0,8303.9,8306.9
1748012163498.0,8304.4,8307.4
1748012164696.0,8304.9,8307.9
1748012166097.0,8304.4,8307.4
1748012166298.0,8304.9,8307.9
1748012169354.0,8305.4,8308.4
1748012169649.0,8305.9,8308.9
1748012171405.0,8306.4,8309.4
1748012171603.0,8305.9,8308.9
1748012171803.0,8306.4,8309.4
1748012172205.0,8306.4,8309.4
1748012172873.0,8306.9,8309.9
1748012175875.0,8307.4,8310.4
1748012176075.0,8306.9,8309.9
1748012177752,,
1748012177851.0,8306.4,8309.4
1748012178717.0,8305.9,8308.9
1748012179194.0,8306.4,8309.4
1748012179617.0,8306.9,8309.9
1748012179815.0,8306.4,8309.4
1748012184444.0,8305.9,8308.9
1748012187608,,
1748012187812.0,8305.4,8308.4
1748012188297.0,8304.9,8307.9
1748012188495.0,8305.4,8308.4
1748012189160.0,8305.4,8308.4
1748012195020.0,8305.9,8308.9
1748012195228.0,8305.4,8308.4
1748012197451.0,8304.9,8307.9
1748012198859.0,8305.4,8308.4
1748012200210.0,8304.9,8307.9
1748012201657.0,8305.4,8308.4
1748012202562.0,8304.9,8307.9
1748012205606,,
1748012205806.0,8304.4,8307.4
1748012206809.0,8303.9,8306.9
1748012207093.0,8304.4,8307.4
1748012207703.0,8303.9,8306.9
1748012207904.0,8304.4,8307.4
1748012208705.0,8304.9,8307.9
1748012215462,,
1748012215862.0,8305.9,8308.9
1748012217588.0,8305.4,8308.4
1748012219845.0,8304.9,8307.9
1748012221650.0,8304.4,8307.4
1748012221885.0,8304.9,8307.9
1748012224289.0,8304.4,8307.4
1748012224638.0,8304.9,8307.9
1748012228370.0,8304.9,8307.9
1748012230634,,
1748012230823.0,8305.4,8308.4
1748012233576.0,8304.9,8307.9
1748012233777.0,8305.4,8308.4
1748012236323.0,8305.9,8308.9
1748012236849.0,8306.4,8309.4
1748012237048.0,8305.9,8308.9
1748012239452.0,8305.4,8308.4
1748012244974.0,8305.9,8308.9
1748012245583.0,8306.4,8309.4
1748012245783.0,8305.9,8308.9
1748012248230.0,8306.4,8309.4
1748012249722.0,8306.9,8309.9
1748012250606.0,8306.4,8309.4
1748012254252.0,8306.9,8309.9
1748012254727.0,8306.4,8309.4
1748012255238.0,8306.9,8309.9
1748012255470.0,8306.4,8309.4
1748012259752.0,8305.9,8308.9
1748012259952.0,8306.4,8309.4
1748012263760.0,8305.9,8308.9
1748012263961.0,8306.4,8309.4
1748012265446.0,8305.9,8308.9
1748012265643.0,8306.4,8309.4
1748012268203.0,8305.9,8308.9
1748012268402.0,8306.4,8309.4
1748012281580.0,8305.9,8308.9
1748012281787.0,8305.4,8308.4
1748012282269.0,8304.9,8307.9
1748012282862.0,8305.4,8308.4
1748012283061.0,8304.9,8307.9
1748012283261.0,8305.4,8308.4
1748012286420.0,8305.9,8308.9
1748012287004.0,8306.4,8309.4
1748012287694.0,8306.4,8309.4
1748012289090.0,8305.9,8308.9
1748012289566.0,8306.4,8309.4
1748012289766.0,8305.9,8308.9
1748012290094.0,8306.4,8309.4
1748012290294.0,8305.9,8308.9
1748012295409,,
1748012295609.0,8304.9,8307.9
1748012295809.0,8304.4,8307.4
1748012296354.0,8304.9,8307.9
1748012296668,,
1748012296875.0,8304.4,8307.4
1748012299346.0,8303.9,8306.9
1748012299858.0,8304.4,8307.4
1748012302752.0,8304.9,8307.9
1748012309204.0,8304.4,8307.4
1748012310304.0,8304.9,8307.9
1748012312953,,
1748012315047.0,8304.4,8307.4
1748012317096.0,8303.9,8306.9
1748012317295.0,8304.4,8307.4
1748012318109.0,8303.9,8306.9
1748012318805.0,8303.4,8306.4
1748012319005.0,8303.9,8306.9
1748012320318.0,8303.4,8306.4
1748012329784.0,8302.9,8305.9
1748012330741.0,8303.4,8306.4
1748012332212.0,8303.9,8306.9
1748012337703,,
1748012337902.0,8304.4,8307.4
1748012344472.0,8304.9,8307.9
1748012344671.0,8304.4,8307.4
1748012345016.0,8304.9,8307.9
1748012345235.0,8304.4,8307.4
1748012349570.0,8304.9,8307.9
1748012350434.0,8304.4,8307.4
1748012350633.0,8304.9,8307.9
1748012353808.0,8304.4,8307.4
1748012358866.0,8303.9,8306.9
1748012359247.0,8304.4,8307.4
1748012360069.0,8303.9,8306.9
1748012360584.0,8304.4,8307.4
1748012363017.0,8303.9,8306.9
1748012363353.0,8303.4,8306.4
1748012364440.0,8303.9,8306.9
1748012365341.0,8303.4,8306.4
1748012365644.0,8303.9,8306.9
1748012366923.0,8303.4,8306.4
1748012367626.0,8303.9,8306.9
1748012368958.0,8303.4,8306.4
1748012369292.0,8303.9,8306.9
1748012370312.0,8304.4,8307.4
1748012371774.0,8303.9,8306.9
1748012377259.0,8304.4,8307.4
1748012377535.0,8303.9,8306.9
1748012378205.0,8304.4,8307.4
1748012381425.0,8304.9,8307.9
1748012381625.0,8304.4,8307.4
1748012387928.0,8303.9,8306.9
1748012389022.0,8304.4,8307.4
1748012389809.0,8303.9,8306.9
1748012395249.0,8303.4,8306.4
1748012400309.0,8303.9,8306.9
1748012401510,,
1748012401611.0,8304.4,8307.4
1748012401787.0,8304.9,8307.9
1748012401986.0,8303.9,8306.9
1748012402196.0,8303.4,8306.4
1748012402484.0,8303.9,8306.9
1748012402886.0,8304.9,8307.9
1748012403285.0,8305.4,8308.4
1748012403485.0,8307.4,8310.4
1748012403688.0,8306.9,8309.9
1748012403884.0,8306.4,8309.4
1748012404086.0,8305.9,8308.9
1748012404442.0,8305.4,8308.4
1748012404644.0,8305.9,8308.9
1748012405044.0,8304.9,8307.9
1748012405324.0,8305.4,8308.4
1748012405563.0,8304.9,8307.9
1748012405862.0,8305.4,8308.4
1748012406063.0,8304.9,8307.9
1748012406650.0,8305.4,8308.4
1748012406955.0,8304.9,8307.9
1748012407471.0,8305.4,8308.4
1748012409685.0,8304.9,8307.9
1748012410891,,
1748012411093.0,8303.9,8306.9
1748012411433.0,8304.4,8307.4
1748012412600.0,8303.9,8306.9
1748012413100.0,8304.4,8307.4
1748012414142.0,8303.9,8306.9
1748012415980.0,8303.4,8306.4
1748012416757.0,8303.9,8306.9
1748012416957.0,8303.4,8306.4
1748012417569.0,8302.9,8305.9
1748012417906.0,8302.4,8305.4
1748012418981.0,8301.9,8304.9
1748012419496.0,8302.4,8305.4
1748012420223.0,8301.9,8304.9
1748012420488.0,8302.4,8305.4
1748012420722.0,8301.9,8304.9
1748012422256.0,8302.4,8305.4
1748012422488.0,8302.9,8305.9
1748012422750.0,8303.4,8306.4
1748012423061.0,8303.9,8306.9
1748012424930,,
1748012425130.0,8303.4,8306.4
1748012430994.0,8303.4,8306.4
1748012431493.0,8303.9,8306.9
1748012431818,,
1748012432019.0,8304.4,8307.4
1748012432218.0,8304.9,8307.9
1748012433925.0,8305.4,8308.4
1748012434442.0,8305.9,8308.9
1748012434641.0,8305.4,8308.4
1748012435442.0,8305.9,8308.9
1748012435907.0,8305.4,8308.4
1748012436952.0,8304.9,8307.9
1748012437149.0,8304.4,8307.4
1748012442235.0,8304.9,8307.9
1748012444278.0,8305.4,8308.4
1748012445502.0,8304.9,8307.9
1748012448704.0,8304.4,8307.4
1748012449453.0,8304.9,8307.9
1748012449684.0,8304.4,8307.4
1748012453776.0,8303.9,8306.9
1748012453976.0,8304.4,8307.4
1748012455690.0,8303.9,8306.9
1748012456137.0,8304.4,8307.4
1748012457730.0,8304.9,8307.9
1748012460606,,
1748012460895.0,8305.4,8308.4
1748012461308.0,8304.9,8307.9
1748012461887.0,8305.4,8308.4
1748012463243.0,8305.9,8308.9
1748012463967,,
1748012465506.0,8306.4,8309.4
1748012466196.0,8305.9,8308.9
1748012470187,,
1748012470390.0,8304.9,8307.9
1748012471247.0,8305.4,8308.4
1748012471616.0,8304.9,8307.9
1748012473370.0,8305.4,8308.4
1748012473682.0,8304.9,8307.9
1748012475388.0,8304.4,8307.4
1748012477809.0,8304.9,8307.9
1748012480266.0,8304.4,8307.4
1748012480464.0,8304.9,8307.9
1748012481187.0,8304.4,8307.4
1748012483726.0,8303.9,8306.9
1748012483992.0,8304.4,8307.4
1748012485346.0,8304.9,8307.9
1748012485828.0,8304.4,8307.4
1748012487177.0,8303.9,8306.9
1748012487456.0,8304.4,8307.4
1748012489069.0,8304.9,8307.9
1748012489267.0,8304.4,8307.4
1748012493074.0,8304.9,8307.9
1748012494097.0,8304.4,8307.4
1748012496209.0,8304.9,8307.9
1748012497417.0,8305.4,8308.4
1748012498454.0,8304.9,8307.9
1748012498805.0,8305.4,8308.4
1748012499308.0,8304.9,8307.9
1748012500303.0,8305.4,8308.4
1748012501937.0,8304.9,8307.9
1748012504347.0,8304.4,8307.4
1748012507535.0,8304.9,8307.9
1748012508784.0,8304.4,8307.4
1748012512678.0,8304.9,8307.9
1748012517143.0,8304.4,8307.4
1748012518713.0,8303.9,8306.9
1748012520098,,
1748012520304.0,8304.4,8307.4
1748012524682.0,8303.9,8306.9
1748012524897.0,8304.4,8307.4
1748012525082.0,8303.9,8306.9
1748012525460.0,8304.4,8307.4
1748012525830.0,8303.9,8306.9
1748012526641,,
1748012526841.0,8303.4,8306.4
1748012527126.0,8302.9,8305.9
1748012527972.0,8303.4,8306.4
1748012528271.0,8302.9,8305.9
1748012530951.0,8303.4,8306.4
1748012531510.0,8303.9,8306.9
1748012531834.0,8303.4,8306.4
1748012533335.0,8303.9,8306.9
1748012534231.0,8303.4,8306.4
1748012536367.0,8302.9,8305.9
1748012536618.0,8303.4,8306.4
1748012537011.0,8302.9,8305.9
1748012537546,,
1748012537747.0,8302.4,8305.4
1748012538516.0,8301.9,8304.9
1748012539243.0,8302.4,8305.4
1748012541609.0,8301.9,8304.9
1748012542058.0,8302.4,8305.4
1748012542268.0,8301.9,8304.9
1748012543630.0,8302.4,8305.4
1748012544743.0,8301.9,8304.9
1748012548384.0,8302.4,8305.4
1748012549183.0,8301.9,8304.9
1748012549577.0,8302.4,8305.4
1748012549777.0,8302.9,8305.9
1748012550448.0,8302.4,8305.4
1748012550734.0,8302.9,8305.9
