1748008705910.0,12147.8,12149.8
1748008706135.0,12147.3,12149.3
1748008706704.0,12147.8,12149.8
1748008707482.0,12147.3,12149.3
1748008709358.0,12147.8,12149.8
1748008709583.0,12147.3,12149.3
1748008711862.0,12147.8,12149.8
1748008712088.0,12147.3,12149.3
1748008716081.0,12146.3,12148.3
1748008719647.0,12146.8,12148.8
1748008719871.0,12146.3,12148.3
1748008720502.0,12145.8,12147.8
1748008720729.0,12146.3,12148.3
1748008722775,,
1748008738631.0,12145.8,12147.8
1748008740524.0,12145.3,12147.3
1748008740751.0,12144.3,12146.3
1748008740976.0,12144.8,12146.8
1748008741284.0,12144.3,12146.3
1748008741733.0,12143.8,12145.8
1748008742512.0,12143.3,12145.3
1748008742735,,
1748008743225.0,12142.8,12144.8
1748008743451.0,12142.3,12144.3
1748008743674.0,12142.8,12144.8
1748008743896.0,12142.3,12144.3
1748008746138.0,12141.8,12143.8
1748008746364.0,12142.3,12144.3
1748008747565.0,12142.8,12144.8
1748008752513.0,12142.3,12144.3
1748008754598.0,12142.8,12144.8
1748008755118.0,12143.3,12145.3
1748008755350.0,12143.8,12145.8
1748008755717.0,12143.3,12145.3
1748008756817.0,12142.8,12144.8
1748008757040.0,12143.3,12145.3
1748008759356.0,12144.3,12146.3
1748008761243.0,12143.8,12145.8
1748008761468.0,12143.3,12145.3
1748008762264.0,12143.8,12145.8
1748008764104.0,12144.3,12146.3
1748008764882.0,12143.8,12145.8
1748008769148.0,12143.3,12145.3
1748008769373.0,12142.8,12144.8
1748008770373,,
1748008772421.0,12143.3,12145.3
1748008774099.0,12142.8,12144.8
1748008774326.0,12142.3,12144.3
1748008774548.0,12142.8,12144.8
1748008777092.0,12143.3,12145.3
1748008782064.0,12144.3,12146.3
1748008782290.0,12144.8,12146.8
1748008788588.0,12145.8,12147.8
1748008789215.0,12145.3,12147.3
1748008789972.0,12145.8,12147.8
1748008790424.0,12145.3,12147.3
1748008792845.0,12145.8,12147.8
1748008793389.0,12146.3,12148.3
1748008793616.0,12147.3,12149.3
1748008795307.0,12147.8,12149.8
1748008795538.0,12148.3,12150.3
1748008797243.0,12148.8,12150.8
1748008797469.0,12149.3,12151.3
1748008799305.0,12149.8,12151.8
1748008799530.0,12150.8,12152.8
1748008800087.0,12150.9,12152.9
1748008800443.0,12154.4,12156.4
1748008800662.0,12153.9,12155.9
1748008800887.0,12152.9,12154.9
1748008801336.0,12153.4,12155.4
1748008801768.0,12153.9,12155.9
1748008801993.0,12153.4,12155.4
1748008802679.0,12153.9,12155.9
1748008803139.0,12154.9,12156.9
1748008803364.0,12153.9,12155.9
1748008803578.0,12154.4,12156.4
1748008803805.0,12155.4,12157.4
1748008804034,,
1748008805111.0,12156.4,12158.4
1748008805334.0,12155.9,12157.9
1748008805785.0,12155.4,12157.4
1748008806012.0,12154.9,12156.9
1748008806236.0,12155.4,12157.4
1748008806461,,
1748008809769.0,12155.9,12157.9
1748008809991.0,12157.4,12159.4
1748008811121.0,12157.9,12159.9
1748008811575.0,12157.4,12159.4
1748008811809.0,12156.4,12158.4
1748008813322.0,12156.9,12158.9
1748008813548.0,12157.4,12159.4
1748008813772.0,12157.9,12159.9
1748008814533.0,12158.4,12160.4
1748008814763.0,12159.9,12161.9
1748008815536.0,12160.4,12162.4
1748008816910.0,12159.9,12161.9
1748008817136.0,12159.4,12161.4
1748008818736.0,12159.9,12161.9
1748008818965.0,12158.9,12160.9
1748008820336.0,12158.4,12160.4
1748008821471.0,12157.9,12159.9
1748008822079.0,12158.4,12160.4
1748008822297.0,12158.9,12160.9
1748008822521.0,12159.4,12161.4
1748008822747.0,12159.9,12161.9
1748008823639.0,12160.4,12162.4
1748008824115.0,12160.9,12162.9
1748008824342.0,12162.4,12164.4
1748008825199.0,12161.9,12163.9
1748008825413.0,12161.4,12163.4
1748008826270.0,12162.9,12164.9
1748008826495.0,12161.4,12163.4
1748008827446.0,12161.9,12163.9
1748008828692.0,12162.4,12164.4
1748008830270.0,12162.9,12164.9
1748008830497.0,12163.4,12165.4
1748008830727.0,12163.9,12165.9
1748008833218.0,12165.9,12167.9
1748008833643,,
1748008836146.0,12165.4,12167.4
1748008836372.0,12165.9,12167.9
1748008837783.0,12165.4,12167.4
1748008838007.0,12164.9,12166.9
1748008838231.0,12165.4,12167.4
1748008838590.0,12165.9,12167.9
1748008839049,,
1748008841951.0,12166.4,12168.4
1748008842403.0,12166.9,12168.9
1748008842626.0,12167.4,12169.4
1748008843343.0,12167.9,12169.9
1748008843792.0,12166.9,12168.9
1748008846683.0,12166.4,12168.4
1748008846908.0,12166.9,12168.9
1748008848046.0,12165.9,12167.9
1748008848542.0,12165.4,12167.4
1748008848761.0,12164.4,12166.4
1748008850632.0,12163.9,12165.9
1748008850858.0,12162.9,12164.9
1748008851082,,
1748008851686.0,12163.4,12165.4
1748008852708.0,12163.9,12165.9
1748008852935.0,12163.4,12165.4
1748008853432.0,12163.9,12165.9
1748008854811.0,12164.4,12166.4
1748008855929.0,12164.9,12166.9
1748008856757.0,12164.4,12166.4
1748008857211.0,12163.9,12165.9
1748008860160.0,12162.9,12164.9
1748008861942,,
1748008864632.0,12162.4,12164.4
1748008864857.0,12161.4,12163.4
1748008865093.0,12161.9,12163.9
1748008865739.0,12160.4,12162.4
1748008867205.0,12159.9,12161.9
1748008867877.0,12160.4,12162.4
1748008868104.0,12160.9,12162.9
1748008868789.0,12160.4,12162.4
1748008869550.0,12160.9,12162.9
1748008871704.0,12160.4,12162.4
1748008872125.0,12160.9,12162.9
1748008872917.0,12161.4,12163.4
1748008873149.0,12161.9,12163.9
1748008873956.0,12162.4,12164.4
1748008874725.0,12162.9,12164.9
1748008874949.0,12163.9,12165.9
1748008875217.0,12164.4,12166.4
1748008875443.0,12165.4,12167.4
1748008875667.0,12165.9,12167.9
1748008875892,,
1748008876684.0,12166.9,12168.9
1748008878377.0,12166.4,12168.4
1748008878603.0,12165.9,12167.9
1748008878827.0,12166.4,12168.4
1748008880489.0,12166.9,12168.9
1748008880713.0,12167.4,12169.4
1748008880938.0,12167.9,12169.9
1748008882223.0,12167.4,12169.4
1748008882446,,
1748008884546.0,12167.9,12169.9
1748008884771.0,12168.9,12170.9
1748008885282.0,12169.4,12171.4
1748008886570.0,12169.9,12171.9
1748008886795.0,12170.9,12172.9
1748008887359.0,12171.4,12173.4
1748008888099.0,12171.9,12173.9
1748008888325.0,12172.4,12174.4
1748008890513.0,12172.9,12174.9
1748008892211.0,12173.4,12175.4
1748008894615.0,12172.9,12174.9
1748008895063.0,12171.9,12173.9
1748008895524.0,12171.4,12173.4
1748008895834.0,12170.9,12172.9
1748008896058.0,12171.4,12173.4
1748008896306.0,12171.9,12173.9
1748008896529,,
1748008896753.0,12172.4,12174.4
1748008898521.0,12172.9,12174.9
1748008899265.0,12172.4,12174.4
1748008899488,,
1748008905706.0,12171.9,12173.9
1748008906157.0,12170.9,12172.9
1748008907665.0,12169.4,12171.4
1748008910164.0,12168.9,12170.9
1748008910627.0,12169.4,12171.4
1748008911370.0,12169.9,12171.9
1748008914360.0,12170.4,12172.4
1748008914581.0,12171.4,12173.4
1748008914806.0,12170.9,12172.9
1748008916082.0,12171.4,12173.4
1748008920976.0,12170.9,12172.9
1748008921565.0,12171.4,12173.4
1748008922919.0,12172.4,12174.4
1748008923196.0,12172.9,12174.9
1748008923421.0,12173.4,12175.4
1748008923645.0,12174.4,12176.4
1748008923907.0,12174.9,12176.9
1748008924153.0,12175.4,12177.4
1748008925120.0,12175.9,12177.9
1748008925345.0,12176.4,12178.4
1748008927127.0,12176.9,12178.9
1748008927351.0,12177.4,12179.4
1748008928074.0,12177.9,12179.9
1748008928889.0,12178.4,12180.4
1748008930308.0,12177.9,12179.9
1748008930768.0,12178.4,12180.4
1748008931926.0,12177.9,12179.9
1748008932154.0,12177.4,12179.4
1748008932375.0,12176.9,12178.9
1748008932993.0,12175.4,12177.4
1748008934856.0,12174.9,12176.9
1748008935705.0,12175.4,12177.4
1748008936347.0,12175.9,12177.9
1748008936796.0,12175.4,12177.4
1748008938572.0,12175.9,12177.9
1748008939358.0,12176.4,12178.4
1748008939807.0,12175.9,12177.9
1748008940641.0,12176.4,12178.4
1748008941574.0,12175.9,12177.9
1748008941791.0,12175.4,12177.4
1748008943276.0,12175.9,12177.9
1748008943503.0,12176.4,12178.4
1748008945504.0,12175.9,12177.9
1748008945729.0,12174.9,12176.9
1748008947046.0,12175.4,12177.4
1748008947280.0,12175.9,12177.9
1748008949199.0,12175.4,12177.4
1748008949412,,
1748008950030.0,12174.9,12176.9
1748008950867.0,12175.4,12177.4
1748008954821.0,12174.9,12176.9
1748008955046.0,12174.4,12176.4
1748008958144.0,12174.9,12176.9
1748008962456.0,12175.9,12177.9
1748008964248.0,12176.4,12178.4
1748008965225.0,12176.9,12178.9
1748008965449.0,12177.9,12179.9
1748008965674.0,12177.4,12179.4
1748008966055.0,12176.9,12178.9
1748008966280.0,12176.4,12178.4
1748008968860.0,12175.9,12177.9
1748008970628.0,12176.4,12178.4
1748008974106.0,12178.9,12180.9
1748008975576.0,12179.4,12181.4
1748008978349.0,12178.9,12180.9
1748008979241.0,12177.9,12179.9
1748008979718.0,12178.4,12180.4
1748008979943.0,12177.9,12179.9
1748008980927.0,12177.4,12179.4
1748008982505.0,12176.9,12178.9
1748008982728.0,12175.9,12177.9
1748008982986.0,12176.4,12178.4
1748008983435.0,12176.4,12178.4
1748008984512.0,12176.9,12178.9
1748008984963.0,12176.4,12178.4
1748008985983.0,12175.9,12177.9
1748008986827.0,12176.4,12178.4
1748008987827.0,12175.9,12177.9
1748008988049.0,12176.4,12178.4
1748008991320.0,12176.9,12178.9
1748008993085.0,12176.4,12178.4
1748008993311.0,12175.9,12177.9
1748008993660.0,12176.4,12178.4
1748008995370.0,12176.9,12178.9
1748008995819.0,12176.4,12178.4
1748008996469.0,12176.9,12178.9
1748008998869.0,12177.9,12179.9
1748009000332.0,12179.9,12181.9
1748009002282.0,12181.4,12183.4
1748009002705.0,12180.9,12182.9
1748009002929.0,12180.4,12182.4
1748009003156.0,12179.9,12181.9
1748009006340.0,12179.4,12181.4
1748009006566.0,12178.9,12180.9
1748009008319.0,12179.4,12181.4
1748009008803,,
1748009009160.0,12179.9,12181.9
1748009009383.0,12180.4,12182.4
1748009010550.0,12180.9,12182.9
1748009012069.0,12181.4,12183.4
1748009013153.0,12180.9,12182.9
1748009015074.0,12179.9,12181.9
1748009015593.0,12178.9,12180.9
1748009019052.0,12178.4,12180.4
1748009019955.0,12177.9,12179.9
1748009020661.0,12177.4,12179.4
1748009020885,,
1748009023024.0,12177.9,12179.9
1748009023244.0,12175.4,12177.4
1748009024215.0,12175.9,12177.9
1748009028018.0,12175.4,12177.4
1748009028467.0,12174.9,12176.9
1748009028956.0,12175.4,12177.4
1748009029506.0,12175.9,12177.9
1748009030813.0,12176.4,12178.4
1748009032313.0,12176.9,12178.9
1748009033153.0,12176.4,12178.4
1748009035188.0,12176.9,12178.9
1748009036221.0,12176.4,12178.4
1748009036673.0,12175.4,12177.4
1748009036982.0,12174.9,12176.9
1748009037210.0,12174.4,12176.4
1748009040305.0,12173.9,12175.9
1748009040762.0,12174.4,12176.4
1748009040995.0,12174.9,12176.9
1748009041211.0,12175.4,12177.4
1748009041668.0,12175.9,12177.9
1748009042132.0,12176.4,12178.4
1748009042355.0,12176.9,12178.9
1748009043667.0,12177.9,12179.9
1748009043892.0,12177.4,12179.4
1748009044339.0,12176.9,12178.9
1748009044562.0,12176.4,12178.4
1748009044877.0,12176.9,12178.9
1748009045733.0,12177.4,12179.4
1748009047194.0,12177.9,12179.9
1748009048248.0,12177.4,12179.4
1748009048906.0,12177.9,12179.9
1748009049148.0,12178.4,12180.4
1748009051288.0,12178.9,12180.9
1748009051527,,
1748009052880.0,12177.9,12179.9
1748009054331.0,12177.4,12179.4
1748009057189.0,12176.9,12178.9
1748009057641.0,12176.4,12178.4
1748009058385.0,12175.9,12177.9
1748009060608.0,12175.4,12177.4
1748009060833.0,12174.9,12176.9
1748009061389.0,12175.9,12177.9
1748009061741.0,12175.4,12177.4
1748009062804.0,12175.9,12177.9
1748009063973.0,12175.4,12177.4
1748009064342.0,12175.9,12177.9
1748009064565.0,12176.9,12178.9
1748009065160.0,12174.9,12176.9
1748009065444.0,12174.4,12176.4
1748009066361.0,12174.9,12176.9
1748009066586.0,12175.4,12177.4
1748009071845.0,12174.9,12176.9
1748009072070.0,12180.9,12182.9
1748009072298.0,12178.9,12180.9
1748009072522.0,12176.9,12178.9
1748009073157.0,12177.4,12179.4
1748009073605.0,12176.4,12178.4
1748009074225.0,12176.9,12178.9
1748009074451.0,12178.4,12180.4
1748009074675.0,12178.9,12180.9
1748009075368.0,12179.4,12181.4
1748009077229.0,12178.9,12180.9
1748009078989.0,12178.4,12180.4
1748009079213.0,12177.9,12179.9
1748009079438.0,12177.4,12179.4
1748009080063.0,12176.4,12178.4
1748009080847.0,12176.9,12178.9
1748009081298.0,12177.9,12179.9
1748009082088.0,12178.4,12180.4
1748009082313.0,12177.9,12179.9
1748009082741,,
1748009084951.0,12178.4,12180.4
1748009086851.0,12178.9,12180.9
1748009087076.0,12178.4,12180.4
1748009087451.0,12177.9,12179.9
1748009089662.0,12178.4,12180.4
1748009089889.0,12178.9,12180.9
1748009093505.0,12178.4,12180.4
1748009093731.0,12176.4,12178.4
1748009095672.0,12176.9,12178.9
1748009096848.0,12176.4,12178.4
1748009099144.0,12175.9,12177.9
1748009099369.0,12174.9,12176.9
1748009099593.0,12175.4,12177.4
1748009099818.0,12174.9,12176.9
1748009100314.0,12175.4,12177.4
1748009101462.0,12175.9,12177.9
1748009103580.0,12176.4,12178.4
1748009103805.0,12175.9,12177.9
1748009104715.0,12174.4,12176.4
1748009106310.0,12173.9,12175.9
1748009106760.0,12173.4,12175.4
1748009107928.0,12173.9,12175.9
1748009110063.0,12173.4,12175.4
1748009111699.0,12173.9,12175.9
1748009111924.0,12173.4,12175.4
1748009112662.0,12173.9,12175.9
1748009113908.0,12174.4,12176.4
1748009114132.0,12175.9,12177.9
1748009114356.0,12177.4,12179.4
1748009115144.0,12176.9,12178.9
1748009115633.0,12176.4,12178.4
1748009115861.0,12176.9,12178.9
1748009117185.0,12176.4,12178.4
1748009117857.0,12176.9,12178.9
1748009118378.0,12177.4,12179.4
1748009118608.0,12177.9,12179.9
1748009120673.0,12177.4,12179.4
1748009120897.0,12176.9,12178.9
1748009124418.0,12176.4,12178.4
1748009124647.0,12175.4,12177.4
1748009124906.0,12174.9,12176.9
1748009131185.0,12175.4,12177.4
1748009133022.0,12175.9,12177.9
1748009133245.0,12175.4,12177.4
1748009134624.0,12175.9,12177.9
1748009134849,,
1748009135751.0,12174.9,12176.9
1748009136195.0,12174.4,12176.4
1748009137374.0,12174.9,12176.9
1748009137600.0,12175.9,12177.9
1748009138410.0,12177.9,12179.9
1748009144599.0,12178.4,12180.4
1748009145958.0,12177.9,12179.9
1748009146183.0,12177.4,12179.4
1748009147433.0,12177.9,12179.9
1748009150323.0,12178.4,12180.4
1748009150547.0,12179.4,12181.4
1748009151435.0,12178.9,12180.9
1748009151843.0,12179.4,12181.4
1748009152083.0,12179.9,12181.9
1748009153484.0,12179.4,12181.4
1748009153710.0,12178.9,12180.9
1748009156574.0,12179.4,12181.4
1748009156798.0,12179.9,12181.9
1748009157402.0,12179.4,12181.4
1748009157625.0,12178.9,12180.9
1748009157850.0,12183.4,12185.4
1748009158075.0,12184.4,12186.4
1748009158304.0,12182.9,12184.9
1748009158525.0,12181.9,12183.9
1748009160287.0,12181.4,12183.4
1748009160510.0,12180.9,12182.9
1748009161475.0,12180.4,12182.4
1748009161705.0,12180.9,12182.9
1748009162186.0,12179.9,12181.9
1748009162413.0,12178.9,12180.9
1748009163454.0,12179.4,12181.4
1748009163679,,
1748009164436.0,12178.9,12180.9
1748009164959.0,12179.4,12181.4
1748009166380.0,12179.9,12181.9
1748009166606.0,12180.4,12182.4
1748009167704.0,12179.9,12181.9
1748009168339,,
1748009168650.0,12180.4,12182.4
1748009169429.0,12180.9,12182.9
1748009170569.0,12181.9,12183.9
1748009170913.0,12182.4,12184.4
1748009171139.0,12182.9,12184.9
1748009173647.0,12184.9,12186.9
1748009173871.0,12184.4,12186.4
1748009174340.0,12183.4,12185.4
1748009174722.0,12183.9,12185.9
1748009175573.0,12183.4,12185.4
1748009175797.0,12183.9,12185.9
1748009176247.0,12183.4,12185.4
1748009177528.0,12184.4,12186.4
1748009179166.0,12184.9,12186.9
1748009179391.0,12185.4,12187.4
1748009179697.0,12185.9,12187.9
1748009179922,,
1748009180716.0,12185.4,12187.4
1748009181390.0,12184.9,12186.9
1748009183018.0,12185.4,12187.4
1748009183243.0,12184.9,12186.9
1748009184453.0,12184.4,12186.4
1748009185274.0,12183.9,12185.9
1748009185737.0,12184.4,12186.4
1748009185973.0,12184.9,12186.9
1748009186215.0,12184.4,12186.4
1748009186664.0,12183.4,12185.4
1748009187210.0,12183.9,12185.9
1748009187706.0,12184.4,12186.4
1748009188160.0,12183.4,12185.4
1748009189241.0,12182.9,12184.9
1748009189465.0,12182.4,12184.4
1748009189688.0,12183.4,12185.4
1748009190368.0,12183.9,12185.9
1748009193229.0,12184.4,12186.4
1748009193452.0,12183.9,12185.9
1748009195107.0,12184.9,12186.9
1748009197379.0,12183.9,12185.9
1748009200626.0,12182.9,12184.9
1748009202384.0,12181.9,12183.9
1748009203494.0,12181.4,12183.4
1748009203715.0,12180.9,12182.9
1748009204330.0,12181.4,12183.4
1748009207619.0,12181.9,12183.9
1748009207843.0,12180.9,12182.9
1748009208318.0,12180.4,12182.4
1748009208805.0,12179.9,12181.9
1748009209817.0,12180.4,12182.4
1748009210944.0,12179.9,12181.9
1748009212139.0,12180.4,12182.4
1748009214213.0,12180.9,12182.9
1748009218022.0,12179.9,12181.9
1748009218249.0,12179.4,12181.4
1748009220445.0,12179.9,12181.9
1748009222994.0,12181.9,12183.9
1748009223519.0,12182.4,12184.4
1748009225171.0,12182.9,12184.9
1748009225396.0,12183.9,12185.9
1748009225950.0,12183.4,12185.4
1748009226162.0,12182.9,12184.9
1748009227663,,
1748009227904.0,12183.9,12185.9
1748009229830.0,12183.4,12185.4
1748009230056.0,12182.4,12184.4
1748009230280.0,12181.9,12183.9
1748009230737.0,12182.4,12184.4
1748009234748.0,12182.9,12184.9
1748009235391.0,12182.4,12184.4
1748009236152.0,12181.9,12183.9
1748009236857.0,12181.4,12183.4
1748009237307.0,12181.9,12183.9
1748009238136.0,12180.9,12182.9
1748009238584.0,12179.9,12181.9
1748009238811.0,12178.4,12180.4
1748009239205.0,12178.9,12180.9
1748009239927.0,12178.4,12180.4
1748009240840.0,12178.9,12180.9
1748009241987.0,12178.4,12180.4
1748009243504.0,12178.9,12180.9
1748009243731.0,12179.4,12181.4
1748009244121.0,12178.9,12180.9
1748009244347.0,12178.4,12180.4
1748009247679.0,12177.9,12179.9
1748009247907.0,12177.4,12179.4
1748009250334.0,12176.9,12178.9
1748009250559.0,12176.4,12178.4
1748009251119.0,12176.9,12178.9
1748009254735.0,12177.4,12179.4
1748009254960,,
1748009256573.0,12177.9,12179.9
1748009258258.0,12177.4,12179.4
1748009260681.0,12177.9,12179.9
1748009261168.0,12178.4,12180.4
1748009261620.0,12178.9,12180.9
1748009261844.0,12179.9,12181.9
1748009263773.0,12180.4,12182.4
1748009263998.0,12180.9,12182.9
1748009265270.0,12180.4,12182.4
1748009265495.0,12179.9,12181.9
1748009269175.0,12180.4,12182.4
1748009270754.0,12179.4,12181.4
1748009270978.0,12179.9,12181.9
1748009271981.0,12180.4,12182.4
1748009275238.0,12180.9,12182.9
1748009278255.0,12180.4,12182.4
1748009278480.0,12178.9,12180.9
1748009278745.0,12178.4,12180.4
1748009279210.0,12178.9,12180.9
1748009279655,,
1748009280755.0,12178.4,12180.4
1748009280980.0,12180.4,12182.4
1748009281208.0,12182.4,12184.4
1748009289028.0,12180.9,12182.9
1748009290669.0,12180.4,12182.4
1748009290892.0,12180.9,12182.9
1748009292186.0,12180.4,12182.4
1748009293178.0,12179.9,12181.9
1748009293404.0,12179.4,12181.4
1748009293941.0,12178.9,12180.9
1748009294874.0,12178.4,12180.4
1748009295324.0,12178.9,12180.9
1748009296791.0,12178.4,12180.4
1748009297241.0,12177.4,12179.4
1748009302136.0,12176.9,12178.9
1748009302970.0,12176.4,12178.4
1748009305105.0,12175.9,12177.9
1748009305558.0,12175.4,12177.4
1748009307418.0,12174.9,12176.9
1748009307867.0,12175.4,12177.4
1748009308361.0,12173.9,12175.9
1748009308787.0,12173.4,12175.4
1748009309474.0,12173.9,12175.9
1748009309924.0,12173.4,12175.4
1748009311915.0,12173.9,12175.9
1748009314458.0,12174.4,12176.4
1748009314904.0,12174.9,12176.9
1748009315128.0,12174.4,12176.4
1748009315638.0,12174.9,12176.9
1748009316088.0,12174.4,12176.4
1748009316469.0,12173.4,12175.4
1748009316694.0,12173.9,12175.9
1748009316923.0,12174.4,12176.4
1748009317148.0,12174.9,12176.9
1748009326189.0,12173.4,12175.4
1748009326414.0,12173.9,12175.9
1748009326717.0,12174.4,12176.4
1748009326943.0,12173.9,12175.9
1748009331097.0,12172.9,12174.9
1748009332108.0,12173.9,12175.9
1748009332557.0,12174.9,12176.9
1748009332849.0,12174.4,12176.4
1748009333835.0,12174.9,12176.9
1748009334285.0,12176.4,12178.4
1748009334513.0,12176.9,12178.9
1748009334734.0,12176.4,12178.4
1748009335549.0,12175.9,12177.9
1748009335774.0,12175.4,12177.4
1748009335998.0,12174.9,12176.9
1748009336295.0,12175.4,12177.4
1748009337085.0,12175.9,12177.9
1748009337654.0,12176.4,12178.4
1748009340112.0,12176.9,12178.9
1748009340337.0,12176.4,12178.4
1748009341886.0,12175.9,12177.9
1748009347693.0,12173.4,12175.4
1748009347904.0,12172.9,12174.9
1748009348586.0,12172.4,12174.4
1748009351374.0,12171.9,12173.9
1748009354610.0,12172.4,12174.4
1748009355172.0,12172.9,12174.9
1748009356192.0,12172.4,12174.4
1748009356418.0,12171.9,12173.9
1748009358465.0,12172.4,12174.4
1748009358982.0,12171.9,12173.9
1748009361018.0,12172.4,12174.4
1748009362854.0,12172.9,12174.9
1748009364698.0,12173.4,12175.4
1748009364921.0,12173.9,12175.9
1748009367702.0,12173.4,12175.4
1748009368944.0,12172.9,12174.9
1748009370079.0,12172.4,12174.4
1748009370527.0,12172.9,12174.9
1748009371567.0,12173.4,12175.4
1748009371792.0,12174.4,12176.4
1748009372629.0,12173.9,12175.9
1748009373518.0,12173.4,12175.4
1748009374211.0,12172.9,12174.9
1748009374434.0,12172.4,12174.4
1748009375413.0,12171.9,12173.9
1748009376709.0,12171.4,12173.4
1748009377581.0,12171.9,12173.9
1748009380852.0,12171.4,12173.4
1748009381304.0,12168.9,12170.9
1748009381723.0,12168.4,12170.4
1748009385264.0,12168.9,12170.9
1748009392596.0,12168.4,12170.4
1748009392820.0,12168.9,12170.9
1748009397263.0,12168.4,12170.4
1748009397488.0,12168.9,12170.9
1748009400119.0,12168.9,12170.9
1748009400240.0,12167.9,12169.9
1748009401345.0,12168.4,12170.4
1748009401793.0,12168.9,12170.9
1748009403206.0,12168.4,12170.4
1748009404388.0,12167.9,12169.9
1748009404623.0,12167.4,12169.4
1748009404852.0,12167.9,12169.9
1748009408284.0,12168.4,12170.4
1748009409112.0,12168.9,12170.9
1748009409354.0,12169.9,12171.9
1748009409615.0,12170.4,12172.4
1748009409842.0,12170.9,12172.9
1748009410892.0,12170.4,12172.4
1748009411119,,
1748009412146.0,12170.9,12172.9
1748009412369.0,12170.4,12172.4
1748009414191.0,12169.9,12171.9
1748009414642.0,12169.4,12171.4
1748009415282.0,12168.9,12170.9
1748009416557.0,12168.4,12170.4
1748009416781.0,12167.9,12169.9
1748009417138.0,12167.4,12169.4
1748009419661.0,12167.9,12169.9
1748009422456.0,12168.4,12170.4
1748009425444.0,12168.9,12170.9
1748009426859.0,12169.4,12171.4
1748009429265.0,12168.4,12170.4
1748009430459.0,12168.9,12170.9
1748009431594.0,12169.4,12171.4
1748009431818.0,12168.4,12170.4
1748009432904.0,12167.9,12169.9
1748009433126.0,12168.4,12170.4
1748009433819.0,12168.9,12170.9
1748009434042.0,12169.4,12171.4
1748009435069.0,12168.9,12170.9
1748009439218.0,12168.4,12170.4
1748009440297.0,12168.9,12170.9
1748009441936.0,12169.4,12171.4
1748009442161.0,12169.9,12171.9
1748009442388.0,12169.4,12171.4
1748009443043.0,12169.9,12171.9
1748009443834.0,12169.4,12171.4
1748009444293.0,12168.4,12170.4
1748009444660.0,12168.9,12170.9
1748009445572.0,12169.4,12171.4
1748009445803.0,12169.9,12171.9
1748009446647.0,12170.4,12172.4
1748009446873.0,12169.9,12171.9
1748009449826.0,12170.4,12172.4
1748009450054.0,12170.9,12172.9
1748009450274.0,12171.4,12173.4
1748009451077.0,12172.4,12174.4
1748009453099.0,12170.4,12172.4
1748009453567.0,12169.9,12171.9
1748009454016.0,12169.4,12171.4
1748009454486.0,12168.9,12170.9
1748009454711.0,12168.4,12170.4
1748009455547.0,12167.9,12169.9
1748009455773.0,12168.4,12170.4
1748009456810.0,12168.9,12170.9
1748009458378.0,12168.4,12170.4
1748009460586.0,12167.4,12169.4
1748009461597.0,12166.9,12168.9
1748009462113.0,12166.4,12168.4
1748009462338.0,12165.9,12167.9
1748009463407.0,12166.4,12168.4
1748009464590.0,12166.9,12168.9
1748009464921.0,12166.4,12168.4
1748009465145.0,12165.4,12167.4
1748009466369.0,12165.9,12167.9
1748009466818.0,12165.4,12167.4
1748009467538.0,12165.9,12167.9
1748009469212.0,12166.4,12168.4
1748009469662,,
1748009470660.0,12165.9,12167.9
1748009470884.0,12165.4,12167.4
1748009472651.0,12164.9,12166.9
1748009473085.0,12165.4,12167.4
1748009473485.0,12164.9,12166.9
1748009473709,,
1748009474385.0,12164.4,12166.4
1748009476559.0,12164.9,12166.9
1748009477305.0,12165.4,12167.4
1748009478341.0,12165.9,12167.9
1748009480832.0,12165.4,12167.4
1748009481058.0,12164.9,12166.9
1748009482084.0,12165.4,12167.4
1748009483708.0,12165.9,12167.9
1748009484159.0,12166.4,12168.4
1748009484698.0,12165.9,12167.9
1748009485444.0,12165.4,12167.4
1748009485894.0,12165.9,12167.9
1748009486842.0,12165.4,12167.4
1748009487085.0,12164.4,12166.4
1748009487291.0,12162.9,12164.9
1748009487516.0,12163.4,12165.4
1748009488478.0,12163.9,12165.9
1748009493023.0,12164.4,12166.4
1748009493467.0,12164.9,12166.9
1748009494218.0,12164.4,12166.4
1748009496108.0,12164.9,12166.9
1748009496333.0,12164.4,12166.4
1748009496611.0,12164.9,12166.9
1748009496852.0,12165.4,12167.4
1748009497078.0,12165.9,12167.9
1748009498317.0,12166.4,12168.4
1748009499129.0,12165.9,12167.9
1748009499871.0,12166.4,12168.4
1748009502740.0,12165.9,12167.9
1748009503158.0,12166.4,12168.4
1748009503604.0,12166.9,12168.9
1748009504197.0,12165.9,12167.9
1748009507836.0,12166.4,12168.4
1748009508061.0,12166.9,12168.9
1748009508287.0,12167.4,12169.4
1748009509558.0,12166.9,12168.9
1748009516145.0,12166.4,12168.4
1748009516371.0,12165.9,12167.9
1748009519087.0,12166.4,12168.4
1748009522728.0,12166.9,12168.9
1748009522951.0,12166.4,12168.4
1748009523176.0,12167.4,12169.4
1748009525566.0,12166.4,12168.4
1748009526071.0,12166.9,12168.9
1748009527006.0,12166.4,12168.4
1748009527549.0,12165.9,12167.9
1748009527775.0,12165.4,12167.4
1748009529308.0,12165.9,12167.9
1748009529758.0,12166.4,12168.4
1748009530167.0,12166.9,12168.9
1748009530853.0,12167.4,12169.4
1748009531077.0,12167.9,12169.9
1748009531328.0,12167.4,12169.4
1748009531776.0,12166.4,12168.4
1748009531998.0,12166.9,12168.9
1748009532513.0,12167.4,12169.4
1748009533774.0,12164.9,12166.9
1748009534074.0,12165.4,12167.4
1748009534292.0,12165.9,12167.9
1748009535213.0,12165.4,12167.4
1748009535757.0,12165.9,12167.9
1748009536934.0,12166.4,12168.4
1748009537789.0,12166.9,12168.9
1748009538238.0,12167.4,12169.4
1748009538823.0,12167.9,12169.9
1748009539045.0,12169.4,12171.4
1748009539275.0,12168.4,12170.4
1748009539684.0,12168.9,12170.9
1748009539906.0,12169.4,12171.4
1748009540132.0,12170.9,12172.9
1748009540463.0,12171.4,12173.4
1748009540686.0,12174.4,12176.4
1748009540913.0,12173.9,12175.9
1748009541980.0,12174.9,12176.9
1748009542205.0,12174.4,12176.4
1748009543052.0,12173.9,12175.9
1748009543274.0,12174.4,12176.4
1748009544274.0,12174.9,12176.9
1748009544499.0,12174.4,12176.4
1748009544998.0,12174.9,12176.9
1748009546438.0,12175.4,12177.4
1748009546663.0,12176.9,12178.9
1748009546887.0,12176.4,12178.4
1748009547475.0,12176.9,12178.9
1748009547925.0,12176.4,12178.4
1748009548683.0,12176.9,12178.9
1748009548904.0,12176.4,12178.4
1748009550051.0,12176.9,12178.9
1748009550277.0,12176.4,12178.4
1748009550884.0,12176.9,12178.9
1748009552669.0,12177.4,12179.4
1748009552892.0,12178.9,12180.9
1748009553119.0,12179.4,12181.4
1748009553343.0,12178.9,12180.9
1748009553573.0,12179.4,12181.4
1748009555640.0,12179.9,12181.9
1748009557809.0,12182.4,12184.4
1748009558034.0,12184.4,12186.4
1748009558835.0,12184.9,12186.9
1748009559058.0,12185.4,12187.4
1748009561197.0,12186.4,12188.4
1748009562387.0,12185.9,12187.9
1748009562610.0,12185.4,12187.4
1748009563034.0,12185.9,12187.9
1748009563490.0,12185.4,12187.4
1748009563940.0,12185.9,12187.9
1748009564164.0,12185.4,12187.4
1748009566682.0,12185.9,12187.9
1748009567134.0,12186.4,12188.4
1748009568259.0,12185.9,12187.9
1748009568482.0,12185.4,12187.4
1748009568706.0,12185.9,12187.9
1748009570245.0,12187.4,12189.4
1748009570903.0,12186.9,12188.9
1748009571129.0,12186.4,12188.4
1748009571353.0,12187.4,12189.4
1748009571949.0,12186.9,12188.9
1748009572177.0,12187.4,12189.4
1748009575125.0,12188.4,12190.4
1748009575348.0,12188.9,12190.9
1748009576150.0,12190.9,12192.9
1748009576585.0,12190.4,12192.4
1748009579960.0,12189.9,12191.9
1748009580185.0,12189.4,12191.4
1748009580733.0,12188.4,12190.4
1748009581104.0,12188.9,12190.9
1748009581326.0,12189.4,12191.4
1748009582122,,
1748009583368.0,12188.9,12190.9
1748009583591.0,12188.4,12190.4
1748009584433.0,12189.4,12191.4
1748009586222.0,12187.9,12189.9
1748009586446.0,12187.4,12189.4
1748009587590.0,12187.9,12189.9
1748009587813.0,12188.4,12190.4
1748009588721.0,12190.9,12192.9
1748009589314.0,12190.4,12192.4
1748009590065.0,12189.9,12191.9
1748009590287.0,12189.4,12191.4
1748009590680.0,12189.9,12191.9
1748009591294.0,12189.4,12191.4
1748009591519.0,12188.9,12190.9
1748009591891.0,12188.4,12190.4
1748009592590.0,12188.9,12190.9
1748009592817.0,12188.4,12190.4
1748009593084.0,12187.9,12189.9
1748009593310.0,12187.4,12189.4
1748009594181.0,12186.9,12188.9
1748009594453.0,12187.4,12189.4
1748009595537.0,12187.9,12189.9
1748009597782.0,12187.4,12189.4
1748009598794.0,12186.9,12188.9
1748009600414.0,12187.9,12189.9
1748009600638.0,12188.4,12190.4
1748009604726.0,12187.9,12189.9
1748009604951.0,12187.4,12189.4
1748009606483.0,12186.9,12188.9
1748009608064.0,12186.4,12188.4
1748009610229.0,12185.9,12187.9
1748009610455.0,12185.4,12187.4
1748009611549.0,12184.9,12186.9
1748009611773.0,12185.4,12187.4
1748009612578.0,12184.4,12186.4
1748009613276.0,12184.9,12186.9
1748009613504.0,12184.4,12186.4
1748009616246.0,12186.4,12188.4
1748009616712.0,12185.9,12187.9
1748009616935.0,12185.4,12187.4
1748009617160.0,12184.9,12186.9
1748009620104.0,12185.4,12187.4
1748009620328.0,12185.9,12187.9
1748009620607.0,12185.4,12187.4
1748009620830.0,12185.9,12187.9
1748009621189.0,12186.4,12188.4
1748009621415.0,12186.9,12188.9
1748009622381.0,12187.4,12189.4
1748009622606.0,12188.9,12190.9
1748009623285.0,12188.4,12190.4
1748009623510.0,12187.9,12189.9
1748009623735.0,12188.4,12190.4
1748009623959.0,12187.4,12189.4
1748009624897.0,12187.9,12189.9
1748009627027.0,12188.4,12190.4
1748009627252.0,12188.9,12190.9
1748009628428.0,12188.4,12190.4
1748009630944.0,12187.9,12189.9
1748009632042.0,12187.4,12189.4
1748009632275.0,12186.9,12188.9
1748009633025.0,12186.4,12188.4
1748009633747.0,12185.9,12187.9
1748009634197.0,12186.4,12188.4
1748009635032.0,12185.4,12187.4
1748009635978.0,12184.9,12186.9
1748009637996.0,12184.4,12186.4
1748009638765.0,12182.4,12184.4
1748009639137.0,12182.9,12184.9
1748009639583.0,12184.9,12186.9
1748009640120.0,12185.4,12187.4
1748009640344.0,12186.4,12188.4
1748009640569.0,12185.4,12187.4
1748009640964.0,12184.9,12186.9
1748009641714.0,12185.4,12187.4
1748009641940.0,12185.9,12187.9
1748009642756.0,12185.4,12187.4
1748009642979.0,12185.9,12187.9
1748009645832.0,12186.4,12188.4
1748009647091.0,12186.9,12188.9
1748009647316.0,12186.4,12188.4
1748009647541.0,12184.9,12186.9
1748009649633.0,12184.4,12186.4
1748009651594.0,12184.9,12186.9
1748009651819.0,12185.9,12187.9
1748009652043.0,12186.4,12188.4
1748009652442.0,12186.9,12188.9
1748009653297.0,12186.4,12188.4
1748009653518.0,12184.9,12186.9
1748009654405.0,12185.4,12187.4
1748009654996.0,12185.9,12187.9
1748009655548.0,12186.4,12188.4
1748009656467.0,12186.9,12188.9
1748009658676.0,12186.4,12188.4
1748009658897.0,12185.9,12187.9
1748009659347.0,12184.9,12186.9
1748009660218.0,12184.4,12186.4
1748009660658.0,12182.9,12184.9
1748009660883.0,12182.4,12184.4
1748009661304.0,12182.9,12184.9
1748009662007.0,12182.4,12184.4
1748009662459.0,12181.9,12183.9
1748009662804.0,12181.4,12183.4
1748009663669.0,12181.9,12183.9
1748009665597.0,12181.4,12183.4
1748009666335.0,12180.9,12182.9
1748009666782.0,12180.4,12182.4
1748009667261.0,12182.4,12184.4
1748009667485.0,12181.9,12183.9
1748009669398.0,12182.4,12184.4
1748009671658.0,12182.9,12184.9
1748009673830.0,12183.4,12185.4
1748009676139.0,12183.9,12185.9
1748009676671.0,12184.4,12186.4
1748009676896,,
1748009677876.0,12184.9,12186.9
1748009681229.0,12185.4,12187.4
1748009681462.0,12186.4,12188.4
1748009683261.0,12186.9,12188.9
1748009683487.0,12186.4,12188.4
1748009685192.0,12187.4,12189.4
1748009685421.0,12188.9,12190.9
1748009688819.0,12188.4,12190.4
1748009689068.0,12186.4,12188.4
1748009692146.0,12186.9,12188.9
1748009692366,,
1748009693498.0,12186.4,12188.4
1748009694706.0,12185.4,12187.4
1748009695054.0,12185.9,12187.9
1748009695954.0,12186.9,12188.9
1748009696180.0,12186.4,12188.4
1748009698166.0,12185.9,12187.9
1748009698617.0,12185.4,12187.4
1748009700063.0,12185.9,12187.9
1748009700288.0,12185.4,12187.4
1748009705838.0,12186.4,12188.4
1748009706680.0,12185.9,12187.9
1748009708055.0,12185.4,12187.4
1748009708281.0,12183.9,12185.9
1748009708510.0,12182.9,12184.9
1748009708731.0,12183.4,12185.4
1748009709389.0,12182.9,12184.9
1748009711775.0,12182.4,12184.4
1748009711999.0,12181.9,12183.9
1748009712673.0,12182.4,12184.4
1748009715487.0,12181.9,12183.9
1748009717164.0,12182.4,12184.4
1748009717706.0,12181.9,12183.9
1748009720555.0,12182.4,12184.4
1748009721748.0,12182.9,12184.9
1748009721973.0,12184.4,12186.4
1748009722350.0,12184.9,12186.9
1748009722577.0,12185.4,12187.4
1748009723142.0,12183.9,12185.9
1748009723371.0,12184.4,12186.4
1748009724841.0,12182.9,12184.9
1748009725938.0,12182.4,12184.4
1748009726861.0,12182.9,12184.9
1748009728821.0,12182.4,12184.4
1748009729046.0,12181.9,12183.9
1748009734248.0,12181.4,12183.4
1748009736423.0,12180.9,12182.9
1748009737713.0,12181.4,12183.4
1748009738258.0,12181.9,12183.9
1748009740213.0,12181.4,12183.4
1748009742078.0,12180.9,12182.9
1748009743105.0,12180.4,12182.4
1748009743328.0,12178.9,12180.9
1748009744340.0,12178.4,12180.4
1748009744566.0,12176.9,12178.9
1748009745889.0,12176.4,12178.4
1748009747009.0,12176.9,12178.9
1748009747233.0,12177.4,12179.4
1748009749215.0,12177.9,12179.9
1748009753585.0,12177.4,12179.4
1748009755051.0,12176.9,12178.9
1748009755596.0,12177.4,12179.4
1748009756047.0,12177.9,12179.9
1748009758088.0,12178.4,12180.4
1748009759490.0,12177.9,12179.9
1748009759944.0,12177.4,12179.4
1748009760642.0,12176.9,12178.9
1748009763954.0,12175.4,12177.4
1748009765699.0,12174.9,12176.9
1748009767005.0,12175.4,12177.4
1748009770158.0,12175.9,12177.9
1748009772678.0,12176.4,12178.4
1748009773133.0,12175.9,12177.9
1748009775321.0,12175.4,12177.4
1748009775544.0,12174.9,12176.9
1748009776684.0,12175.4,12177.4
1748009777942.0,12174.9,12176.9
1748009778392.0,12175.4,12177.4
1748009778803.0,12174.9,12176.9
1748009782450.0,12175.4,12177.4
1748009782677.0,12176.4,12178.4
1748009782910.0,12177.9,12179.9
1748009783347.0,12177.4,12179.4
1748009783572.0,12176.9,12178.9
1748009786508.0,12177.4,12179.4
1748009786960.0,12176.9,12178.9
1748009787858.0,12176.4,12178.4
1748009788104.0,12175.9,12177.9
1748009789279.0,12175.4,12177.4
1748009789505.0,12174.9,12176.9
1748009791666.0,12175.4,12177.4
1748009792788.0,12174.9,12176.9
1748009794958.0,12174.4,12176.4
1748009795183.0,12173.9,12175.9
1748009795734.0,12173.4,12175.4
1748009796197.0,12173.9,12175.9
1748009796420.0,12172.9,12174.9
1748009796920.0,12173.4,12175.4
1748009798167.0,12172.9,12174.9
1748009799621.0,12173.4,12175.4
1748009800731.0,12173.9,12175.9
1748009800956.0,12174.4,12176.4
1748009803438.0,12173.9,12175.9
1748009803656,,
1748009803883.0,12172.9,12174.9
1748009804570.0,12173.4,12175.4
1748009805022.0,12172.9,12174.9
1748009805662.0,12172.4,12174.4
1748009807963.0,12171.9,12173.9
1748009808187.0,12172.4,12174.4
1748009809956.0,12171.9,12173.9
1748009815243.0,12172.4,12174.4
1748009815468.0,12173.4,12175.4
1748009815949.0,12173.9,12175.9
1748009816175.0,12173.4,12175.4
1748009818225.0,12172.9,12174.9
1748009818783.0,12172.4,12174.4
1748009819009.0,12171.9,12173.9
1748009819952.0,12171.4,12173.4
1748009820177.0,12170.9,12172.9
1748009820404.0,12171.4,12173.4
1748009820732.0,12171.9,12173.9
1748009822116.0,12172.4,12174.4
1748009823320.0,12171.9,12173.9
1748009823545,,
1748009825911.0,12171.4,12173.4
1748009826841.0,12170.9,12172.9
1748009827066.0,12170.4,12172.4
1748009827298.0,12171.4,12173.4
1748009827839.0,12170.9,12172.9
1748009828445.0,12171.4,12173.4
1748009829131.0,12171.9,12173.9
1748009830042.0,12171.4,12173.4
1748009832707.0,12171.9,12173.9
1748009834092.0,12171.4,12173.4
1748009834682.0,12170.9,12172.9
1748009836826.0,12171.4,12173.4
1748009838116.0,12171.9,12173.9
1748009840970.0,12172.4,12174.4
1748009845062.0,12171.9,12173.9
1748009846220.0,12171.4,12173.4
1748009846670.0,12171.4,12173.4
1748009846894.0,12170.9,12172.9
1748009847716.0,12172.4,12174.4
1748009848366.0,12172.9,12174.9
1748009848592.0,12173.4,12175.4
1748009849838.0,12172.9,12174.9
1748009851063.0,12173.4,12175.4
1748009852315.0,12173.9,12175.9
1748009853449.0,12172.9,12174.9
1748009858903.0,12173.4,12175.4
1748009859429.0,12172.9,12174.9
1748009859911.0,12172.4,12174.4
1748009861515.0,12171.9,12173.9
1748009861738,,
1748009862530.0,12172.4,12174.4
1748009863804.0,12172.9,12174.9
1748009864441.0,12173.4,12175.4
1748009864665,,
1748009865163.0,12172.9,12174.9
1748009865385,,
1748009866228.0,12172.4,12174.4
1748009869243.0,12171.4,12173.4
1748009870576.0,12170.9,12172.9
1748009871025.0,12169.9,12171.9
1748009872053.0,12169.4,12171.4
1748009872720.0,12169.9,12171.9
1748009873171.0,12170.4,12172.4
1748009875473,,
1748009875998.0,12170.4,12172.4
1748009877754.0,12169.4,12171.4
1748009879489.0,12168.9,12170.9
1748009879948.0,12169.4,12171.4
1748009880176.0,12168.9,12170.9
1748009880793.0,12169.4,12171.4
1748009883557.0,12169.9,12171.9
1748009883781.0,12169.4,12171.4
1748009884007.0,12167.9,12169.9
1748009884587.0,12168.4,12170.4
1748009887174.0,12167.9,12169.9
1748009890245.0,12168.4,12170.4
1748009890695.0,12167.9,12169.9
1748009890919.0,12168.4,12170.4
1748009891554.0,12167.9,12169.9
1748009891778.0,12167.4,12169.4
1748009892704.0,12167.9,12169.9
1748009894458.0,12167.4,12169.4
1748009894908.0,12167.9,12169.9
1748009895465.0,12168.4,12170.4
1748009904008.0,12167.9,12169.9
1748009904456.0,12166.9,12168.9
1748009905080.0,12167.4,12169.4
1748009906556.0,12167.9,12169.9
1748009907156.0,12167.4,12169.4
1748009908434.0,12167.9,12169.9
1748009908885.0,12168.4,12170.4
1748009912468.0,12167.4,12169.4
1748009912693.0,12166.9,12168.9
1748009913745.0,12167.4,12169.4
1748009913963.0,12166.9,12168.9
1748009914787.0,12167.4,12169.4
1748009915013.0,12166.9,12168.9
1748009916011.0,12166.4,12168.4
1748009922553.0,12166.9,12168.9
1748009922778.0,12166.4,12168.4
1748009924328.0,12166.9,12168.9
1748009924553.0,12166.4,12168.4
1748009927236.0,12165.9,12167.9
1748009929771.0,12165.4,12167.4
1748009937110.0,12164.4,12166.4
1748009937389.0,12163.9,12165.9
1748009937615.0,12164.4,12166.4
1748009940904.0,12165.9,12167.9
1748009943703.0,12165.4,12167.4
1748009943924.0,12164.9,12166.9
1748009945352.0,12165.4,12167.4
1748009945578.0,12165.9,12167.9
1748009945950.0,12165.4,12167.4
1748009948566.0,12166.4,12168.4
1748009948789.0,12167.4,12169.4
1748009950518.0,12167.9,12169.9
1748009956284.0,12168.4,12170.4
1748009956862.0,12167.9,12169.9
1748009965887.0,12168.4,12170.4
1748009967925.0,12167.9,12169.9
1748009968150.0,12167.4,12169.4
1748009970747.0,12166.9,12168.9
1748009970970.0,12166.4,12168.4
1748009971193.0,12167.4,12169.4
1748009972090.0,12166.9,12168.9
1748009974192.0,12167.4,12169.4
1748009977458.0,12166.9,12168.9
1748009978590.0,12167.4,12169.4
1748009982411.0,12166.9,12168.9
1748009982635.0,12166.4,12168.4
1748009983438.0,12165.9,12167.9
1748009987633.0,12165.4,12167.4
1748009992110.0,12164.4,12166.4
1748009994370.0,12165.4,12167.4
1748009995949.0,12164.9,12166.9
1748009998468.0,12164.4,12166.4
1748009998916.0,12163.9,12165.9
1748009999765.0,12164.4,12166.4
1748010000093.0,12164.2,12166.2
1748010000217.0,12163.7,12165.7
1748010000443.0,12163.2,12165.2
1748010001045.0,12163.7,12165.7
1748010001271,,
1748010002680,,
1748010004841.0,12164.2,12166.2
1748010005087.0,12164.7,12166.7
1748010005289.0,12165.7,12167.7
1748010006288.0,12165.2,12167.2
1748010006512.0,12163.2,12165.2
1748010007028.0,12163.7,12165.7
1748010007247.0,12163.2,12165.2
1748010007562.0,12162.7,12164.7
1748010009256.0,12163.7,12165.7
1748010009917.0,12164.2,12166.2
1748010010734.0,12164.7,12166.7
1748010011407.0,12165.2,12167.2
1748010012682.0,12164.7,12166.7
1748010013836.0,12165.2,12167.2
1748010014418.0,12165.7,12167.7
1748010014868.0,12165.2,12167.2
1748010016785.0,12165.7,12167.7
1748010018789.0,12165.2,12167.2
1748010019012.0,12164.7,12166.7
1748010022804.0,12163.7,12165.7
1748010023028.0,12163.2,12165.2
1748010025015.0,12163.7,12165.7
1748010025251.0,12164.2,12166.2
1748010025477.0,12163.7,12165.7
1748010026142.0,12164.2,12166.2
1748010027536.0,12164.7,12166.7
1748010028093.0,12165.2,12167.2
1748010028317.0,12165.7,12167.7
1748010031370.0,12166.7,12168.7
1748010032523.0,12165.7,12167.7
1748010034413.0,12166.2,12168.2
1748010034969.0,12165.7,12167.7
1748010036857,,
1748010040151.0,12165.2,12167.2
1748010041955.0,12165.7,12167.7
1748010043358.0,12166.2,12168.2
1748010043583.0,12166.7,12168.7
1748010045076.0,12166.2,12168.2
1748010045759.0,12165.7,12167.7
1748010045984.0,12165.2,12167.2
1748010048567.0,12164.7,12166.7
1748010049361.0,12165.2,12167.2
1748010049604.0,12165.7,12167.7
1748010050808.0,12165.2,12167.2
1748010051038.0,12164.7,12166.7
1748010052032.0,12165.2,12167.2
1748010055435.0,12164.7,12166.7
1748010056275.0,12165.2,12167.2
1748010057919.0,12165.7,12167.7
1748010058144.0,12166.7,12168.7
1748010059090.0,12166.2,12168.2
1748010059314.0,12166.7,12168.7
1748010060968.0,12166.2,12168.2
1748010061192,,
1748010061418.0,12165.7,12167.7
1748010062776.0,12166.2,12168.2
1748010063003.0,12166.7,12168.7
1748010063226.0,12166.2,12168.2
1748010063512.0,12165.7,12167.7
1748010065689.0,12166.2,12168.2
1748010065915.0,12166.7,12168.7
1748010066282.0,12166.2,12168.2
1748010067038.0,12165.7,12167.7
1748010067561.0,12166.2,12168.2
1748010068666.0,12166.7,12168.7
1748010069518.0,12166.2,12168.2
1748010069742.0,12166.7,12168.7
1748010070103.0,12167.2,12169.2
1748010070329.0,12168.2,12170.2
1748010070662.0,12167.7,12169.7
1748010070886,,
1748010071507.0,12165.7,12167.7
1748010072337.0,12166.2,12168.2
1748010072563.0,12166.7,12168.7
1748010072981.0,12166.2,12168.2
1748010074499.0,12166.7,12168.7
1748010074963.0,12166.2,12168.2
1748010075413.0,12165.7,12167.7
1748010077920.0,12166.2,12168.2
1748010078146.0,12166.7,12168.7
1748010078596.0,12166.7,12168.7
1748010082244.0,12166.2,12168.2
1748010083892.0,12165.7,12167.7
1748010084118.0,12164.7,12166.7
1748010084342.0,12165.7,12167.7
1748010089040.0,12166.2,12168.2
1748010089929.0,12165.7,12167.7
1748010090361.0,12165.2,12167.2
1748010090810.0,12165.7,12167.7
1748010091035.0,12166.2,12168.2
1748010094346.0,12166.7,12168.7
1748010096343.0,12165.7,12167.7
1748010096592.0,12166.2,12168.2
1748010096817.0,12166.7,12168.7
1748010097950.0,12166.2,12168.2
1748010098174.0,12165.7,12167.7
1748010103149,,
1748010103376.0,12165.2,12167.2
1748010104126.0,12165.7,12167.7
1748010108270.0,12166.2,12168.2
1748010108505.0,12166.7,12168.7
1748010110228.0,12167.2,12169.2
1748010110453.0,12166.7,12168.7
1748010112393.0,12167.7,12169.7
1748010117730.0,12168.2,12170.2
1748010120138.0,12168.7,12170.7
1748010121166.0,12168.2,12170.2
1748010121615.0,12168.7,12170.7
1748010122074.0,12170.2,12172.2
1748010122290.0,12169.2,12171.2
1748010122516.0,12169.7,12171.7
1748010122803.0,12170.2,12172.2
1748010124703.0,12170.7,12172.7
1748010124926.0,12171.7,12173.7
1748010125608.0,12172.2,12174.2
1748010125832.0,12171.7,12173.7
1748010126454.0,12172.2,12174.2
1748010127739.0,12172.7,12174.7
1748010128187.0,12173.7,12175.7
1748010129398.0,12174.2,12176.2
1748010129625.0,12174.7,12176.7
1748010129847.0,12175.7,12177.7
1748010130264.0,12176.2,12178.2
1748010130487.0,12175.7,12177.7
1748010131815.0,12176.2,12178.2
1748010132266.0,12175.7,12177.7
1748010135439.0,12176.2,12178.2
1748010136991.0,12176.7,12178.7
1748010137216.0,12177.7,12179.7
1748010140487,,
1748010143460.0,12177.2,12179.2
1748010143695.0,12176.7,12178.7
1748010149243.0,12178.7,12180.7
1748010150631.0,12179.2,12181.2
1748010150856.0,12179.7,12181.7
1748010151110.0,12180.2,12182.2
1748010151339.0,12180.7,12182.7
1748010152225.0,12180.2,12182.2
1748010152448.0,12179.7,12181.7
1748010152672.0,12179.2,12181.2
1748010152898.0,12179.7,12181.7
1748010156525.0,12179.2,12181.2
1748010157722.0,12179.7,12181.7
1748010158170.0,12179.2,12181.2
1748010159595.0,12178.7,12180.7
1748010160046.0,12177.7,12179.7
1748010160272.0,12176.7,12178.7
1748010161236.0,12177.7,12179.7
1748010163256.0,12177.2,12179.2
1748010164362.0,12177.7,12179.7
1748010164813.0,12177.2,12179.2
1748010165949.0,12176.7,12178.7
1748010167072.0,12176.2,12178.2
1748010167300.0,12174.7,12176.7
1748010167929.0,12175.2,12177.2
1748010168153,,
1748010168462.0,12174.7,12176.7
1748010173062.0,12175.2,12177.2
1748010173297.0,12175.7,12177.7
1748010175637.0,12175.2,12177.2
1748010177607.0,12175.7,12177.7
1748010178545.0,12175.2,12177.2
1748010179170.0,12174.7,12176.7
1748010179952.0,12174.2,12176.2
1748010181756.0,12174.7,12176.7
1748010182012,,
1748010183305.0,12175.2,12177.2
1748010183528.0,12174.2,12176.2
1748010183767.0,12174.7,12176.7
1748010184016.0,12175.2,12177.2
1748010184243.0,12175.7,12177.7
1748010184466.0,12176.2,12178.2
1748010188107.0,12176.7,12178.7
1748010188333.0,12177.7,12179.7
1748010190620.0,12178.2,12180.2
1748010190846.0,12178.7,12180.7
1748010191937.0,12179.7,12181.7
1748010192395.0,12180.2,12182.2
1748010193570.0,12180.7,12182.7
1748010194021.0,12181.2,12183.2
1748010194245.0,12180.7,12182.7
1748010196245.0,12180.2,12182.2
1748010196469.0,12179.7,12181.7
1748010196756.0,12180.2,12182.2
1748010196981.0,12180.7,12182.7
1748010198043.0,12180.2,12182.2
1748010198536.0,12179.7,12181.7
1748010205650.0,12180.2,12182.2
1748010206098.0,12179.7,12181.7
1748010206323.0,12180.2,12182.2
1748010206897.0,12180.7,12182.7
1748010207122.0,12181.7,12183.7
1748010207347.0,12182.2,12184.2
1748010207575.0,12183.2,12185.2
1748010208058.0,12183.7,12185.7
1748010208494.0,12183.2,12185.2
1748010208717.0,12182.7,12184.7
1748010210005.0,12183.2,12185.2
1748010211688.0,12182.7,12184.7
1748010214005.0,12183.2,12185.2
1748010214227.0,12183.7,12185.7
1748010214452.0,12183.2,12185.2
1748010216086.0,12183.7,12185.7
1748010216536.0,12183.2,12185.2
1748010218475.0,12182.7,12184.7
1748010222812.0,12181.7,12183.7
1748010223036.0,12182.2,12184.2
1748010224912.0,12181.7,12183.7
1748010225358.0,12181.2,12183.2
1748010226783.0,12180.7,12182.7
1748010227467,,
1748010227880.0,12180.2,12182.2
1748010228332.0,12180.7,12182.7
1748010228784.0,12181.2,12183.2
1748010229234.0,12180.7,12182.7
1748010230663.0,12181.2,12183.2
1748010230888.0,12181.7,12183.7
1748010231543.0,12181.2,12183.2
1748010232105.0,12181.7,12183.7
1748010234061.0,12182.2,12184.2
1748010234287.0,12182.7,12184.7
1748010234979.0,12182.2,12184.2
1748010235203.0,12182.7,12184.7
1748010235904.0,12182.2,12184.2
1748010237562.0,12181.7,12183.7
1748010238525.0,12181.2,12183.2
1748010238975.0,12181.7,12183.7
1748010245297.0,12182.2,12184.2
1748010245523.0,12182.7,12184.7
1748010246015.0,12181.7,12183.7
1748010247058.0,12182.2,12184.2
1748010247285.0,12182.7,12184.7
1748010249276.0,12183.2,12185.2
1748010249770.0,12183.7,12185.7
1748010262584.0,12184.7,12186.7
1748010263794.0,12182.7,12184.7
1748010264834.0,12182.2,12184.2
1748010268427.0,12182.7,12184.7
1748010269922.0,12183.2,12185.2
1748010270147.0,12184.2,12186.2
1748010271003.0,12183.7,12185.7
1748010274252.0,12183.2,12185.2
1748010276053.0,12182.7,12184.7
1748010276503.0,12182.2,12184.2
1748010277422.0,12182.7,12184.7
1748010279923.0,12182.2,12184.2
1748010280597.0,12182.7,12184.7
1748010281793.0,12183.2,12185.2
1748010283273.0,12183.7,12185.7
1748010284281.0,12183.2,12185.2
1748010284820.0,12182.7,12184.7
1748010285044,,
1748010285654.0,12183.7,12185.7
1748010288594.0,12183.2,12185.2
1748010289528.0,12183.7,12185.7
1748010293789.0,12184.2,12186.2
1748010295404.0,12183.7,12185.7
1748010301051.0,12184.2,12186.2
1748010302425.0,12184.7,12186.7
1748010303055.0,12184.2,12186.2
1748010303714.0,12184.7,12186.7
1748010304164.0,12184.2,12186.2
1748010305603.0,12183.7,12185.7
1748010315069.0,12184.7,12186.7
1748010318054.0,12184.2,12186.2
1748010318504.0,12183.7,12185.7
1748010320119.0,12183.2,12185.2
1748010320698.0,12183.7,12185.7
1748010322253,,
1748010323128.0,12184.2,12186.2
1748010323351,,
1748010323753.0,12184.7,12186.7
1748010324205.0,12183.7,12185.7
1748010324788.0,12184.2,12186.2
1748010325009.0,12184.7,12186.7
1748010327183.0,12185.2,12187.2
1748010327453.0,12185.7,12187.7
1748010328241.0,12185.2,12187.2
1748010328690.0,12184.7,12186.7
1748010330072.0,12185.2,12187.2
1748010330296.0,12185.7,12187.7
1748010332872.0,12186.7,12188.7
1748010333617.0,12186.2,12188.2
1748010333842.0,12186.7,12188.7
1748010334068.0,12186.2,12188.2
1748010334652.0,12186.7,12188.7
1748010336595.0,12186.2,12188.2
1748010337044.0,12185.7,12187.7
1748010338822.0,12185.2,12187.2
1748010339272.0,12185.7,12187.7
1748010349032.0,12186.7,12188.7
1748010352120.0,12187.2,12189.2
1748010353077.0,12187.7,12189.7
1748010359355.0,12187.2,12189.2
1748010360414.0,12186.7,12188.7
1748010360635,,
1748010361086.0,12187.7,12189.7
1748010361589.0,12187.2,12189.2
1748010362193.0,12186.7,12188.7
1748010363958.0,12185.7,12187.7
1748010364545.0,12186.7,12188.7
1748010364769.0,12187.2,12189.2
1748010366217.0,12187.7,12189.7
1748010369334.0,12187.2,12189.2
1748010369559,,
1748010371318.0,12186.7,12188.7
1748010371768.0,12186.2,12188.2
1748010372032,,
1748010372234.0,12186.7,12188.7
1748010373229.0,12186.2,12188.2
1748010374313.0,12186.7,12188.7
1748010376765.0,12186.2,12188.2
1748010376989.0,12185.7,12187.7
1748010380478.0,12183.7,12185.7
1748010383734.0,12183.2,12185.2
1748010387195.0,12182.7,12184.7
1748010387641.0,12181.7,12183.7
1748010390204.0,12181.2,12183.2
1748010390425.0,12180.7,12182.7
1748010392344.0,12180.2,12182.2
1748010392569.0,12179.7,12181.7
1748010393163.0,12180.7,12182.7
1748010396798.0,12180.2,12182.2
1748010397863.0,12178.7,12180.7
1748010398124.0,12179.2,12181.2
1748010398349.0,12179.7,12181.7
1748010398804.0,12179.2,12181.2
1748010399181.0,12179.7,12181.7
1748010403897.0,12180.2,12182.2
1748010404121.0,12180.7,12182.7
1748010407054.0,12180.2,12182.2
1748010408616.0,12179.7,12181.7
1748010411119.0,12180.2,12182.2
1748010421054.0,12180.7,12182.7
1748010421266.0,12181.7,12183.7
1748010427434.0,12182.2,12184.2
1748010427656.0,12181.7,12183.7
1748010427920.0,12182.2,12184.2
1748010428144.0,12184.2,12186.2
1748010431066.0,12183.7,12185.7
1748010431676.0,12184.2,12186.2
1748010433648.0,12184.7,12186.7
1748010442787.0,12183.7,12185.7
1748010443168.0,12184.2,12186.2
1748010443392.0,12183.2,12185.2
1748010445377.0,12182.7,12184.7
1748010445603.0,12182.2,12184.2
1748010446826.0,12182.7,12184.7
1748010448744.0,12183.7,12185.7
1748010449869.0,12184.2,12186.2
1748010450096.0,12183.7,12185.7
1748010454181.0,12183.2,12185.2
1748010454405.0,12182.7,12184.7
1748010455537.0,12183.2,12185.2
1748010455762.0,12183.7,12185.7
1748010456170.0,12183.2,12185.2
1748010457173.0,12183.7,12185.7
1748010461367.0,12183.2,12185.2
1748010466273.0,12183.7,12185.7
1748010466936.0,12183.2,12185.2
1748010469039.0,12182.7,12184.7
1748010469270.0,12181.2,12183.2
1748010470033.0,12181.7,12183.7
1748010472029.0,12181.2,12183.2
1748010475572.0,12181.7,12183.7
1748010480110.0,12181.2,12183.2
1748010480550.0,12180.2,12182.2
1748010482635.0,12179.7,12181.7
1748010483085.0,12179.2,12181.2
1748010484053.0,12178.7,12180.7
1748010485664.0,12177.7,12179.7
1748010486988.0,12178.2,12180.2
1748010487213.0,12177.7,12179.7
1748010487755.0,12177.2,12179.2
1748010488205.0,12177.7,12179.7
1748010489684.0,12177.2,12179.2
1748010490610.0,12176.7,12178.7
1748010491056.0,12174.7,12176.7
1748010491361.0,12175.2,12177.2
1748010491585.0,12174.7,12176.7
1748010492498,,
1748010493388.0,12176.2,12178.2
1748010493611.0,12176.7,12178.7
1748010495010.0,12176.2,12178.2
1748010495233,,
1748010500384.0,12176.7,12178.7
1748010500611.0,12177.2,12179.2
1748010500975.0,12177.7,12179.7
1748010502287.0,12177.2,12179.2
1748010502513.0,12176.7,12178.7
1748010503055.0,12175.7,12177.7
1748010503617.0,12175.2,12177.2
1748010504130.0,12175.7,12177.7
1748010505792.0,12175.2,12177.2
1748010509141.0,12174.7,12176.7
1748010512298.0,12175.2,12177.2
1748010512523.0,12175.7,12177.7
1748010514130.0,12173.7,12175.7
1748010515067.0,12172.2,12174.2
1748010515292.0,12171.2,12173.2
1748010515517.0,12171.7,12173.7
1748010515744.0,12172.7,12174.7
1748010521039.0,12172.2,12174.2
1748010522557.0,12171.7,12173.7
1748010526132.0,12171.2,12173.2
1748010526357.0,12170.7,12172.7
1748010528514.0,12169.7,12171.7
1748010530922.0,12168.7,12170.7
1748010537015.0,12169.7,12171.7
1748010537272.0,12170.2,12172.2
1748010537722.0,12170.2,12172.2
1748010538348.0,12170.7,12172.7
1748010541526.0,12171.2,12173.2
1748010542304.0,12171.7,12173.7
1748010543053.0,12171.2,12173.2
1748010543504.0,12170.7,12172.7
1748010543732.0,12170.2,12172.2
1748010544895.0,12170.7,12172.7
1748010547725.0,12170.2,12172.2
1748010547950.0,12169.7,12171.7
1748010548933.0,12170.2,12172.2
1748010549158.0,12170.7,12172.7
1748010551139.0,12170.2,12172.2
1748010556586.0,12170.7,12172.7
1748010557417.0,12171.2,12173.2
1748010557641.0,12171.7,12173.7
1748010557932.0,12171.2,12173.2
1748010558570.0,12171.7,12173.7
1748010560158.0,12171.2,12173.2
1748010560382.0,12171.7,12173.7
1748010560919.0,12171.2,12173.2
1748010561148.0,12170.7,12172.7
1748010561537.0,12170.2,12172.2
1748010562155.0,12169.2,12171.2
1748010562376.0,12169.7,12171.7
1748010562603.0,12170.2,12172.2
1748010566843.0,12170.7,12172.7
1748010568810.0,12170.2,12172.2
1748010570798.0,12169.7,12171.7
1748010576620.0,12170.2,12172.2
1748010577070.0,12171.7,12173.7
1748010577616.0,12172.2,12174.2
1748010578784.0,12172.7,12174.7
1748010584564.0,12173.2,12175.2
1748010587533.0,12173.7,12175.7
1748010588092.0,12173.2,12175.2
1748010592760.0,12173.7,12175.7
1748010593594.0,12174.2,12176.2
1748010593818.0,12174.7,12176.7
1748010594850.0,12175.2,12177.2
1748010595074.0,12174.7,12176.7
1748010596224.0,12173.7,12175.7
1748010597274.0,12174.2,12176.2
1748010599084.0,12174.7,12176.7
1748010600015.0,12173.6,12175.6
1748010601527.0,12174.6,12176.6
1748010601815.0,12175.1,12177.1
1748010602040.0,12175.6,12177.6
1748010603370.0,12176.1,12178.1
1748010603593.0,12176.6,12178.6
1748010603816.0,12175.6,12177.6
1748010606226.0,12174.6,12176.6
1748010606587.0,12174.1,12176.1
1748010606812.0,12174.6,12176.6
1748010607105.0,12175.1,12177.1
1748010607329.0,12175.6,12177.6
1748010614507.0,12176.6,12178.6
1748010615136.0,12177.1,12179.1
1748010615993.0,12177.6,12179.6
1748010618499.0,12178.1,12180.1
1748010620035.0,12177.6,12179.6
1748010621803.0,12177.1,12179.1
1748010622705.0,12176.6,12178.6
1748010623605.0,12177.1,12179.1
1748010624696.0,12177.6,12179.6
1748010627025.0,12178.1,12180.1
1748010630319.0,12177.6,12179.6
1748010631029.0,12177.1,12179.1
1748010631254.0,12176.6,12178.6
1748010632582.0,12176.1,12178.1
1748010632807.0,12175.6,12177.6
1748010636319.0,12176.1,12178.1
1748010636768.0,12177.1,12179.1
1748010637836.0,12177.6,12179.6
1748010638058.0,12178.1,12180.1
1748010640004.0,12178.6,12180.6
1748010642054.0,12180.1,12182.1
1748010643110.0,12180.6,12182.6
1748010643333,,
1748010643676.0,12181.1,12183.1
1748010644126.0,12182.6,12184.6
1748010645412.0,12182.1,12184.1
1748010646079.0,12182.6,12184.6
1748010646995.0,12182.1,12184.1
1748010647220.0,12182.6,12184.6
1748010647663.0,12182.1,12184.1
1748010648113.0,12182.1,12184.1
1748010648336.0,12181.6,12183.6
1748010656850.0,12182.1,12184.1
1748010657075.0,12181.6,12183.6
1748010661376.0,12180.1,12182.1
1748010661634.0,12180.6,12182.6
1748010661854,,
1748010662080.0,12180.1,12182.1
1748010662776.0,12180.6,12182.6
1748010667990.0,12180.1,12182.1
1748010668215.0,12179.6,12181.6
1748010674298.0,12179.1,12181.1
1748010674523.0,12179.6,12181.6
1748010675513.0,12179.1,12181.1
1748010675735.0,12178.6,12180.6
1748010682946.0,12178.1,12180.1
1748010684160.0,12177.6,12179.6
1748010687417.0,12178.6,12180.6
1748010696581.0,12178.1,12180.1
1748010700109.0,12178.6,12180.6
1748010701635.0,12179.1,12181.1
1748010701859.0,12177.6,12179.6
1748010703867.0,12178.1,12180.1
1748010704091.0,12178.6,12180.6
1748010711985.0,12178.1,12180.1
1748010712208.0,12177.6,12179.6
1748010712772.0,12178.1,12180.1
1748010713496.0,12177.6,12179.6
1748010715516.0,12178.1,12180.1
1748010717634.0,12177.6,12179.6
1748010720442.0,12178.1,12180.1
1748010721066.0,12178.6,12180.6
1748010721290,,
1748010723747.0,12179.1,12181.1
1748010723972.0,12179.6,12181.6
1748010725442.0,12179.1,12181.1
1748010725665.0,12179.6,12181.6
1748010731346.0,12180.1,12182.1
1748010731988.0,12180.6,12182.6
1748010733145.0,12180.1,12182.1
1748010733596.0,12179.6,12181.6
1748010733926.0,12180.1,12182.1
1748010734152.0,12180.6,12182.6
1748010735081.0,12180.1,12182.1
1748010738026.0,12179.6,12181.6
1748010739913.0,12180.1,12182.1
1748010740151.0,12180.6,12182.6
1748010741747,,
1748010743008.0,12180.1,12182.1
1748010743230,,
1748010744744.0,12180.6,12182.6
1748010747172.0,12180.1,12182.1
1748010747398.0,12179.6,12181.6
1748010747621.0,12181.1,12183.1
1748010748008.0,12181.6,12183.6
1748010751370.0,12183.6,12185.6
1748010751715.0,12183.1,12185.1
1748010751941.0,12182.6,12184.6
1748010752826.0,12182.1,12184.1
1748010754118.0,12182.6,12184.6
1748010757269.0,12183.6,12185.6
1748010758415.0,12184.6,12186.6
1748010763364.0,12184.1,12186.1
1748010763587.0,12183.6,12185.6
1748010763812.0,12184.1,12186.1
1748010764037.0,12183.6,12185.6
1748010766413.0,12183.1,12185.1
1748010766637.0,12183.6,12185.6
1748010768561.0,12184.1,12186.1
1748010770976.0,12184.6,12186.6
1748010771635.0,12184.1,12186.1
1748010772418.0,12184.6,12186.6
1748010773636.0,12184.1,12186.1
1748010774221.0,12184.6,12186.6
1748010775103.0,12184.1,12186.1
1748010775324.0,12183.6,12185.6
1748010779677.0,12183.1,12185.1
1748010779903.0,12182.6,12184.6
1748010782423.0,12183.1,12185.1
1748010786150.0,12182.6,12184.6
1748010786375,,
1748010788235.0,12181.6,12183.6
1748010793409.0,12182.6,12184.6
1748010802598.0,12181.6,12183.6
1748010803213.0,12182.6,12184.6
1748010807308.0,12182.1,12184.1
1748010807849.0,12182.6,12184.6
1748010812625.0,12184.1,12186.1
1748010816386.0,12184.6,12186.6
1748010816610.0,12185.6,12187.6
1748010817035,,
1748010819457.0,12186.1,12188.1
1748010819683.0,12186.6,12188.6
1748010823033.0,12187.1,12189.1
1748010825510.0,12186.6,12188.6
1748010826470.0,12187.1,12189.1
1748010827212.0,12187.6,12189.6
1748010828019.0,12188.1,12190.1
1748010828244.0,12188.6,12190.6
1748010839795.0,12189.1,12191.1
1748010840035.0,12189.6,12191.6
1748010841962.0,12190.1,12192.1
1748010842190.0,12190.6,12192.6
1748010844776.0,12189.6,12191.6
1748010845005.0,12189.1,12191.1
1748010845229.0,12188.6,12190.6
1748010845633,,
1748010846848.0,12189.1,12191.1
1748010847072.0,12188.6,12190.6
1748010854490.0,12188.1,12190.1
1748010854715.0,12187.1,12189.1
1748010855030,,
1748010855548.0,12186.1,12188.1
1748010855772.0,12186.6,12188.6
1748010856799.0,12186.1,12188.1
1748010858295.0,12186.6,12188.6
1748010862927,,
1748010865256.0,12187.1,12189.1
1748010865482.0,12188.1,12190.1
1748010867595.0,12188.6,12190.6
1748010868722.0,12189.1,12191.1
1748010868946.0,12189.6,12191.6
1748010869170.0,12189.1,12191.1
1748010869721.0,12189.6,12191.6
1748010870433.0,12189.1,12191.1
1748010870884.0,12188.6,12190.6
1748010873721.0,12188.1,12190.1
1748010873946.0,12187.6,12189.6
1748010875377.0,12187.1,12189.1
1748010875828.0,12187.6,12189.6
1748010876403.0,12188.1,12190.1
1748010876627,,
1748010876852.0,12188.6,12190.6
1748010881207.0,12189.1,12191.1
1748010882762.0,12189.6,12191.6
1748010884396.0,12190.1,12192.1
1748010884908.0,12190.6,12192.6
1748010887131.0,12190.1,12192.1
1748010887361.0,12190.6,12192.6
1748010888557.0,12190.1,12192.1
1748010888781.0,12189.6,12191.6
1748010893857.0,12190.6,12192.6
1748010895024.0,12189.6,12191.6
1748010899295.0,12190.1,12192.1
1748010899522.0,12189.6,12191.6
1748010900396.0,12190.1,12192.1
1748010900619.0,12190.6,12192.6
1748010900845.0,12190.1,12192.1
1748010901615.0,12189.6,12191.6
1748010901841.0,12189.1,12191.1
1748010905925.0,12188.6,12190.6
1748010908491.0,12188.1,12190.1
1748010908716.0,12187.6,12189.6
1748010911654.0,12187.1,12189.1
1748010913621.0,12187.6,12189.6
1748010913847.0,12188.6,12190.6
1748010920185.0,12189.6,12191.6
1748010920409.0,12189.1,12191.1
1748010920636.0,12188.6,12190.6
1748010922303,,
1748010922828.0,12188.1,12190.1
1748010923828.0,12188.6,12190.6
1748010927891.0,12188.1,12190.1
1748010930160.0,12187.6,12189.6
1748010930949.0,12188.1,12190.1
1748010931178.0,12188.6,12190.6
1748010934283.0,12189.1,12191.1
1748010934519.0,12189.6,12191.6
1748010940005.0,12189.1,12191.1
1748010940231.0,12188.6,12190.6
1748010943424.0,12188.1,12190.1
1748010943649.0,12188.6,12190.6
1748010943975.0,12188.1,12190.1
1748010944671.0,12188.6,12190.6
1748010951005.0,12189.1,12191.1
1748010951225.0,12189.6,12191.6
1748010952290.0,12189.1,12191.1
1748010953740.0,12188.6,12190.6
1748010954741.0,12189.1,12191.1
1748010955978.0,12189.6,12191.6
1748010960008.0,12189.1,12191.1
1748010962037.0,12189.6,12191.6
1748010967229.0,12189.1,12191.1
1748010967454.0,12188.1,12190.1
1748010967737.0,12187.6,12189.6
1748010968677.0,12188.1,12190.1
1748010968903.0,12188.6,12190.6
1748010970547.0,12189.1,12191.1
1748010971165.0,12189.6,12191.6
1748010971683.0,12189.1,12191.1
1748010972712.0,12189.6,12191.6
1748010974363.0,12189.1,12191.1
1748010974814.0,12188.6,12190.6
1748010975347.0,12189.1,12191.1
1748010976234.0,12189.6,12191.6
1748010977181.0,12189.1,12191.1
1748010977891.0,12188.6,12190.6
1748010978116.0,12188.1,12190.1
1748010979218.0,12188.6,12190.6
1748010980921.0,12189.1,12191.1
1748010982464.0,12188.1,12190.1
1748010982688.0,12188.6,12190.6
1748010984835.0,12189.1,12191.1
1748010985530.0,12189.6,12191.6
1748010987016.0,12189.1,12191.1
1748010987464.0,12189.6,12191.6
1748010987689.0,12190.1,12192.1
1748010987929.0,12190.6,12192.6
1748010988753.0,12191.1,12193.1
1748010988978.0,12190.6,12192.6
1748010989403.0,12191.1,12193.1
1748010989624.0,12191.6,12193.6
1748010990175.0,12191.1,12193.1
1748010990399.0,12190.6,12192.6
1748010991218.0,12190.1,12192.1
1748010991443.0,12189.1,12191.1
1748010992344.0,12188.6,12190.6
1748010992575.0,12188.1,12190.1
1748010993273.0,12187.6,12189.6
1748010993773.0,12188.1,12190.1
1748010993999.0,12188.6,12190.6
1748010999330.0,12189.1,12191.1
1748011000065.0,12188.6,12190.6
1748011000543.0,12189.1,12191.1
1748011001345,,
1748011001573.0,12188.6,12190.6
1748011003513.0,12189.1,12191.1
1748011004130.0,12188.6,12190.6
1748011006624.0,12189.1,12191.1
1748011007860.0,12189.6,12191.6
1748011008514.0,12190.1,12192.1
1748011009986.0,12190.6,12192.6
1748011011077.0,12190.1,12192.1
1748011012724.0,12190.6,12192.6
1748011016041.0,12190.6,12192.6
1748011017531.0,12190.1,12192.1
1748011017756.0,12189.6,12191.6
1748011019079.0,12190.1,12192.1
1748011019942.0,12190.6,12192.6
1748011021152.0,12190.1,12192.1
1748011021379.0,12189.6,12191.6
1748011022231.0,12190.1,12192.1
1748011022457.0,12190.6,12192.6
1748011022912.0,12190.1,12192.1
1748011023407.0,12189.6,12191.6
1748011028745.0,12190.1,12192.1
1748011029195.0,12189.6,12191.6
1748011031909.0,12190.1,12192.1
1748011032984.0,12191.6,12193.6
1748011034507.0,12191.1,12193.1
1748011035564.0,12190.6,12192.6
1748011037171.0,12190.1,12192.1
1748011037393.0,12190.6,12192.6
1748011038087.0,12190.1,12192.1
1748011038537.0,12189.6,12191.6
1748011039612.0,12190.1,12192.1
1748011039836.0,12190.6,12192.6
1748011043729,,
1748011046371.0,12190.1,12192.1
1748011049172.0,12189.6,12191.6
1748011049395.0,12188.6,12190.6
1748011052474.0,12188.1,12190.1
1748011052699.0,12187.6,12189.6
1748011053048.0,12188.1,12190.1
1748011053272.0,12189.6,12191.6
1748011053571.0,12190.1,12192.1
1748011053795.0,12189.6,12191.6
1748011054021.0,12190.6,12192.6
1748011054246.0,12190.1,12192.1
1748011054586.0,12189.6,12191.6
1748011054810.0,12190.1,12192.1
1748011055211.0,12189.6,12191.6
1748011055427,,
1748011056360.0,12190.1,12192.1
1748011056810.0,12189.6,12191.6
1748011057702.0,12190.1,12192.1
1748011058141.0,12189.6,12191.6
1748011059274.0,12189.1,12191.1
1748011059765.0,12189.6,12191.6
1748011063393.0,12189.1,12191.1
1748011064979.0,12189.6,12191.6
1748011066207.0,12189.1,12191.1
1748011066654.0,12189.6,12191.6
1748011068206.0,12190.1,12192.1
1748011068659.0,12189.6,12191.6
1748011071609.0,12190.1,12192.1
1748011072205.0,12189.6,12191.6
1748011073011.0,12190.1,12192.1
1748011073832.0,12190.6,12192.6
1748011074995.0,12191.6,12193.6
1748011075220,,
1748011077241.0,12191.1,12193.1
1748011077465.0,12190.1,12192.1
1748011078007.0,12189.6,12191.6
1748011078457.0,12190.1,12192.1
1748011079039.0,12190.6,12192.6
1748011082553.0,12190.1,12192.1
1748011084126.0,12190.6,12192.6
1748011085609,,
1748011086096.0,12191.1,12193.1
1748011086319.0,12191.6,12193.6
1748011087724.0,12192.1,12194.1
1748011087952.0,12191.6,12193.6
1748011089837.0,12192.1,12194.1
1748011092358.0,12192.6,12194.6
1748011093415.0,12191.6,12193.6
1748011096041.0,12191.1,12193.1
1748011096266.0,12191.6,12193.6
1748011098598.0,12192.1,12194.1
1748011100680.0,12191.6,12193.6
1748011101131.0,12192.1,12194.1
1748011102132.0,12191.6,12193.6
1748011102356,,
1748011103914.0,12191.1,12193.1
1748011104653.0,12191.6,12193.6
1748011105309.0,12191.1,12193.1
1748011107040.0,12191.6,12193.6
1748011107489.0,12191.1,12193.1
1748011108160.0,12191.6,12193.6
1748011108608.0,12191.1,12193.1
1748011109222.0,12191.6,12193.6
1748011110622.0,12192.6,12194.6
1748011112212.0,12193.1,12195.1
1748011112439.0,12192.6,12194.6
1748011113438.0,12192.1,12194.1
1748011113886.0,12191.6,12193.6
1748011115396.0,12191.1,12193.1
1748011115881.0,12190.6,12192.6
1748011116331.0,12191.1,12193.1
1748011117170.0,12190.6,12192.6
1748011118482.0,12191.1,12193.1
1748011118712.0,12190.6,12192.6
1748011119941,,
1748011125470.0,12191.1,12193.1
1748011126026.0,12190.6,12192.6
1748011127436.0,12190.1,12192.1
1748011127883.0,12189.6,12191.6
1748011128184.0,12189.1,12191.1
1748011128408,,
1748011128663.0,12188.6,12190.6
1748011129112.0,12189.1,12191.1
1748011129443.0,12188.6,12190.6
1748011130296.0,12188.1,12190.1
1748011131522.0,12187.6,12189.6
1748011134663.0,12188.1,12190.1
1748011134883.0,12187.6,12189.6
1748011135335.0,12188.1,12190.1
1748011135559.0,12188.6,12190.6
1748011135787.0,12189.6,12191.6
1748011139320.0,12190.1,12192.1
1748011139545.0,12190.6,12192.6
1748011139962.0,12190.1,12192.1
1748011140187.0,12189.6,12191.6
1748011140857.0,12189.1,12191.1
1748011141083.0,12188.6,12190.6
1748011141960.0,12189.1,12191.1
1748011142181.0,12188.6,12190.6
1748011146838.0,12189.6,12191.6
1748011148465.0,12189.1,12191.1
1748011148691.0,12189.6,12191.6
1748011150482.0,12190.1,12192.1
1748011150707.0,12190.6,12192.6
1748011151975.0,12190.1,12192.1
1748011152473.0,12189.6,12191.6
1748011153459.0,12190.1,12192.1
1748011153682.0,12190.6,12192.6
1748011153966.0,12190.1,12192.1
1748011154190.0,12189.6,12191.6
1748011157238.0,12189.1,12191.1
1748011157468.0,12188.6,12190.6
1748011158137.0,12189.1,12191.1
1748011158362.0,12189.6,12191.6
1748011159216.0,12190.1,12192.1
1748011159450.0,12189.6,12191.6
1748011161116.0,12189.1,12191.1
1748011161341.0,12188.6,12190.6
1748011162013.0,12188.1,12190.1
1748011163326.0,12188.6,12190.6
1748011165563.0,12188.1,12190.1
1748011165787.0,12188.6,12190.6
1748011167303.0,12188.1,12190.1
1748011170646.0,12187.6,12189.6
1748011174588.0,12188.1,12190.1
1748011174814.0,12188.6,12190.6
1748011179844.0,12189.1,12191.1
1748011180533.0,12188.6,12190.6
1748011184002.0,12189.1,12191.1
1748011184604.0,12188.6,12190.6
1748011184845,,
1748011185385.0,12188.1,12190.1
1748011185835.0,12187.6,12189.6
1748011190099.0,12188.6,12190.6
1748011193953.0,12188.1,12190.1
1748011194179.0,12187.6,12189.6
1748011194547.0,12188.1,12190.1
1748011194995.0,12187.6,12189.6
1748011196221.0,12186.6,12188.6
1748011200025.0,12186.4,12188.4
1748011200587.0,12185.9,12187.9
1748011201184.0,12185.4,12187.4
1748011206854.0,12184.4,12186.4
1748011208098.0,12185.4,12187.4
1748011208861.0,12185.9,12187.9
1748011210135.0,12186.4,12188.4
1748011211217.0,12185.9,12187.9
1748011211442.0,12186.4,12188.4
1748011212888.0,12185.9,12187.9
1748011213113.0,12185.4,12187.4
1748011213856.0,12185.9,12187.9
1748011215480.0,12185.4,12187.4
1748011215705.0,12185.9,12187.9
1748011215930.0,12186.9,12188.9
1748011216425.0,12186.9,12188.9
1748011216647.0,12187.4,12189.4
1748011217012.0,12186.9,12188.9
1748011217235.0,12186.4,12188.4
1748011219237.0,12187.4,12189.4
1748011220071.0,12187.9,12189.9
1748011220297.0,12188.9,12190.9
1748011220634.0,12189.4,12191.4
1748011221144.0,12189.9,12191.9
1748011222813.0,12190.4,12192.4
1748011223321.0,12190.9,12192.9
1748011223546.0,12191.4,12193.4
1748011224356.0,12191.9,12193.9
1748011224580.0,12192.4,12194.4
1748011230849.0,12192.9,12194.9
1748011231074.0,12193.4,12195.4
1748011232045.0,12192.9,12194.9
1748011233047.0,12192.4,12194.4
1748011233267,,
1748011233616.0,12191.9,12193.9
1748011235142.0,12191.4,12193.4
1748011236766.0,12191.9,12193.9
1748011236990.0,12192.4,12194.4
1748011237214.0,12191.9,12193.9
1748011237812.0,12193.4,12195.4
1748011239415.0,12193.9,12195.9
1748011239656.0,12195.4,12197.4
1748011241949.0,12194.9,12196.9
1748011242617.0,12195.4,12197.4
1748011243068.0,12194.4,12196.4
1748011247277.0,12193.9,12195.9
1748011247502.0,12194.4,12196.4
1748011247727.0,12193.9,12195.9
1748011249610.0,12193.4,12195.4
1748011250057.0,12192.9,12194.9
1748011250456.0,12192.4,12194.4
1748011250680.0,12191.9,12193.9
1748011250908.0,12192.4,12194.4
1748011252439.0,12191.9,12193.9
1748011252662.0,12192.4,12194.4
1748011252892.0,12191.9,12193.9
1748011254537.0,12191.4,12193.4
1748011255211.0,12191.9,12193.9
1748011255435.0,12191.4,12193.4
1748011257197.0,12190.9,12192.9
1748011257648.0,12190.4,12192.4
1748011259076.0,12190.9,12192.9
1748011259294,,
1748011261232.0,12191.4,12193.4
1748011264342.0,12192.4,12194.4
1748011264819,,
1748011267478.0,12193.4,12195.4
1748011267838.0,12192.9,12194.9
1748011268945.0,12193.4,12195.4
1748011270574.0,12193.9,12195.9
1748011272991.0,12194.4,12196.4
1748011273922.0,12193.9,12195.9
1748011274745.0,12193.4,12195.4
1748011276790.0,12192.9,12194.9
1748011277239.0,12192.4,12194.4
1748011277462.0,12191.4,12193.4
1748011278746.0,12191.9,12193.9
1748011279898.0,12192.4,12194.4
1748011280614.0,12192.9,12194.9
1748011281065.0,12193.4,12195.4
1748011281319.0,12193.9,12195.9
1748011282233.0,12193.4,12195.4
1748011284915.0,12192.9,12194.9
1748011285141.0,12192.4,12194.4
1748011290164.0,12192.9,12194.9
1748011290387.0,12193.9,12195.9
1748011296321.0,12193.4,12195.4
1748011296549.0,12192.9,12194.9
1748011300238.0,12193.4,12195.4
1748011302262.0,12192.9,12194.9
1748011302485.0,12193.4,12195.4
1748011302927.0,12192.9,12194.9
1748011303153.0,12192.4,12194.4
1748011311765.0,12192.9,12194.9
1748011316283.0,12192.4,12194.4
1748011316510.0,12191.9,12193.9
1748011316894.0,12192.4,12194.4
1748011318299.0,12191.9,12193.9
1748011320280.0,12192.4,12194.4
1748011320504.0,12191.9,12193.9
1748011320849.0,12192.4,12194.4
1748011321300.0,12191.9,12193.9
1748011322105.0,12192.4,12194.4
1748011322548.0,12193.4,12195.4
1748011324120.0,12192.9,12194.9
1748011324342.0,12193.4,12195.4
1748011324971.0,12193.9,12195.9
1748011326635.0,12193.4,12195.4
1748011327635.0,12193.9,12195.9
1748011331228.0,12193.4,12195.4
1748011332525.0,12192.9,12194.9
1748011332750.0,12192.4,12194.4
1748011334007.0,12191.9,12193.9
1748011334234.0,12191.4,12193.4
1748011334456.0,12190.9,12192.9
1748011334718.0,12190.4,12192.4
1748011334942.0,12189.4,12191.4
1748011335278.0,12188.9,12190.9
1748011335789.0,12188.4,12190.4
1748011336392.0,12187.9,12189.9
1748011336617.0,12188.4,12190.4
1748011336841.0,12187.9,12189.9
1748011337067.0,12188.4,12190.4
1748011337307.0,12189.4,12191.4
1748011337851.0,12188.9,12190.9
1748011338075.0,12188.4,12190.4
1748011338903.0,12187.9,12189.9
1748011340342.0,12188.4,12190.4
1748011340790.0,12188.9,12190.9
1748011341620.0,12189.4,12191.4
1748011342068.0,12189.9,12191.9
1748011342293.0,12189.4,12191.4
1748011343684.0,12189.9,12191.9
1748011343911.0,12189.4,12191.4
1748011344717.0,12189.9,12191.9
1748011344941.0,12189.4,12191.4
1748011347472.0,12188.9,12190.9
1748011347996.0,12189.4,12191.4
1748011349566.0,12188.9,12190.9
1748011350192.0,12189.4,12191.4
1748011353504.0,12188.9,12190.9
1748011353730.0,12189.4,12191.4
1748011356244.0,12188.9,12190.9
1748011356468.0,12189.4,12191.4
1748011362811.0,12189.9,12191.9
1748011363035.0,12190.4,12192.4
1748011363946.0,12189.9,12191.9
1748011364170.0,12190.4,12192.4
1748011365489.0,12189.9,12191.9
1748011366244.0,12189.4,12191.4
1748011370254.0,12188.9,12190.9
1748011370705.0,12189.4,12191.4
1748011375272.0,12189.9,12191.9
1748011375487.0,12189.4,12191.4
1748011379737.0,12188.9,12190.9
1748011381526.0,12189.4,12191.4
1748011383282.0,12189.9,12191.9
1748011383506.0,12191.4,12193.4
1748011383729.0,12190.9,12192.9
1748011383973.0,12190.4,12192.4
1748011384422.0,12190.9,12192.9
1748011388361.0,12190.4,12192.4
1748011390341.0,12190.9,12192.9
1748011392066.0,12190.4,12192.4
1748011393062.0,12191.4,12193.4
1748011395051.0,12190.9,12192.9
1748011396245.0,12191.4,12193.4
1748011402174.0,12192.4,12194.4
1748011402688,,
1748011402912.0,12193.9,12195.9
1748011403136.0,12193.4,12195.4
1748011406386.0,12193.9,12195.9
1748011406612.0,12194.4,12196.4
1748011407835.0,12194.9,12196.9
1748011408285.0,12195.4,12197.4
1748011408510.0,12195.9,12197.9
1748011409261.0,12196.4,12198.4
1748011411406.0,12195.4,12197.4
1748011412238.0,12195.9,12197.9
1748011412940.0,12196.4,12198.4
1748011416062.0,12196.9,12198.9
1748011416287.0,12197.9,12199.9
1748011416512.0,12197.4,12199.4
1748011420639.0,12197.9,12199.9
1748011421087.0,12198.4,12200.4
1748011421533.0,12197.9,12199.9
1748011421759.0,12197.4,12199.4
1748011426058.0,12196.4,12198.4
1748011426280.0,12197.4,12199.4
1748011427226.0,12196.9,12198.9
1748011428578.0,12197.4,12199.4
1748011429041.0,12196.9,12198.9
1748011432881.0,12197.4,12199.4
1748011433822.0,12196.4,12198.4
1748011434911.0,12197.4,12199.4
1748011435334.0,12196.9,12198.9
1748011442164.0,12196.4,12198.4
1748011443607.0,12195.9,12197.9
1748011443831,,
1748011444126.0,12196.4,12198.4
1748011445084.0,12195.9,12197.9
1748011448505.0,12196.4,12198.4
1748011449602.0,12195.9,12197.9
1748011451445.0,12196.4,12198.4
1748011455718.0,12195.9,12197.9
1748011455943.0,12194.9,12196.9
1748011457168.0,12195.4,12197.4
1748011458050.0,12194.9,12196.9
1748011458272.0,12194.4,12196.4
1748011458500.0,12194.9,12196.9
1748011460324.0,12195.4,12197.4
1748011460988.0,12194.9,12196.9
1748011461745.0,12195.4,12197.4
1748011462465.0,12194.9,12196.9
1748011465717.0,12195.4,12197.4
1748011469401.0,12194.9,12196.9
1748011470334.0,12195.4,12197.4
1748011479360.0,12194.9,12196.9
1748011479584.0,12192.4,12194.4
1748011479808.0,12192.9,12194.9
1748011480038.0,12192.4,12194.4
1748011480306.0,12192.9,12194.9
1748011483269.0,12193.4,12195.4
1748011483495,,
1748011486429.0,12192.4,12194.4
1748011488971.0,12192.9,12194.9
1748011489194.0,12192.4,12194.4
1748011490240.0,12192.9,12194.9
1748011490463.0,12193.4,12195.4
1748011490689.0,12192.9,12194.9
1748011493604.0,12192.4,12194.4
1748011494683.0,12192.9,12194.9
1748011494908.0,12192.4,12194.4
1748011500897.0,12191.9,12193.9
1748011501123.0,12192.4,12194.4
1748011504798.0,12192.9,12194.9
1748011505023.0,12192.4,12194.4
1748011505677.0,12192.9,12194.9
1748011505905.0,12193.4,12195.4
1748011506883.0,12192.9,12194.9
1748011507105.0,12193.4,12195.4
1748011508609.0,12192.9,12194.9
1748011509203.0,12193.4,12195.4
1748011511866.0,12193.9,12195.9
1748011512533.0,12193.4,12195.4
1748011516509.0,12194.4,12196.4
1748011516745.0,12195.4,12197.4
1748011520109.0,12194.9,12196.9
1748011520333.0,12194.4,12196.4
1748011522316.0,12193.9,12195.9
1748011522541.0,12192.9,12194.9
1748011522771.0,12193.4,12195.4
1748011523221.0,12194.4,12196.4
1748011523829.0,12193.9,12195.9
1748011525026.0,12194.4,12196.4
1748011525852.0,12193.9,12195.9
1748011528980.0,12194.4,12196.4
1748011529887.0,12193.9,12195.9
1748011530739.0,12194.4,12196.4
1748011531187.0,12193.9,12195.9
1748011531410.0,12194.4,12196.4
1748011531940.0,12193.9,12195.9
1748011532390.0,12194.4,12196.4
1748011532636.0,12193.9,12195.9
1748011532860.0,12194.4,12196.4
1748011533087.0,12193.9,12195.9
1748011536630.0,12193.4,12195.4
1748011539612.0,12193.9,12195.9
1748011539835.0,12194.9,12196.9
1748011540671.0,12194.4,12196.4
1748011542109.0,12194.9,12196.9
1748011543797.0,12195.4,12197.4
1748011551194.0,12195.9,12197.9
1748011551427.0,12197.4,12199.4
1748011551940.0,12196.9,12198.9
1748011555842.0,12197.4,12199.4
1748011556078.0,12196.9,12198.9
1748011556641.0,12197.4,12199.4
1748011558874.0,12196.9,12198.9
1748011559103.0,12196.4,12198.4
1748011567986.0,12195.9,12197.9
1748011568211.0,12194.9,12196.9
1748011569326.0,12195.9,12197.9
1748011569549,,
1748011570798.0,12197.4,12199.4
1748011574663.0,12196.9,12198.9
1748011575661.0,12197.4,12199.4
1748011583104.0,12197.9,12199.9
1748011583554.0,12198.4,12200.4
1748011584660.0,12197.9,12199.9
1748011586746.0,12198.4,12200.4
1748011589532.0,12198.9,12200.9
1748011589758.0,12199.4,12201.4
1748011590193.0,12198.9,12200.9
1748011590417.0,12197.4,12199.4
1748011593383.0,12197.9,12199.9
1748011595026.0,12197.4,12199.4
1748011598508.0,12197.9,12199.9
1748011601213.0,12197.4,12199.4
1748011607894.0,12197.9,12199.9
1748011608119.0,12198.9,12200.9
1748011608342.0,12198.4,12200.4
1748011609176.0,12197.9,12199.9
1748011611771.0,12198.4,12200.4
1748011612243.0,12197.9,12199.9
1748011615137.0,12198.4,12200.4
1748011615585.0,12197.9,12199.9
1748011616122.0,12197.4,12199.4
1748011618924.0,12197.9,12199.9
1748011619150.0,12198.4,12200.4
1748011620531.0,12197.9,12199.9
1748011623165.0,12198.4,12200.4
1748011625069.0,12197.9,12199.9
1748011627405.0,12198.4,12200.4
1748011628489.0,12197.9,12199.9
1748011628717.0,12198.4,12200.4
1748011632470.0,12197.9,12199.9
1748011632694.0,12198.4,12200.4
1748011634171.0,12198.9,12200.9
1748011634399,,
1748011635686.0,12199.4,12201.4
1748011636678.0,12200.4,12202.4
1748011638976.0,12200.9,12202.9
1748011639203.0,12200.4,12202.4
1748011639428.0,12201.4,12203.4
1748011639704,,
1748011642133.0,12201.9,12203.9
1748011642340.0,12202.4,12204.4
1748011642860.0,12203.4,12205.4
1748011643086.0,12202.9,12204.9
1748011644393.0,12202.4,12204.4
1748011647028.0,12202.9,12204.9
1748011647254.0,12202.4,12204.4
1748011648134.0,12201.9,12203.9
1748011648359.0,12201.4,12203.4
1748011648665.0,12201.9,12203.9
1748011648884.0,12202.4,12204.4
1748011649745.0,12201.9,12203.9
1748011651240.0,12201.4,12203.4
1748011651880,,
1748011653263.0,12200.9,12202.9
1748011653487.0,12200.4,12202.4
1748011659221.0,12199.9,12201.9
1748011660320.0,12200.4,12202.4
1748011660541,,
1748011661398.0,12199.9,12201.9
1748011661864.0,12199.4,12201.4
1748011666303.0,12198.9,12200.9
1748011666989.0,12199.4,12201.4
1748011668955.0,12198.9,12200.9
1748011669178.0,12199.9,12201.9
1748011669403.0,12200.4,12202.4
1748011672207.0,12199.9,12201.9
1748011672430.0,12200.4,12202.4
1748011674916.0,12199.9,12201.9
1748011675141.0,12200.4,12202.4
1748011675365.0,12199.4,12201.4
1748011676258.0,12199.9,12201.9
1748011676546.0,12200.4,12202.4
1748011676771,,
1748011680316.0,12199.9,12201.9
1748011680559.0,12199.4,12201.4
1748011684204.0,12198.9,12200.9
1748011684425.0,12198.4,12200.4
1748011685358.0,12198.9,12200.9
1748011685583.0,12198.4,12200.4
1748011686173.0,12198.9,12200.9
1748011687189.0,12199.4,12201.4
1748011687414.0,12198.9,12200.9
1748011689612.0,12199.4,12201.4
1748011691154.0,12198.9,12200.9
1748011696274.0,12199.4,12201.4
1748011697155.0,12198.9,12200.9
1748011697379.0,12199.4,12201.4
1748011697604.0,12198.9,12200.9
1748011698177.0,12199.4,12201.4
1748011702069.0,12199.9,12201.9
1748011702292.0,12200.4,12202.4
1748011702611.0,12199.9,12201.9
1748011703573.0,12199.4,12201.4
1748011709854.0,12199.9,12201.9
1748011710079.0,12200.4,12202.4
1748011712532.0,12200.9,12202.9
1748011712756.0,12202.4,12204.4
1748011716554.0,12201.9,12203.9
1748011716773.0,12201.4,12203.4
1748011719105.0,12201.9,12203.9
1748011719331.0,12201.4,12203.4
1748011723378.0,12200.9,12202.9
1748011723826.0,12200.4,12202.4
1748011729961.0,12200.9,12202.9
1748011730186.0,12201.4,12203.4
1748011736186.0,12200.9,12202.9
1748011736959.0,12200.4,12202.4
1748011738203.0,12200.9,12202.9
1748011739260.0,12201.4,12203.4
1748011740405.0,12201.9,12203.9
1748011740631.0,12201.4,12203.4
1748011743561.0,12200.9,12202.9
1748011744023.0,12201.4,12203.4
1748011749657.0,12201.9,12203.9
1748011749882.0,12202.4,12204.4
1748011750920,,
1748011751755.0,12202.9,12204.9
1748011751979.0,12204.4,12206.4
1748011752417.0,12204.9,12206.9
1748011752641.0,12204.4,12206.4
1748011759148.0,12203.9,12205.9
1748011759374.0,12203.4,12205.4
1748011759598.0,12204.4,12206.4
1748011759823.0,12203.9,12205.9
1748011761512.0,12203.4,12205.4
1748011764141.0,12202.9,12204.9
1748011764366.0,12202.4,12204.4
1748011765415.0,12201.9,12203.9
1748011765640.0,12200.4,12202.4
1748011766603.0,12199.9,12201.9
1748011766825.0,12200.4,12202.4
1748011768023,,
1748011768792.0,12199.9,12201.9
1748011769018,,
1748011769599.0,12200.4,12202.4
1748011770434.0,12199.9,12201.9
1748011771644.0,12200.4,12202.4
1748011771865.0,12199.9,12201.9
1748011773126.0,12200.4,12202.4
1748011778180.0,12199.9,12201.9
1748011778695.0,12200.4,12202.4
1748011781689.0,12199.9,12201.9
1748011782420.0,12200.4,12202.4
1748011782645.0,12199.9,12201.9
1748011783652.0,12199.4,12201.4
1748011785478.0,12198.9,12200.9
1748011785934.0,12199.4,12201.4
1748011786358.0,12198.9,12200.9
1748011786807.0,12199.4,12201.4
1748011790716.0,12199.9,12201.9
1748011790942.0,12199.4,12201.4
1748011792623.0,12198.9,12200.9
1748011793076.0,12199.4,12201.4
1748011795208.0,12198.9,12200.9
1748011795962.0,12198.4,12200.4
1748011797176.0,12197.9,12199.9
1748011798131.0,12197.4,12199.4
1748011801777.0,12197.9,12199.9
1748011802005.0,12198.4,12200.4
1748011803485.0,12197.4,12199.4
1748011806762.0,12196.9,12198.9
1748011807632.0,12196.4,12198.4
1748011808603.0,12196.9,12198.9
1748011808828.0,12197.4,12199.4
1748011809159.0,12197.9,12199.9
1748011809384.0,12197.4,12199.4
1748011810357.0,12197.9,12199.9
1748011810581.0,12198.4,12200.4
1748011813677.0,12197.9,12199.9
1748011813904.0,12196.9,12198.9
1748011814125.0,12197.4,12199.4
1748011815574.0,12196.9,12198.9
1748011815811.0,12196.4,12198.4
1748011816518.0,12195.9,12197.9
1748011816971.0,12196.4,12198.4
1748011820557.0,12195.9,12197.9
1748011821232.0,12194.9,12196.9
1748011821704.0,12194.4,12196.4
1748011822157.0,12193.9,12195.9
1748011822379.0,12191.4,12193.4
1748011822717.0,12190.9,12192.9
1748011823215.0,12191.4,12193.4
1748011823739.0,12190.9,12192.9
1748011825171.0,12190.4,12192.4
1748011826472.0,12189.9,12191.9
1748011826697.0,12190.4,12192.4
1748011828780.0,12189.9,12191.9
1748011829005.0,12189.4,12191.4
1748011829229.0,12190.4,12192.4
1748011829858.0,12189.9,12191.9
1748011830082.0,12189.4,12191.4
1748011830917.0,12188.9,12190.9
1748011831690.0,12189.4,12191.4
1748011833784.0,12188.9,12190.9
1748011834008.0,12187.9,12189.9
1748011836977.0,12187.4,12189.4
1748011840993.0,12187.9,12189.9
1748011841214.0,12189.4,12191.4
1748011842784.0,12188.9,12190.9
1748011843009.0,12188.4,12190.4
1748011843659.0,12187.9,12189.9
1748011845079.0,12188.4,12190.4
1748011845291.0,12187.9,12189.9
1748011845516.0,12188.4,12190.4
1748011845741.0,12189.4,12191.4
1748011845965.0,12189.9,12191.9
1748011846414.0,12190.4,12192.4
1748011846962.0,12190.9,12192.9
1748011847186.0,12191.4,12193.4
1748011849836.0,12190.9,12192.9
1748011850058.0,12190.4,12192.4
1748011854022.0,12191.9,12193.9
1748011854964.0,12191.4,12193.4
1748011857066.0,12190.9,12192.9
1748011857739.0,12190.4,12192.4
1748011859897.0,12189.9,12191.9
1748011860127.0,12189.4,12191.4
1748011861839.0,12190.4,12192.4
1748011862133.0,12189.9,12191.9
1748011862580.0,12189.4,12191.4
1748011865186.0,12189.9,12191.9
1748011865409,,
1748011866533.0,12189.4,12191.4
1748011868925.0,12189.9,12191.9
1748011869978.0,12188.4,12190.4
1748011870204.0,12189.4,12191.4
1748011872312.0,12188.9,12190.9
1748011872923.0,12188.4,12190.4
1748011874354.0,12187.9,12189.9
1748011874804.0,12188.4,12190.4
1748011876027.0,12188.9,12190.9
1748011876250.0,12188.4,12190.4
1748011879407.0,12188.9,12190.9
1748011879633.0,12188.4,12190.4
1748011879858.0,12188.9,12190.9
1748011880291.0,12189.4,12191.4
1748011880741.0,12188.9,12190.9
1748011884819.0,12189.4,12191.4
1748011885605.0,12189.9,12191.9
1748011885830.0,12190.4,12192.4
1748011886217,,
1748011886991.0,12189.9,12191.9
1748011887442.0,12189.4,12191.4
1748011888202.0,12189.9,12191.9
1748011890373.0,12190.4,12192.4
1748011890827.0,12190.9,12192.9
1748011892985.0,12190.4,12192.4
1748011893211.0,12190.9,12192.9
1748011893903.0,12190.4,12192.4
1748011895095.0,12189.9,12191.9
1748011895321.0,12189.4,12191.4
1748011895960.0,12188.9,12190.9
1748011896881.0,12189.4,12191.4
1748011897107.0,12189.9,12191.9
1748011898236.0,12190.4,12192.4
1748011898464.0,12190.9,12192.9
1748011899308.0,12190.4,12192.4
1748011901116.0,12189.9,12191.9
1748011902935.0,12190.4,12192.4
1748011904296,,
1748011910195.0,12189.9,12191.9
1748011910419.0,12190.4,12192.4
1748011912130.0,12190.9,12192.9
1748011912354.0,12191.4,12193.4
1748011912684.0,12190.9,12192.9
1748011912910.0,12190.4,12192.4
1748011913294.0,12190.9,12192.9
1748011913518,,
1748011914693.0,12191.4,12193.4
1748011914918.0,12192.4,12194.4
1748011915475.0,12192.9,12194.9
1748011915924.0,12193.9,12195.9
1748011916181.0,12193.4,12195.4
1748011916842.0,12192.9,12194.9
1748011917320.0,12192.4,12194.4
1748011920056.0,12191.9,12193.9
1748011920282.0,12192.4,12194.4
1748011920645.0,12191.9,12193.9
1748011921111.0,12192.4,12194.4
1748011922261.0,12191.9,12193.9
1748011922708.0,12191.4,12193.4
1748011922932.0,12190.4,12192.4
1748011923198.0,12190.9,12192.9
1748011923429.0,12191.4,12193.4
1748011924372.0,12191.9,12193.9
1748011924824.0,12192.4,12194.4
1748011925076.0,12191.9,12193.9
1748011926390.0,12191.4,12193.4
1748011928473.0,12190.9,12192.9
1748011929926.0,12191.4,12193.4
1748011932193.0,12191.9,12193.9
1748011933388.0,12192.4,12194.4
1748011934237.0,12191.9,12193.9
1748011934688.0,12191.4,12193.4
1748011936364.0,12190.9,12192.9
1748011936589.0,12190.4,12192.4
1748011937015.0,12189.9,12191.9
1748011937239,,
1748011938048.0,12190.4,12192.4
1748011938995.0,12190.9,12192.9
1748011939223.0,12191.9,12193.9
1748011940799.0,12192.4,12194.4
1748011941025.0,12192.9,12194.9
1748011941942.0,12192.4,12194.4
1748011942165.0,12191.9,12193.9
1748011943904.0,12191.4,12193.4
1748011944352.0,12190.9,12192.9
1748011946558.0,12190.4,12192.4
1748011947006.0,12190.9,12192.9
1748011947231.0,12191.4,12193.4
1748011947911.0,12190.9,12192.9
1748011951388.0,12191.4,12193.4
1748011952434.0,12191.9,12193.9
1748011954604.0,12191.4,12193.4
1748011955052.0,12190.9,12192.9
1748011959538.0,12191.4,12193.4
1748011959766.0,12190.9,12192.9
1748011963262.0,12190.4,12192.4
1748011965459.0,12190.9,12192.9
1748011965684,,
1748011966926.0,12191.4,12193.4
1748011973043.0,12190.9,12192.9
1748011973727.0,12191.4,12193.4
1748011974466.0,12190.9,12192.9
1748011977132.0,12190.4,12192.4
1748011986577.0,12190.9,12192.9
1748011986804.0,12191.4,12193.4
1748011987622.0,12190.9,12192.9
1748011991969.0,12190.4,12192.4
1748011995457.0,12189.9,12191.9
1748011995680.0,12189.4,12191.4
1748011997008.0,12189.9,12191.9
1748011998509.0,12190.4,12192.4
1748012000033.0,12190.9,12192.9
1748012000258.0,12191.4,12193.4
1748012000483.0,12191.9,12193.9
1748012002707.0,12192.4,12194.4
1748012003672.0,12191.9,12193.9
1748012003896.0,12191.4,12193.4
1748012005105.0,12191.9,12193.9
1748012005875.0,12191.4,12193.4
1748012006105.0,12190.9,12192.9
1748012007287.0,12190.4,12192.4
1748012007512.0,12189.9,12191.9
1748012007877.0,12190.4,12192.4
1748012009706.0,12190.9,12192.9
1748012009932.0,12191.4,12193.4
1748012010331.0,12190.9,12192.9
1748012010883.0,12191.4,12193.4
1748012012918.0,12191.9,12193.9
1748012017795.0,12192.4,12194.4
1748012018259.0,12191.9,12193.9
1748012021150.0,12192.4,12194.4
1748012022194.0,12191.9,12193.9
1748012023189.0,12192.4,12194.4
1748012033897.0,12191.9,12193.9
1748012034121.0,12192.4,12194.4
1748012039303.0,12191.9,12193.9
1748012039524.0,12190.9,12192.9
1748012040098.0,12191.4,12193.4
1748012041752.0,12190.9,12192.9
1748012042203.0,12190.4,12192.4
1748012042428.0,12189.4,12191.4
1748012044665.0,12189.9,12191.9
1748012045606.0,12190.9,12192.9
1748012045831.0,12191.4,12193.4
1748012046283.0,12190.9,12192.9
1748012046863.0,12191.4,12193.4
1748012050092.0,12191.9,12193.9
1748012050552.0,12191.4,12193.4
1748012050768,,
1748012052278.0,12191.9,12193.9
1748012054215.0,12191.4,12193.4
1748012055775.0,12191.9,12193.9
1748012058061.0,12191.4,12193.4
1748012062023.0,12190.9,12192.9
1748012062678.0,12191.4,12193.4
1748012063962.0,12191.9,12193.9
1748012064189.0,12192.4,12194.4
1748012065176.0,12191.9,12193.9
1748012066942.0,12192.4,12194.4
1748012067481.0,12191.9,12193.9
1748012068741.0,12192.4,12194.4
1748012069191.0,12191.9,12193.9
1748012069807.0,12192.4,12194.4
1748012070031.0,12191.9,12193.9
1748012070365.0,12191.4,12193.4
1748012073122.0,12190.9,12192.9
1748012073347.0,12189.9,12191.9
1748012073572.0,12189.4,12191.4
1748012076487.0,12188.9,12190.9
1748012079568.0,12188.4,12190.4
1748012082047.0,12187.9,12189.9
1748012082273.0,12188.4,12190.4
1748012083282.0,12187.9,12189.9
1748012083505.0,12188.4,12190.4
1748012083736.0,12187.9,12189.9
1748012085490.0,12188.4,12190.4
1748012085715.0,12187.9,12189.9
1748012091430.0,12187.4,12189.4
1748012092131.0,12186.9,12188.9
1748012093324.0,12187.4,12189.4
1748012094868.0,12186.9,12188.9
1748012095318.0,12187.4,12189.4
1748012096256.0,12186.9,12188.9
1748012097311,,
1748012098268.0,12187.4,12189.4
1748012099339.0,12187.9,12189.9
1748012099558.0,12188.4,12190.4
1748012100233.0,12188.9,12190.9
1748012100457.0,12189.4,12191.4
1748012101331.0,12188.9,12190.9
1748012101556.0,12189.4,12191.4
1748012102003.0,12189.9,12191.9
1748012104116.0,12190.4,12192.4
1748012104341.0,12189.4,12191.4
1748012104566.0,12189.9,12191.9
1748012105020.0,12190.4,12192.4
1748012105475.0,12189.9,12191.9
1748012106482.0,12190.4,12192.4
1748012106710.0,12191.4,12193.4
1748012106930.0,12190.9,12192.9
1748012107641.0,12190.4,12192.4
1748012107866.0,12190.9,12192.9
1748012108178.0,12191.4,12193.4
1748012108404.0,12191.9,12193.9
1748012109244.0,12190.4,12192.4
1748012109467.0,12190.9,12192.9
1748012110042.0,12190.4,12192.4
1748012111504.0,12191.4,12193.4
1748012111909.0,12190.9,12192.9
1748012112360.0,12190.4,12192.4
1748012113209.0,12190.9,12192.9
1748012114356.0,12190.4,12192.4
1748012116442.0,12189.9,12191.9
1748012118098.0,12190.4,12192.4
1748012118794.0,12191.4,12193.4
1748012119793.0,12190.9,12192.9
1748012123137,,
1748012123351.0,12191.4,12193.4
1748012123916.0,12191.9,12193.9
1748012124634.0,12191.4,12193.4
1748012125398.0,12190.9,12192.9
1748012126507.0,12191.4,12193.4
1748012126998.0,12191.9,12193.9
1748012127231.0,12192.4,12194.4
1748012127529.0,12191.9,12193.9
1748012127987.0,12191.4,12193.4
1748012128795.0,12191.9,12193.9
1748012135493.0,12192.4,12194.4
1748012138357.0,12191.9,12193.9
1748012138582.0,12191.4,12193.4
1748012141697.0,12191.9,12193.9
1748012141920.0,12191.4,12193.4
1748012143729.0,12190.9,12192.9
1748012144181.0,12191.4,12193.4
1748012144955.0,12190.9,12192.9
1748012145781.0,12191.4,12193.4
1748012146346.0,12190.9,12192.9
1748012148557.0,12190.4,12192.4
1748012154891.0,12190.9,12192.9
1748012155114.0,12190.4,12192.4
1748012157415.0,12190.9,12192.9
1748012157863.0,12191.4,12193.4
1748012158674.0,12191.9,12193.9
1748012159124.0,12191.4,12193.4
1748012162517.0,12190.9,12192.9
1748012162968.0,12190.4,12192.4
1748012163191.0,12189.9,12191.9
1748012163630.0,12190.4,12192.4
1748012164080.0,12190.9,12192.9
1748012164307.0,12191.4,12193.4
1748012166873.0,12190.9,12192.9
1748012167098.0,12190.4,12192.4
1748012169165.0,12190.9,12192.9
1748012169386.0,12192.4,12194.4
1748012171355.0,12192.9,12194.9
1748012171580.0,12193.4,12195.4
1748012172456.0,12193.9,12195.9
1748012172682.0,12194.4,12196.4
1748012173811.0,12193.9,12195.9
1748012174047.0,12193.4,12195.4
1748012175509.0,12193.9,12195.9
1748012175731.0,12194.4,12196.4
1748012176657.0,12193.9,12195.9
1748012177405.0,12193.4,12195.4
1748012178229.0,12192.9,12194.9
1748012179435.0,12193.4,12195.4
1748012182175.0,12192.9,12194.9
1748012183284.0,12193.4,12195.4
1748012184011.0,12192.9,12194.9
1748012184463.0,12192.4,12194.4
1748012184860,,
1748012187507.0,12191.4,12193.4
1748012194770.0,12191.9,12193.9
1748012195757.0,12191.4,12193.4
1748012195982,,
1748012197636.0,12190.9,12192.9
1748012198443.0,12191.4,12193.4
1748012203475.0,12190.9,12192.9
1748012203694.0,12190.4,12192.4
1748012205507.0,12189.9,12191.9
1748012207558.0,12190.4,12192.4
1748012207792,,
1748012208511.0,12190.9,12192.9
1748012209254.0,12191.4,12193.4
1748012215111.0,12191.9,12193.9
1748012215335.0,12192.4,12194.4
1748012220274.0,12191.9,12193.9
1748012221222,,
1748012221465.0,12191.4,12193.4
1748012224296,,
1748012229374.0,12191.9,12193.9
1748012230194.0,12192.9,12194.9
1748012230802.0,12193.4,12195.4
1748012232979.0,12193.9,12195.9
1748012233201.0,12193.4,12195.4
1748012233427.0,12192.4,12194.4
1748012236133.0,12192.9,12194.9
1748012236359.0,12193.4,12195.4
1748012244058.0,12193.9,12195.9
1748012244285.0,12194.4,12196.4
1748012248193.0,12194.9,12196.9
1748012248992.0,12195.4,12197.4
1748012250226.0,12194.9,12196.9
1748012250453.0,12194.4,12196.4
1748012251848.0,12194.9,12196.9
1748012252298.0,12194.4,12196.4
1748012261316.0,12194.9,12196.9
1748012261542.0,12194.4,12196.4
1748012262167,,
1748012265283.0,12193.9,12195.9
1748012265508.0,12192.9,12194.9
1748012266415.0,12192.4,12194.4
1748012268604.0,12192.9,12194.9
1748012269075.0,12192.4,12194.4
1748012270757.0,12192.9,12194.9
1748012270983.0,12193.9,12195.9
1748012271208.0,12193.4,12195.4
1748012281590.0,12192.9,12194.9
1748012281815.0,12192.4,12194.4
1748012282038.0,12191.9,12193.9
1748012282262.0,12192.4,12194.4
1748012285876.0,12192.9,12194.9
1748012286325.0,12193.4,12195.4
1748012286685.0,12193.9,12195.9
1748012286910.0,12194.4,12196.4
1748012287305.0,12193.9,12195.9
1748012287525.0,12194.4,12196.4
1748012288742.0,12193.9,12195.9
1748012288966.0,12193.4,12195.4
1748012294912.0,12192.9,12194.9
1748012295362.0,12192.4,12194.4
1748012295586.0,12191.9,12193.9
1748012296177.0,12192.4,12194.4
1748012296871.0,12191.9,12193.9
1748012298064.0,12191.4,12193.4
1748012303570.0,12191.9,12193.9
1748012303794.0,12191.4,12193.4
1748012304020.0,12191.9,12193.9
1748012304246.0,12192.4,12194.4
1748012310104.0,12192.9,12194.9
1748012310648.0,12193.4,12195.4
1748012311181.0,12192.9,12194.9
1748012312478.0,12193.4,12195.4
1748012315004.0,12192.9,12194.9
1748012316938.0,12192.4,12194.4
1748012317917.0,12191.9,12193.9
1748012318913.0,12192.4,12194.4
1748012320180.0,12191.9,12193.9
1748012321913.0,12192.4,12194.4
1748012329307.0,12191.4,12193.4
1748012332460.0,12191.4,12193.4
1748012334709,,
1748012335926,,
1748012336341.0,12190.9,12192.9
1748012336550,,
1748012337094.0,12191.4,12193.4
1748012337318.0,12190.4,12192.4
1748012338250.0,12189.9,12191.9
1748012340359.0,12189.4,12191.4
1748012341065.0,12189.9,12191.9
1748012341289.0,12190.4,12192.4
1748012343036.0,12190.9,12192.9
1748012343258,,
1748012343626.0,12190.4,12192.4
1748012344284.0,12190.9,12192.9
1748012344509.0,12191.4,12193.4
1748012344753.0,12191.9,12193.9
1748012344978,,
1748012345448.0,12191.4,12193.4
1748012349353.0,12191.9,12193.9
1748012349576.0,12192.4,12194.4
1748012350063.0,12191.9,12193.9
1748012350659.0,12192.4,12194.4
1748012350885.0,12191.9,12193.9
1748012353518.0,12191.4,12193.4
1748012355825.0,12190.9,12192.9
1748012356051.0,12191.4,12193.4
1748012356319.0,12190.9,12192.9
1748012356766.0,12191.4,12193.4
1748012356992.0,12190.9,12192.9
1748012357422.0,12191.4,12193.4
1748012358399,,
1748012360875.0,12190.9,12192.9
1748012362289.0,12189.9,12191.9
1748012362514.0,12190.4,12192.4
1748012363161.0,12189.9,12191.9
1748012363385.0,12189.4,12191.4
1748012369698,,
1748012371586.0,12188.9,12190.9
1748012372302.0,12189.4,12191.4
1748012372966.0,12188.9,12190.9
1748012373533.0,12189.4,12191.4
1748012375605.0,12188.9,12190.9
1748012376844.0,12189.4,12191.4
1748012379320.0,12189.9,12191.9
1748012379542.0,12189.4,12191.4
1748012381169.0,12189.9,12191.9
1748012381393.0,12190.4,12192.4
1748012382117.0,12189.9,12191.9
1748012384162.0,12190.4,12192.4
1748012386389.0,12189.9,12191.9
1748012387558.0,12189.4,12191.4
1748012396205.0,12188.9,12190.9
1748012396653.0,12189.4,12191.4
1748012398709.0,12189.9,12191.9
1748012400025.0,12190.4,12192.4
1748012400243.0,12192.4,12194.4
1748012400679.0,12191.9,12193.9
1748012401210.0,12192.4,12194.4
1748012401434.0,12192.9,12194.9
1748012401788.0,12192.4,12194.4
1748012402017.0,12191.9,12193.9
1748012402688.0,12192.4,12194.4
1748012402914.0,12192.9,12194.9
1748012403141.0,12195.4,12197.4
1748012403364.0,12196.4,12198.4
1748012403588.0,12194.4,12196.4
1748012403815.0,12194.9,12196.9
1748012404046.0,12194.4,12196.4
1748012404263,,
1748012404822.0,12193.4,12195.4
1748012405045.0,12193.9,12195.9
1748012405269.0,12194.9,12196.9
1748012405495.0,12194.4,12196.4
1748012405992.0,12193.9,12195.9
1748012406513.0,12194.4,12196.4
1748012406741.0,12193.9,12195.9
1748012407670.0,12194.4,12196.4
1748012407894.0,12193.9,12195.9
1748012410736.0,12192.9,12194.9
1748012410967.0,12191.9,12193.9
1748012412636.0,12191.4,12193.4
1748012412860.0,12191.9,12193.9
1748012413084.0,12192.9,12194.9
1748012413980.0,12192.4,12194.4
1748012415016.0,12192.9,12194.9
1748012415240.0,12192.4,12194.4
1748012415694.0,12191.9,12193.9
1748012416934,,
1748012417292.0,12191.4,12193.4
1748012417744.0,12187.9,12189.9
1748012417966.0,12188.4,12190.4
1748012418196.0,12188.9,12190.9
1748012418641.0,12188.4,12190.4
1748012419095.0,12187.4,12189.4
1748012419317.0,12187.9,12189.9
1748012419809.0,12188.4,12190.4
1748012420035.0,12188.9,12190.9
1748012420403.0,12188.4,12190.4
1748012420849.0,12188.9,12190.9
1748012421364.0,12188.4,12190.4
1748012422006.0,12188.9,12190.9
1748012422229,,
1748012422680.0,12189.9,12191.9
1748012422906.0,12190.4,12192.4
1748012423888.0,12189.9,12191.9
1748012430521.0,12190.4,12192.4
1748012430745.0,12189.9,12191.9
1748012431589.0,12190.9,12192.9
1748012431814.0,12191.9,12193.9
1748012432493.0,12191.4,12193.4
1748012433150.0,12191.9,12193.9
1748012434176.0,12192.4,12194.4
1748012434403.0,12192.9,12194.9
1748012435238.0,12193.4,12195.4
1748012436097.0,12192.9,12194.9
1748012436771.0,12192.4,12194.4
1748012436987.0,12191.9,12193.9
1748012437212.0,12191.4,12193.4
1748012437438.0,12191.9,12193.9
1748012437717.0,12191.4,12193.4
1748012437945.0,12190.9,12192.9
1748012438279.0,12191.4,12193.4
1748012438509.0,12191.9,12193.9
1748012439788.0,12191.4,12193.4
1748012440013.0,12191.9,12193.9
1748012443977.0,12191.9,12193.9
1748012444205.0,12192.9,12194.9
1748012445289.0,12192.4,12194.4
1748012445805.0,12192.9,12194.9
1748012446503.0,12192.4,12194.4
1748012446726.0,12192.9,12194.9
1748012448427.0,12192.4,12194.4
1748012448876.0,12191.9,12193.9
1748012460549.0,12192.4,12194.4
1748012460767.0,12191.9,12193.9
1748012461884.0,12192.4,12194.4
1748012462333.0,12192.9,12194.9
1748012462557.0,12193.4,12195.4
1748012463220.0,12193.9,12195.9
1748012463939.0,12193.4,12195.4
1748012464164.0,12192.4,12194.4
1748012464389.0,12191.9,12193.9
1748012465382.0,12192.4,12194.4
1748012465962.0,12191.9,12193.9
1748012467245.0,12190.9,12192.9
1748012467815.0,12191.4,12193.4
1748012468536.0,12190.9,12192.9
1748012470305.0,12189.9,12191.9
1748012471966,,
1748012481105.0,12189.4,12191.4
1748012481328.0,12188.4,12190.4
1748012483108.0,12188.9,12190.9
1748012483333.0,12188.4,12190.4
1748012484286.0,12188.9,12190.9
1748012486655.0,12188.4,12190.4
1748012487131.0,12187.4,12189.4
1748012487582.0,12187.9,12189.9
1748012488585.0,12188.4,12190.4
1748012491145.0,12188.9,12190.9
1748012492191.0,12188.4,12190.4
1748012492886.0,12188.9,12190.9
1748012494374.0,12188.4,12190.4
1748012496012.0,12188.9,12190.9
1748012496235,,
1748012497167.0,12189.4,12191.4
1748012497390.0,12189.9,12191.9
1748012498173.0,12189.4,12191.4
1748012499545.0,12189.9,12191.9
1748012499769.0,12189.4,12191.4
1748012500964.0,12189.9,12191.9
1748012501190.0,12189.4,12191.4
1748012501415.0,12189.9,12191.9
1748012501639.0,12189.4,12191.4
1748012502253.0,12188.9,12190.9
1748012503040,,
1748012504153.0,12188.4,12190.4
1748012504377.0,12187.9,12189.9
1748012507240.0,12188.4,12190.4
1748012507698.0,12187.9,12189.9
1748012512603.0,12188.4,12190.4
1748012512825.0,12187.9,12189.9
1748012513193.0,12188.4,12190.4
1748012514401.0,12187.9,12189.9
1748012514641,,
1748012520148,,
1748012522617.0,12188.4,12190.4
1748012523136.0,12187.9,12189.9
1748012524035.0,12188.4,12190.4
1748012524259.0,12187.9,12189.9
1748012526319.0,12187.4,12189.4
1748012527029.0,12185.9,12187.9
1748012527887.0,12184.9,12186.9
1748012528353.0,12184.4,12186.4
1748012528563.0,12183.9,12185.9
1748012530773.0,12184.4,12186.4
1748012530997.0,12183.9,12185.9
1748012531220.0,12184.9,12186.9
1748012531447.0,12185.9,12187.9
1748012536833.0,12185.4,12187.4
1748012537049.0,12184.9,12186.9
