1748008705872.0,8685.7,8686.7
1748008706454.0,8685.9,8686.9
1748008706775.0,8686.4,8687.4
1748008711248,,
1748008714160,,
1748008716016.0,8685.4,8686.4
1748008722649.0,8685.9,8686.9
1748008723732,,
1748008724274.0,8685.7,8686.7
1748008725121.0,8685.9,8686.9
1748008727336.0,8685.7,8686.7
1748008728110.0,8685.9,8686.9
1748008733381.0,8686.2,8687.2
1748008733533.0,8686.4,8687.4
1748008734697,,
1748008737108.0,8686.7,8687.7
1748008737256.0,8686.4,8687.4
1748008737406,,
1748008740744.0,8685.9,8686.9
1748008741992.0,8684.9,8685.9
1748008742187.0,8684.4,8685.4
1748008743625.0,8684.7,8685.7
1748008743775.0,8684.4,8685.4
1748008744996.0,8684.7,8685.7
1748008745619.0,8684.4,8685.4
1748008746106.0,8684.2,8685.2
1748008746407.0,8684.4,8685.4
1748008751797.0,8684.4,8685.4
1748008755492.0,8685.7,8686.7
1748008755726.0,8685.4,8686.4
1748008758183.0,8685.4,8686.4
1748008759494.0,8685.7,8686.7
1748008760404.0,8686.2,8687.2
1748008761354.0,8685.7,8686.7
1748008761644.0,8685.7,8686.7
1748008761793.0,8685.9,8686.9
1748008762191.0,8685.9,8686.9
1748008766440.0,8686.2,8687.2
1748008766590.0,8685.9,8686.9
1748008769359.0,8685.4,8686.4
1748008769660.0,8685.4,8686.4
1748008770497,,
1748008770723,,
1748008774161.0,8685.2,8686.2
1748008774309.0,8684.9,8685.9
1748008782354.0,8685.4,8686.4
1748008782675,,
1748008782922.0,8685.2,8686.2
1748008785952.0,8685.4,8686.4
1748008788571.0,8686.2,8687.2
1748008789474.0,8685.7,8686.7
1748008789623.0,8685.9,8686.9
1748008790423.0,8685.7,8686.7
1748008792187.0,8685.4,8686.4
1748008793426.0,8685.7,8686.7
1748008793574.0,8686.7,8687.7
1748008795170.0,8686.4,8687.4
1748008795327.0,8686.9,8687.9
1748008795470.0,8687.4,8688.4
1748008796470.0,8687.2,8688.2
1748008796620.0,8687.4,8688.4
1748008797657.0,8687.2,8688.2
1748008798164.0,8687.4,8688.4
1748008798955.0,8687.7,8688.7
1748008799404.0,8688.4,8689.4
1748008800195.0,8689.6,8690.6
1748008800518.0,8690.1,8691.1
1748008800670.0,8689.9,8690.9
1748008800968.0,8689.1,8690.1
1748008801332.0,8688.6,8689.6
1748008801975.0,8689.1,8690.1
1748008802876.0,8690.1,8691.1
1748008803212,,
1748008803946.0,8691.6,8692.6
1748008805268.0,8691.6,8692.6
1748008810009.0,8692.1,8693.1
1748008811464.0,8692.6,8693.6
1748008811615.0,8692.1,8693.1
1748008811771.0,8691.6,8692.6
1748008812246.0,8691.6,8692.6
1748008813540.0,8692.1,8693.1
1748008814753.0,8692.6,8693.6
1748008815231.0,8692.9,8693.9
1748008815531.0,8693.1,8694.1
1748008816253,,
1748008816406.0,8692.6,8693.6
1748008818810.0,8692.9,8693.9
1748008819106,,
1748008819438.0,8692.4,8693.4
1748008820294,,
1748008821306.0,8692.1,8693.1
1748008821480.0,8691.9,8692.9
1748008822279.0,8692.1,8693.1
1748008822606.0,8692.9,8693.9
1748008822756.0,8693.6,8694.6
1748008823705.0,8693.9,8694.9
1748008824007.0,8693.6,8694.6
1748008824157.0,8693.9,8694.9
1748008824453.0,8695.1,8696.1
1748008824972.0,8695.4,8696.4
1748008825286,,
1748008825422.0,8694.9,8695.9
1748008826143.0,8695.1,8696.1
1748008826597.0,8694.6,8695.6
1748008828398.0,8694.4,8695.4
1748008828693,,
1748008830236.0,8694.9,8695.9
1748008830385.0,8695.4,8696.4
1748008830533,,
1748008830834.0,8695.9,8696.9
1748008831065.0,8695.6,8696.6
1748008831364.0,8696.1,8697.1
1748008833005.0,8696.1,8697.1
1748008833153.0,8696.6,8697.6
1748008833978.0,8696.4,8697.4
1748008834278.0,8696.1,8697.1
1748008837033.0,8695.9,8696.9
1748008837186.0,8696.1,8697.1
1748008837518.0,8695.6,8696.6
1748008837998,,
1748008838282.0,8695.9,8696.9
1748008838812.0,8696.1,8697.1
1748008839124.0,8696.1,8697.1
1748008839657.0,8695.6,8696.6
1748008842560.0,8696.1,8697.1
1748008843878.0,8695.9,8696.9
1748008844027.0,8695.6,8696.6
1748008844232.0,8696.1,8697.1
1748008845326.0,8695.6,8696.6
1748008846072.0,8695.1,8696.1
1748008846817.0,8694.9,8695.9
1748008846966.0,8695.1,8696.1
1748008847723,,
1748008848042.0,8694.6,8695.6
1748008848743.0,8694.1,8695.1
1748008849876.0,8693.6,8694.6
1748008850269.0,8693.9,8694.9
1748008850870.0,8693.1,8694.1
1748008854704.0,8693.6,8694.6
1748008854853.0,8694.1,8695.1
1748008856961.0,8693.6,8694.6
1748008857274.0,8693.4,8694.4
1748008857575.0,8693.1,8694.1
1748008858358.0,8693.6,8694.6
1748008859323.0,8693.1,8694.1
1748008859613.0,8693.6,8694.6
1748008859961.0,8693.1,8694.1
1748008861517.0,8692.6,8693.6
1748008862290.0,8693.1,8694.1
1748008863910.0,8693.4,8694.4
1748008864057.0,8693.6,8694.6
1748008864855.0,8692.6,8693.6
1748008864999,,
1748008865158.0,8692.1,8693.1
1748008865305,,
1748008865575.0,8691.6,8692.6
1748008866805.0,8691.9,8692.9
1748008866950.0,8691.6,8692.6
1748008867264.0,8691.1,8692.1
1748008867820.0,8691.6,8692.6
1748008867962.0,8692.1,8693.1
1748008868842.0,8691.9,8692.9
1748008868994.0,8691.6,8692.6
1748008869613.0,8692.1,8693.1
1748008870249.0,8692.4,8693.4
1748008870549.0,8692.1,8693.1
1748008871604,,
1748008871755.0,8692.6,8693.6
1748008873126.0,8693.1,8694.1
1748008873276.0,8693.6,8694.6
1748008874019.0,8693.9,8694.9
1748008874167.0,8694.1,8695.1
1748008874467.0,8694.4,8695.4
1748008874617.0,8694.6,8695.6
1748008875035.0,8695.1,8696.1
1748008875272.0,8695.4,8696.4
1748008875421.0,8696.1,8697.1
1748008876652.0,8696.6,8697.6
1748008877841,,
1748008878236.0,8696.1,8697.1
1748008878448.0,8695.6,8696.6
1748008878738.0,8695.9,8696.9
1748008879067,,
1748008880548.0,8696.4,8697.4
1748008880697.0,8696.9,8697.9
1748008881432.0,8696.6,8697.6
1748008881572,,
1748008884768.0,8697.1,8698.1
1748008885139.0,8696.6,8697.6
1748008885285.0,8697.1,8698.1
1748008886793.0,8697.6,8698.6
1748008886942.0,8697.9,8698.9
1748008887094.0,8697.6,8698.6
1748008887995.0,8697.9,8698.9
1748008888143.0,8698.1,8699.1
1748008888291,,
1748008888445.0,8698.6,8699.6
1748008888866.0,8698.4,8699.4
1748008889014,,
1748008889205.0,8698.6,8699.6
1748008889950.0,8698.6,8699.6
1748008890382.0,8698.4,8699.4
1748008890571.0,8698.6,8699.6
1748008890869.0,8698.4,8699.4
1748008891689.0,8698.1,8699.1
1748008892571,,
1748008893160.0,8698.4,8699.4
1748008893309.0,8698.1,8699.1
1748008893566.0,8697.9,8698.9
1748008894777.0,8697.4,8698.4
1748008895248.0,8696.6,8697.6
1748008895398.0,8696.1,8697.1
1748008895721.0,8695.6,8696.6
1748008896517.0,8696.1,8697.1
1748008896667.0,8696.6,8697.6
1748008900234.0,8696.9,8697.9
1748008901104.0,8696.6,8697.6
1748008901404.0,8696.9,8697.9
1748008901704.0,8696.6,8697.6
1748008902233.0,8696.9,8697.9
1748008902531.0,8697.1,8698.1
1748008904789.0,8697.4,8698.4
1748008905337,,
1748008905762.0,8696.9,8697.9
1748008906062.0,8696.1,8697.1
1748008906356.0,8695.9,8696.9
1748008906505.0,8696.1,8697.1
1748008907659.0,8695.6,8696.6
1748008907958.0,8695.6,8696.6
1748008908170.0,8695.1,8696.1
1748008909240.0,8695.6,8696.6
1748008910027.0,8695.1,8696.1
1748008910324.0,8695.6,8696.6
1748008911405.0,8696.1,8697.1
1748008912249.0,8695.6,8696.6
1748008912399,,
1748008913514.0,8696.1,8697.1
1748008913665,,
1748008914567.0,8696.6,8697.6
1748008914917.0,8696.6,8697.6
1748008915385.0,8696.4,8697.4
1748008915686.0,8696.6,8697.6
1748008916004.0,8696.9,8697.9
1748008916154.0,8697.1,8698.1
1748008917089.0,8696.6,8697.6
1748008920422.0,8696.1,8697.1
1748008921780.0,8696.6,8697.6
1748008922311,,
1748008922757.0,8696.9,8697.9
1748008923057.0,8696.9,8697.9
1748008923263.0,8697.1,8698.1
1748008923866.0,8697.6,8698.6
1748008924736.0,8698.1,8699.1
1748008925026.0,8698.1,8699.1
1748008925276.0,8698.6,8699.6
1748008925427.0,8698.9,8699.9
1748008925575.0,8698.6,8699.6
1748008928963.0,8698.9,8699.9
1748008930370.0,8699.1,8700.1
1748008930516.0,8698.9,8699.9
1748008931026.0,8699.1,8700.1
1748008931383.0,8699.4,8700.4
1748008931531,,
1748008931683.0,8699.1,8700.1
1748008932292.0,8698.6,8699.6
1748008932605.0,8698.1,8699.1
1748008932752.0,8697.9,8698.9
1748008932904.0,8697.6,8698.6
1748008934479,,
1748008938791.0,8697.9,8698.9
1748008940711.0,8698.1,8699.1
1748008940859.0,8698.4,8699.4
1748008941429.0,8698.6,8699.6
1748008941727.0,8698.1,8699.1
1748008941878.0,8697.6,8698.6
1748008942676,,
1748008943493.0,8698.4,8699.4
1748008943641.0,8698.6,8699.6
1748008945423.0,8698.1,8699.1
1748008945725.0,8697.1,8698.1
1748008947006.0,8697.4,8698.4
1748008947299.0,8698.4,8699.4
1748008947866.0,8697.9,8698.9
1748008948017.0,8698.1,8699.1
1748008949386.0,8697.6,8698.6
1748008950419.0,8698.1,8699.1
1748008950729.0,8697.6,8698.6
1748008951030.0,8698.1,8699.1
1748008951941.0,8697.9,8698.9
1748008952276.0,8698.1,8699.1
1748008952424.0,8697.9,8698.9
1748008952654.0,8698.1,8699.1
1748008953146.0,8697.9,8698.9
1748008953568.0,8697.6,8698.6
1748008954892.0,8697.4,8698.4
1748008955193.0,8697.1,8698.1
1748008955989.0,8696.9,8697.9
1748008957361.0,8697.1,8698.1
1748008958253.0,8696.9,8697.9
1748008959238.0,8697.1,8698.1
1748008959388,,
1748008960531.0,8696.9,8697.9
1748008960832.0,8697.1,8698.1
1748008964704.0,8697.6,8698.6
1748008965588.0,8698.1,8699.1
1748008965739.0,8697.6,8698.6
1748008966163.0,8697.4,8698.4
1748008966456.0,8697.6,8698.6
1748008966881.0,8697.4,8698.4
1748008968302.0,8697.1,8698.1
1748008969078,,
1748008971175.0,8697.1,8698.1
1748008974106.0,8698.6,8699.6
1748008974372,,
1748008975259.0,8698.9,8699.9
1748008976417.0,8698.4,8699.4
1748008976564,,
1748008976717.0,8698.1,8699.1
1748008977134.0,8697.9,8698.9
1748008978411.0,8697.4,8698.4
1748008978562.0,8697.1,8698.1
1748008979088.0,8696.9,8697.9
1748008979779.0,8697.1,8698.1
1748008979929,,
1748008980242.0,8697.6,8698.6
1748008980393.0,8697.1,8698.1
1748008980552.0,8697.4,8698.4
1748008981053.0,8697.4,8698.4
1748008981362,,
1748008982688.0,8696.6,8697.6
1748008982839.0,8696.9,8697.9
1748008983140.0,8697.4,8698.4
1748008983291.0,8697.1,8698.1
1748008984493.0,8697.4,8698.4
1748008984642.0,8697.6,8698.6
1748008984793.0,8697.1,8698.1
1748008984948.0,8697.6,8698.6
1748008985478.0,8697.1,8698.1
1748008986053.0,8696.9,8697.9
1748008986208.0,8697.1,8698.1
1748008986490.0,8696.9,8697.9
1748008986804.0,8697.1,8698.1
1748008987104.0,8697.6,8698.6
1748008991145.0,8697.9,8698.9
1748008992452.0,8698.1,8699.1
1748008992603,,
1748008993156.0,8697.9,8698.9
1748008993791.0,8698.1,8699.1
1748008993942,,
1748008994238,,
1748008995585.0,8698.1,8699.1
1748008995735.0,8697.9,8698.9
1748008996506.0,8698.1,8699.1
1748008996652,,
1748008997573.0,8697.9,8698.9
1748008998851.0,8698.9,8699.9
1748009000287.0,8699.4,8700.4
1748009000556.0,8699.1,8700.1
1748009000867.0,8699.4,8700.4
1748009002270.0,8700.4,8701.4
1748009002420.0,8700.1,8701.1
1748009003404.0,8699.9,8700.9
1748009003551.0,8700.1,8701.1
1748009003704.0,8699.9,8700.9
1748009004000.0,8700.1,8701.1
1748009005650.0,8699.9,8700.9
1748009006485.0,8699.1,8700.1
1748009007269.0,8698.9,8699.9
1748009007418.0,8699.1,8700.1
1748009009374,,
1748009012124.0,8699.4,8700.4
1748009013598.0,8699.1,8700.1
1748009013746,,
1748009014287.0,8699.4,8700.4
1748009014892.0,8699.1,8700.1
1748009015440.0,8698.9,8699.9
1748009017383,,
1748009018004.0,8699.1,8700.1
1748009018149,,
1748009018409.0,8698.9,8699.9
1748009018885.0,8698.6,8699.6
1748009019548.0,8698.9,8699.9
1748009020654.0,8698.4,8699.4
1748009020807.0,8698.1,8699.1
1748009022064.0,8698.4,8699.4
1748009022987.0,8699.1,8700.1
1748009023287.0,8698.1,8699.1
1748009024105.0,8698.4,8699.4
1748009024405.0,8698.9,8699.9
1748009024681.0,8698.6,8699.6
1748009025172.0,8698.4,8699.4
1748009025324.0,8698.6,8699.6
1748009026017,,
1748009028109.0,8697.6,8698.6
1748009028607.0,8697.4,8698.4
1748009028753.0,8697.6,8698.6
1748009028904.0,8698.1,8699.1
1748009029550.0,8698.4,8699.4
1748009029707.0,8698.6,8699.6
1748009030648.0,8698.9,8699.9
1748009030945.0,8699.1,8700.1
1748009031936.0,8699.4,8700.4
1748009032185.0,8699.6,8700.6
1748009032480.0,8700.1,8701.1
1748009032629.0,8699.9,8700.9
1748009032778.0,8700.1,8701.1
1748009033078,,
1748009033380.0,8699.4,8700.4
1748009033530.0,8699.6,8700.6
1748009036506.0,8699.6,8700.6
1748009036657.0,8699.4,8700.4
1748009037122.0,8698.6,8699.6
1748009040444.0,8698.1,8699.1
1748009041028.0,8698.4,8699.4
1748009041178.0,8698.6,8699.6
1748009041883.0,8698.9,8699.9
1748009042345,,
1748009043737.0,8700.1,8701.1
1748009043887.0,8699.6,8700.6
1748009044039.0,8699.4,8700.4
1748009044724.0,8698.9,8699.9
1748009045024.0,8699.4,8700.4
1748009045174.0,8699.1,8700.1
1748009045757.0,8699.4,8700.4
1748009046777.0,8699.6,8700.6
1748009047417.0,8699.9,8700.9
1748009047716.0,8699.6,8700.6
1748009048466.0,8699.6,8700.6
1748009048963.0,8699.9,8700.9
1748009049265.0,8701.1,8702.1
1748009049412.0,8700.9,8701.9
1748009050156.0,8701.4,8702.4
1748009050457.0,8701.1,8702.1
1748009052873.0,8700.6,8701.6
1748009053439.0,8700.1,8701.1
1748009053742.0,8700.4,8701.4
1748009053889.0,8700.1,8701.1
1748009055405.0,8700.6,8701.6
1748009055942.0,8700.6,8701.6
1748009057404.0,8700.1,8701.1
1748009057811,,
1748009058374.0,8699.6,8700.6
1748009058524.0,8699.4,8700.4
1748009059435.0,8699.6,8700.6
1748009059584,,
1748009060363.0,8699.4,8700.4
1748009060666.0,8699.1,8700.1
1748009061221.0,8699.4,8700.4
1748009061520.0,8699.1,8700.1
1748009062867.0,8699.4,8700.4
1748009064126.0,8699.6,8700.6
1748009064427.0,8700.1,8701.1
1748009064727.0,8700.4,8701.4
1748009065141.0,8699.6,8700.6
1748009065291.0,8699.1,8700.1
1748009066427.0,8699.6,8700.6
1748009066725.0,8699.1,8700.1
1748009068353.0,8698.9,8699.9
1748009070248.0,8699.1,8700.1
1748009071069.0,8698.9,8699.9
1748009071216.0,8699.1,8700.1
1748009072147.0,8702.4,8703.4
1748009072300.0,8701.6,8702.6
1748009072613.0,8700.1,8701.1
1748009072816.0,8700.4,8701.4
1748009073116.0,8700.6,8701.6
1748009073266.0,8700.1,8701.1
1748009073706.0,8699.6,8700.6
1748009074446.0,8701.1,8702.1
1748009074811.0,8701.1,8702.1
1748009075110.0,8701.4,8702.4
1748009075262.0,8701.6,8702.6
1748009075586.0,8702.1,8703.1
1748009075886,,
1748009076036.0,8702.6,8703.6
1748009076336.0,8701.9,8702.9
1748009076487.0,8701.6,8702.6
1748009077367.0,8701.4,8702.4
1748009077737,,
1748009078028.0,8700.9,8701.9
1748009078465.0,8700.6,8701.6
1748009079324.0,8700.4,8701.4
1748009080048.0,8699.6,8700.6
1748009080258.0,8699.9,8700.9
1748009081208.0,8700.6,8701.6
1748009081997.0,8700.9,8701.9
1748009082299.0,8701.1,8702.1
1748009082450.0,8700.6,8701.6
1748009083883.0,8700.4,8701.4
1748009087283.0,8699.9,8700.9
1748009087433.0,8699.6,8700.6
1748009088287.0,8699.4,8700.4
1748009088930.0,8700.1,8701.1
1748009089080.0,8699.6,8700.6
1748009089230.0,8700.1,8701.1
1748009089765.0,8700.4,8701.4
1748009090474.0,8700.1,8701.1
1748009090767,,
1748009092564.0,8699.9,8700.9
1748009093479.0,8700.1,8701.1
1748009093628.0,8699.6,8700.6
1748009093929.0,8699.6,8700.6
1748009094661.0,8699.4,8700.4
1748009094960.0,8699.1,8700.1
1748009095316.0,8699.6,8700.6
1748009095729,,
1748009098754.0,8699.4,8700.4
1748009098903.0,8699.6,8700.6
1748009099368,,
1748009100007.0,8699.4,8700.4
1748009100364,,
1748009100583.0,8699.1,8700.1
1748009100732,,
1748009101132.0,8699.4,8700.4
1748009103377.0,8699.6,8700.6
1748009103593.0,8699.9,8700.9
1748009104539.0,8699.6,8700.6
1748009104687.0,8699.1,8700.1
1748009105788.0,8698.9,8699.9
1748009106250.0,8698.6,8699.6
1748009108297.0,8699.6,8700.6
1748009108448.0,8699.1,8700.1
1748009110135.0,8698.9,8699.9
1748009110445.0,8698.9,8699.9
1748009112257.0,8698.6,8699.6
1748009112874.0,8699.1,8700.1
1748009114125.0,8699.9,8700.9
1748009114427.0,8700.9,8701.9
1748009114724.0,8701.1,8702.1
1748009115172.0,8700.9,8701.9
1748009115325.0,8700.6,8701.6
1748009115709.0,8700.4,8701.4
1748009115860.0,8700.6,8701.6
1748009116010.0,8700.9,8701.9
1748009116285.0,8701.1,8702.1
1748009116586.0,8700.9,8701.9
1748009116908.0,8701.1,8702.1
1748009117057.0,8700.9,8701.9
1748009117207.0,8700.4,8701.4
1748009117527.0,8700.6,8701.6
1748009118247.0,8700.9,8701.9
1748009118543.0,8701.1,8702.1
1748009118806.0,8700.6,8701.6
1748009119593.0,8701.1,8702.1
1748009119959.0,8700.9,8701.9
1748009120109.0,8701.1,8702.1
1748009120826.0,8700.1,8701.1
1748009121156.0,8700.4,8701.4
1748009121675.0,8700.6,8701.6
1748009122223.0,8700.4,8701.4
1748009122752.0,8700.6,8701.6
1748009123320.0,8700.4,8701.4
1748009123978.0,8699.9,8700.9
1748009124172,,
1748009124711.0,8699.4,8700.4
1748009125382.0,8699.1,8700.1
1748009125521.0,8699.4,8700.4
1748009125798.0,8699.6,8700.6
1748009126413.0,8699.6,8700.6
1748009126600.0,8699.9,8700.9
1748009126760.0,8699.6,8700.6
1748009127763.0,8699.6,8700.6
1748009127914.0,8700.1,8701.1
1748009128536.0,8700.1,8701.1
1748009128766.0,8699.6,8700.6
1748009129067.0,8699.9,8700.9
1748009129366.0,8699.9,8700.9
1748009129517.0,8700.1,8701.1
1748009129863.0,8700.4,8701.4
1748009130182.0,8700.1,8701.1
1748009130323,,
1748009130482.0,8700.4,8701.4
1748009130783.0,8700.6,8701.6
1748009133084.0,8700.9,8701.9
1748009133821,,
1748009134555.0,8701.1,8702.1
1748009136179.0,8700.9,8701.9
1748009136326,,
1748009137595.0,8701.6,8702.6
1748009138258.0,8702.1,8703.1
1748009138561,,
1748009140745.0,8701.9,8702.9
1748009140905.0,8702.1,8703.1
1748009141693,,
1748009142279.0,8701.9,8702.9
1748009142431.0,8702.1,8703.1
1748009143912.0,8701.9,8702.9
1748009144753.0,8702.6,8703.6
1748009145249.0,8702.4,8703.4
1748009145399,,
1748009146105.0,8702.1,8703.1
1748009146253.0,8701.9,8702.9
1748009146637.0,8701.6,8702.6
1748009147504.0,8701.9,8702.9
1748009148586.0,8702.1,8703.1
1748009149512.0,8701.9,8702.9
1748009149661.0,8702.1,8703.1
1748009150387.0,8702.4,8703.4
1748009150694.0,8702.6,8703.6
1748009151493.0,8702.4,8703.4
1748009151632,,
1748009151791.0,8702.6,8703.6
1748009151943.0,8703.1,8704.1
1748009153423.0,8702.9,8703.9
1748009153928.0,8702.9,8703.9
1748009154076.0,8702.6,8703.6
1748009155034,,
1748009155688.0,8702.9,8703.9
1748009155838.0,8703.1,8704.1
1748009155986.0,8702.9,8703.9
1748009156780.0,8703.4,8704.4
1748009157080.0,8702.9,8703.9
1748009157229.0,8703.1,8704.1
1748009157529.0,8702.6,8703.6
1748009157968.0,8704.6,8705.6
1748009158117.0,8705.6,8706.6
1748009158266.0,8704.1,8705.1
1748009158686,,
1748009158987.0,8704.1,8705.1
1748009159423.0,8703.9,8704.9
1748009159722.0,8704.1,8705.1
1748009160580.0,8703.4,8704.4
1748009160729.0,8703.6,8704.6
1748009161091,,
1748009161686,,
1748009162059.0,8703.1,8704.1
1748009162208,,
1748009162649.0,8702.6,8703.6
1748009164782,,
1748009165030.0,8702.6,8703.6
1748009165328.0,8702.9,8703.9
1748009165633,,
1748009167771.0,8702.6,8703.6
1748009167921,,
1748009169503.0,8702.9,8703.9
1748009170539.0,8703.6,8704.6
1748009171131.0,8705.1,8706.1
1748009171429.0,8704.6,8705.6
1748009173621.0,8705.6,8706.6
1748009173772.0,8705.9,8706.9
1748009173920.0,8705.6,8706.6
1748009174070.0,8706.1,8707.1
1748009174219.0,8705.6,8706.6
1748009174881.0,8706.1,8707.1
1748009175306.0,8705.9,8706.9
1748009175640.0,8705.6,8706.6
1748009175944.0,8706.1,8707.1
1748009176089.0,8705.9,8706.9
1748009176239.0,8705.6,8706.6
1748009176571.0,8705.4,8706.4
1748009177587.0,8706.4,8707.4
1748009178187.0,8706.6,8707.6
1748009178489.0,8706.4,8707.4
1748009179445.0,8707.1,8708.1
1748009179918.0,8706.9,8707.9
1748009181790.0,8706.6,8707.6
1748009181940,,
1748009183087.0,8706.9,8707.9
1748009183234.0,8706.6,8707.6
1748009184167.0,8706.4,8707.4
1748009184468.0,8705.6,8706.6
1748009184616,,
1748009184959.0,8705.4,8706.4
1748009185338.0,8705.1,8706.1
1748009185485,,
1748009185853.0,8705.9,8706.9
1748009186004.0,8705.6,8706.6
1748009186280.0,8705.4,8706.4
1748009186429.0,8705.1,8706.1
1748009187187.0,8705.1,8706.1
1748009187326.0,8705.4,8706.4
1748009187476.0,8705.1,8706.1
1748009187646.0,8705.6,8706.6
1748009189020,,
1748009189457.0,8705.1,8706.1
1748009189609.0,8705.4,8706.4
1748009189757.0,8706.4,8707.4
1748009189906.0,8706.1,8707.1
1748009190057.0,8705.6,8706.6
1748009190434.0,8706.1,8707.1
1748009190742.0,8705.9,8706.9
1748009193056,,
1748009193277.0,8706.1,8707.1
1748009193424.0,8705.9,8706.9
1748009194904,,
1748009195767.0,8705.9,8706.9
1748009196225.0,8705.6,8706.6
1748009196385.0,8705.4,8706.4
1748009196688.0,8705.1,8706.1
1748009200627.0,8704.6,8705.6
1748009201956.0,8704.4,8705.4
1748009203666.0,8703.9,8704.9
1748009203982.0,8704.4,8705.4
1748009204136,,
1748009204282.0,8704.1,8705.1
1748009205922.0,8704.4,8705.4
1748009206228.0,8704.1,8705.1
1748009208218.0,8703.9,8704.9
1748009208514.0,8703.4,8704.4
1748009208849.0,8703.1,8704.1
1748009210052.0,8703.6,8704.6
1748009211091.0,8703.1,8704.1
1748009211241.0,8703.6,8704.6
1748009212505.0,8703.6,8704.6
1748009212650.0,8703.9,8704.9
1748009213851,,
1748009217591,,
1748009217865.0,8703.6,8704.6
1748009218013.0,8703.4,8704.4
1748009218164.0,8703.1,8704.1
1748009218694.0,8702.9,8703.9
1748009218992.0,8703.1,8704.1
1748009220239.0,8703.4,8704.4
1748009222629.0,8703.9,8704.9
1748009222845.0,8704.1,8705.1
1748009223140,,
1748009223728.0,8704.9,8705.9
1748009223876.0,8704.6,8705.6
1748009224969.0,8704.9,8705.9
1748009225267.0,8705.1,8706.1
1748009225419.0,8705.4,8706.4
1748009225567.0,8705.1,8706.1
1748009225990.0,8704.6,8705.6
1748009226141.0,8704.1,8705.1
1748009227701.0,8704.4,8705.4
1748009227848.0,8705.1,8706.1
1748009229036.0,8704.9,8705.9
1748009229333.0,8705.1,8706.1
1748009229668.0,8704.9,8705.9
1748009229970.0,8704.4,8705.4
1748009230120.0,8703.9,8704.9
1748009230922.0,8704.1,8705.1
1748009231069,,
1748009232172.0,8703.9,8704.9
1748009233170.0,8703.6,8704.6
1748009233384.0,8703.4,8704.4
1748009233682.0,8703.6,8704.6
1748009234354.0,8703.4,8704.4
1748009234655.0,8703.6,8704.6
1748009235511.0,8703.4,8704.4
1748009235957.0,8703.6,8704.6
1748009236110.0,8703.4,8704.4
1748009236259.0,8703.1,8704.1
1748009237280.0,8703.4,8704.4
1748009237673.0,8703.1,8704.1
1748009238274.0,8702.9,8703.9
1748009238849.0,8701.6,8702.6
1748009238998.0,8702.1,8703.1
1748009239744.0,8701.6,8702.6
1748009240325,,
1748009240660.0,8701.9,8702.9
1748009240958.0,8702.1,8703.1
1748009241716.0,8702.4,8703.4
1748009242055.0,8702.1,8703.1
1748009242204,,
1748009243094.0,8702.4,8703.4
1748009243721.0,8702.6,8703.6
1748009244037.0,8702.4,8703.4
1748009244337.0,8701.9,8702.9
1748009244485.0,8702.1,8703.1
1748009244797,,
1748009246374.0,8701.6,8702.6
1748009247109.0,8702.1,8703.1
1748009247583.0,8701.6,8702.6
1748009247882.0,8701.1,8702.1
1748009248031.0,8701.6,8702.6
1748009249297.0,8701.4,8702.4
1748009249603.0,8701.1,8702.1
1748009250545.0,8700.9,8701.9
1748009250845.0,8701.1,8702.1
1748009251256.0,8701.4,8702.4
1748009252279.0,8701.1,8702.1
1748009253283.0,8701.4,8702.4
1748009254950.0,8701.6,8702.6
1748009255237.0,8701.4,8702.4
1748009255387.0,8701.6,8702.6
1748009256006.0,8701.1,8702.1
1748009256653.0,8701.6,8702.6
1748009258021.0,8701.1,8702.1
1748009259319.0,8701.1,8702.1
1748009260888.0,8701.9,8702.9
1748009261229.0,8701.9,8702.9
1748009261379.0,8701.6,8702.6
1748009261709.0,8702.4,8703.4
1748009262007.0,8702.6,8703.6
1748009263617.0,8702.6,8703.6
1748009263834.0,8702.9,8703.9
1748009263984.0,8703.4,8704.4
1748009265489.0,8702.9,8703.9
1748009265641.0,8703.1,8704.1
1748009266776,,
1748009267336.0,8702.9,8703.9
1748009268293.0,8703.1,8704.1
1748009268599.0,8702.9,8703.9
1748009268743.0,8703.1,8704.1
1748009269585.0,8703.4,8704.4
1748009269885.0,8703.1,8704.1
1748009271259.0,8702.6,8703.6
1748009272023.0,8703.1,8704.1
1748009272170,,
1748009272497.0,8703.4,8704.4
1748009273254.0,8703.1,8704.1
1748009275242.0,8703.4,8704.4
1748009276348.0,8703.6,8704.6
1748009278457.0,8702.6,8703.6
1748009279223.0,8702.9,8703.9
1748009279662.0,8703.1,8704.1
1748009280826.0,8702.9,8703.9
1748009280975.0,8703.4,8704.4
1748009281384.0,8704.6,8705.6
1748009281946.0,8704.1,8705.1
1748009282097.0,8704.4,8705.4
1748009282512.0,8704.4,8705.4
1748009282684.0,8704.1,8705.1
1748009282985.0,8704.6,8705.6
1748009283343.0,8704.4,8705.4
1748009284059.0,8704.6,8705.6
1748009284655.0,8704.4,8705.4
1748009285119.0,8704.6,8705.6
1748009287342.0,8704.4,8705.4
1748009287490.0,8704.6,8705.6
1748009288255.0,8704.9,8705.9
1748009288662.0,8705.1,8706.1
1748009289113.0,8704.6,8705.6
1748009289265,,
1748009290736.0,8704.4,8705.4
1748009291294.0,8704.6,8705.6
1748009292025.0,8704.4,8705.4
1748009293390.0,8704.1,8705.1
1748009293587.0,8703.6,8704.6
1748009294332.0,8703.1,8704.1
1748009295520.0,8704.1,8705.1
1748009295966.0,8703.9,8704.9
1748009296262.0,8703.6,8704.6
1748009296584.0,8703.1,8704.1
1748009297006.0,8702.9,8703.9
1748009300579.0,8703.1,8704.1
1748009301408.0,8702.9,8703.9
1748009301706,,
1748009303194.0,8702.6,8703.6
1748009303339.0,8702.4,8703.4
1748009303743.0,8702.6,8703.6
1748009303891,,
1748009305121.0,8702.4,8703.4
1748009305422.0,8702.1,8703.1
1748009305572.0,8702.4,8703.4
1748009306079.0,8702.1,8703.1
1748009306230,,
1748009306495,,
1748009306697.0,8702.4,8703.4
1748009307327.0,8702.6,8703.6
1748009307475.0,8702.1,8703.1
1748009307753.0,8702.6,8703.6
1748009308284.0,8702.1,8703.1
1748009308919.0,8701.9,8702.9
1748009309648.0,8702.4,8703.4
1748009309798.0,8702.1,8703.1
1748009310925.0,8702.1,8703.1
1748009312096.0,8702.6,8703.6
1748009312542.0,8702.6,8703.6
1748009312694.0,8702.4,8703.4
1748009314670,,
1748009314885.0,8702.9,8703.9
1748009316012.0,8702.9,8703.9
1748009316151.0,8703.1,8704.1
1748009316505.0,8702.9,8703.9
1748009316981.0,8703.1,8704.1
1748009317131,,
1748009317488.0,8703.6,8704.6
1748009318655.0,8703.1,8704.1
1748009318805,,
1748009319183.0,8703.6,8704.6
1748009319600.0,8703.4,8704.4
1748009319898.0,8703.1,8704.1
1748009320540.0,8702.9,8703.9
1748009321929.0,8702.6,8703.6
1748009326947.0,8702.6,8703.6
1748009327656.0,8702.4,8703.4
1748009328049.0,8702.6,8703.6
1748009329029.0,8702.6,8703.6
1748009329217.0,8702.4,8703.4
1748009330086.0,8702.1,8703.1
1748009330387.0,8702.1,8703.1
1748009331244.0,8702.4,8703.4
1748009331708.0,8702.6,8703.6
1748009332007.0,8703.1,8704.1
1748009332171.0,8703.4,8704.4
1748009332746.0,8703.6,8704.6
1748009333863.0,8703.9,8704.9
1748009334010.0,8704.1,8705.1
1748009334176.0,8704.6,8705.6
1748009334408.0,8704.9,8705.9
1748009334711.0,8703.6,8704.6
1748009335758.0,8703.1,8704.1
1748009335906.0,8702.6,8703.6
1748009336518.0,8703.1,8704.1
1748009337863.0,8704.1,8705.1
1748009340195.0,8704.4,8705.4
1748009340877.0,8703.9,8704.9
1748009341320.0,8704.1,8705.1
1748009341620.0,8703.9,8704.9
1748009342188.0,8703.6,8704.6
1748009343186.0,8703.6,8704.6
1748009343809.0,8703.4,8704.4
1748009347219.0,8703.1,8704.1
1748009347677.0,8701.9,8702.9
1748009347822.0,8701.6,8702.6
1748009351898.0,8701.4,8702.4
1748009352543.0,8701.6,8702.6
1748009352844.0,8701.4,8702.4
1748009353328.0,8701.1,8702.1
1748009355398.0,8701.6,8702.6
1748009356261.0,8701.4,8702.4
1748009356408.0,8701.1,8702.1
1748009359318.0,8700.9,8701.9
1748009359609.0,8700.9,8701.9
1748009360389,,
1748009361083.0,8701.1,8702.1
1748009361703.0,8700.9,8701.9
1748009362898.0,8701.4,8702.4
1748009363045,,
1748009363602.0,8701.1,8702.1
1748009363750,,
1748009364754.0,8701.4,8702.4
1748009364906.0,8701.6,8702.6
1748009365055.0,8702.1,8703.1
1748009366105.0,8701.6,8702.6
1748009366253,,
1748009367912.0,8700.9,8701.9
1748009368063,,
1748009369706.0,8700.6,8701.6
1748009370735.0,8700.9,8701.9
1748009371946.0,8702.1,8703.1
1748009372453.0,8701.9,8702.9
1748009372751.0,8701.1,8702.1
1748009373535.0,8700.9,8701.9
1748009374045.0,8700.6,8701.6
1748009374343.0,8700.4,8701.4
1748009374838.0,8700.1,8701.1
1748009376834.0,8699.6,8700.6
1748009377416.0,8700.1,8701.1
1748009377716.0,8699.6,8700.6
1748009378220.0,8699.9,8700.9
1748009378668.0,8700.1,8701.1
1748009378816,,
1748009379118.0,8699.9,8700.9
1748009379268.0,8700.1,8701.1
1748009379526.0,8699.9,8700.9
1748009381069.0,8699.6,8700.6
1748009381414.0,8698.6,8699.6
1748009385297.0,8698.9,8699.9
1748009385689.0,8698.6,8699.6
1748009389119.0,8698.4,8699.4
1748009389422.0,8698.1,8699.1
1748009390354,,
1748009392225.0,8698.1,8699.1
1748009392567.0,8697.9,8698.9
1748009395810,,
1748009396166.0,8698.1,8699.1
1748009397193.0,8697.9,8698.9
1748009397352.0,8697.6,8698.6
1748009397896.0,8697.9,8698.9
1748009398195.0,8697.6,8698.6
1748009399498.0,8697.4,8698.4
1748009399973.0,8697.1,8698.1
1748009400124.0,8696.5,8697.5
1748009400424.0,8696.5,8697.5
1748009401415.0,8696.8,8697.8
1748009401837.0,8697.0,8698.0
1748009402135.0,8697.3,8698.3
1748009402284,,
1748009402585.0,8697.3,8698.3
1748009402750.0,8697.0,8698.0
1748009403051.0,8697.3,8698.3
1748009403350.0,8697.3,8698.3
1748009404004.0,8697.0,8698.0
1748009404439.0,8696.8,8697.8
1748009404590.0,8696.5,8697.5
1748009404921.0,8697.0,8698.0
1748009405356.0,8696.5,8697.5
1748009405664.0,8697.0,8698.0
1748009408742.0,8697.3,8698.3
1748009409276,,
1748009409480.0,8699.0,8700.0
1748009409704.0,8699.5,8700.5
1748009409851.0,8699.0,8700.0
1748009411065.0,8698.8,8699.8
1748009411366.0,8698.5,8699.5
1748009412219.0,8698.8,8699.8
1748009412520.0,8698.5,8699.5
1748009413247.0,8698.3,8699.3
1748009413398.0,8698.0,8699.0
1748009414582.0,8697.8,8698.8
1748009414731.0,8697.5,8698.5
1748009415091.0,8697.3,8698.3
1748009415242.0,8697.0,8698.0
1748009415542.0,8697.5,8698.5
1748009415839.0,8697.0,8698.0
1748009416631.0,8696.5,8697.5
1748009418059.0,8696.0,8697.0
1748009418209.0,8696.3,8697.3
1748009419383.0,8696.0,8697.0
1748009419530,,
1748009419806.0,8696.3,8697.3
1748009420104.0,8696.5,8697.5
1748009424184.0,8696.8,8697.8
1748009424643.0,8696.8,8697.8
1748009426326.0,8697.0,8698.0
1748009427077.0,8697.5,8698.5
1748009427370.0,8697.0,8698.0
1748009429040.0,8697.5,8698.5
1748009429226.0,8697.3,8698.3
1748009429677.0,8697.3,8698.3
1748009430521.0,8697.5,8698.5
1748009430669,,
1748009431211.0,8698.0,8699.0
1748009431885.0,8697.8,8698.8
1748009432387,,
1748009432970.0,8697.3,8698.3
1748009433251.0,8697.5,8698.5
1748009433871.0,8698.0,8699.0
1748009434277.0,8698.3,8699.3
1748009434780.0,8698.5,8699.5
1748009435137.0,8698.3,8699.3
1748009435587.0,8698.0,8699.0
1748009436305.0,8698.3,8699.3
1748009437934,,
1748009438473.0,8697.8,8698.8
1748009438834.0,8698.0,8699.0
1748009439256.0,8697.8,8698.8
1748009440828,,
1748009441686.0,8697.5,8698.5
1748009441836.0,8698.0,8699.0
1748009442158.0,8697.8,8698.8
1748009442503.0,8698.0,8699.0
1748009443251.0,8698.3,8699.3
1748009443560,,
1748009443873.0,8698.3,8699.3
1748009444025.0,8698.0,8699.0
1748009444325.0,8697.3,8698.3
1748009444474.0,8697.0,8698.0
1748009444707.0,8697.3,8698.3
1748009445005.0,8697.5,8698.5
1748009445654.0,8698.0,8699.0
1748009446687.0,8698.5,8699.5
1748009447027.0,8698.3,8699.3
1748009447433.0,8698.5,8699.5
1748009447829.0,8698.3,8699.3
1748009448126.0,8698.5,8699.5
1748009449906.0,8698.8,8699.8
1748009450207.0,8699.0,8700.0
1748009450894.0,8699.5,8700.5
1748009451485.0,8699.3,8700.3
1748009453137.0,8698.0,8699.0
1748009453976.0,8697.5,8698.5
1748009454552.0,8697.0,8698.0
1748009455596.0,8696.5,8697.5
1748009456836.0,8696.8,8697.8
1748009457226.0,8696.5,8697.5
1748009458918.0,8696.0,8697.0
1748009460442,,
1748009460828.0,8696.0,8697.0
1748009461138.0,8695.8,8696.8
1748009461589.0,8696.3,8697.3
1748009462181.0,8696.0,8697.0
1748009462328,,
1748009462617.0,8696.3,8697.3
1748009463506.0,8695.8,8696.8
1748009463653,,
1748009464274,,
1748009464626.0,8696.5,8697.5
1748009464829.0,8696.3,8697.3
1748009465129.0,8695.5,8696.5
1748009465928.0,8695.8,8696.8
1748009466079.0,8695.5,8696.5
1748009466228.0,8695.8,8696.8
1748009466375,,
1748009466527.0,8696.0,8697.0
1748009466844.0,8695.5,8696.5
1748009467237.0,8696.0,8697.0
1748009469329.0,8696.5,8697.5
1748009469856.0,8696.3,8697.3
1748009470006.0,8696.5,8697.5
1748009470614.0,8696.3,8697.3
1748009470764.0,8696.0,8697.0
1748009471613.0,8696.5,8697.5
1748009471912.0,8696.0,8697.0
1748009472386.0,8695.8,8696.8
1748009472836.0,8695.5,8696.5
1748009473919.0,8695.8,8696.8
1748009474071.0,8695.5,8696.5
1748009476568.0,8695.8,8696.8
1748009476716.0,8696.0,8697.0
1748009477015.0,8696.0,8697.0
1748009477268.0,8696.3,8697.3
1748009477421.0,8696.5,8697.5
1748009477888.0,8696.3,8697.3
1748009478546.0,8696.5,8697.5
1748009480196.0,8696.3,8697.3
1748009480782,,
1748009481082.0,8695.8,8696.8
1748009481836,,
1748009481942.0,8696.0,8697.0
1748009482389.0,8696.0,8697.0
1748009482539.0,8696.3,8697.3
1748009484043.0,8696.5,8697.5
1748009484195.0,8697.0,8698.0
1748009484344.0,8696.5,8697.5
1748009484852.0,8696.3,8697.3
1748009487207.0,8695.0,8696.0
1748009489011,,
1748009489413.0,8694.8,8695.8
1748009493204.0,8695.0,8696.0
1748009493526.0,8695.5,8696.5
1748009495668.0,8695.8,8696.8
1748009496904.0,8696.0,8697.0
1748009498533.0,8696.5,8697.5
1748009498974.0,8696.3,8697.3
1748009500395.0,8696.5,8697.5
1748009500789.0,8696.3,8697.3
1748009501210.0,8696.5,8697.5
1748009501999.0,8696.3,8697.3
1748009502614,,
1748009502858.0,8696.8,8697.8
1748009503582.0,8697.0,8698.0
1748009506458.0,8696.8,8697.8
1748009507204.0,8697.0,8698.0
1748009507963.0,8697.3,8698.3
1748009508111.0,8697.5,8698.5
1748009508413.0,8697.5,8698.5
1748009509197.0,8697.8,8698.8
1748009509624.0,8697.5,8698.5
1748009516220.0,8697.3,8698.3
1748009517443.0,8697.5,8698.5
1748009517590,,
1748009520071.0,8697.8,8698.8
1748009520369.0,8697.8,8698.8
1748009520519.0,8698.0,8699.0
1748009521097.0,8697.8,8698.8
1748009521571.0,8697.5,8698.5
1748009522139.0,8697.8,8698.8
1748009522813.0,8698.0,8699.0
1748009525377.0,8697.8,8698.8
1748009525673.0,8698.0,8699.0
1748009526155.0,8698.0,8699.0
1748009527046.0,8697.8,8698.8
1748009527755,,
1748009529662.0,8697.8,8698.8
1748009529998.0,8698.0,8699.0
1748009530451.0,8698.3,8699.3
1748009531064.0,8699.0,8700.0
1748009531393.0,8698.8,8699.8
1748009531554.0,8698.5,8699.5
1748009532055.0,8698.8,8699.8
1748009532205.0,8699.0,8700.0
1748009533226.0,8698.8,8699.8
1748009533555.0,8699.0,8700.0
1748009533706,,
1748009534136.0,8699.5,8700.5
1748009534448.0,8700.0,8701.0
1748009534598.0,8699.5,8700.5
1748009535286.0,8699.3,8700.3
1748009535852.0,8699.5,8700.5
1748009536736.0,8699.5,8700.5
1748009536979.0,8700.0,8701.0
1748009537332.0,8699.5,8700.5
1748009537852.0,8700.0,8701.0
1748009538206.0,8700.5,8701.5
1748009539057.0,8701.5,8702.5
1748009539416.0,8701.0,8702.0
1748009539681.0,8701.3,8702.3
1748009539970.0,8702.0,8703.0
1748009540119.0,8702.5,8703.5
1748009540477.0,8703.5,8704.5
1748009540624.0,8704.0,8705.0
1748009540924.0,8703.5,8704.5
1748009541288,,
1748009541844.0,8704.0,8705.0
1748009541997.0,8704.5,8705.5
1748009542182.0,8704.3,8705.3
1748009542481.0,8704.0,8705.0
1748009543097.0,8703.5,8704.5
1748009543913.0,8704.0,8705.0
1748009544483,,
1748009545068.0,8704.5,8705.5
1748009545519.0,8704.5,8705.5
1748009546505.0,8704.8,8705.8
1748009546654.0,8705.0,8706.0
1748009546953.0,8704.5,8705.5
1748009547558.0,8705.0,8706.0
1748009548172.0,8705.0,8706.0
1748009548323.0,8704.8,8705.8
1748009548675.0,8705.5,8706.5
1748009548966.0,8705.0,8706.0
1748009550272.0,8705.0,8706.0
1748009550779.0,8705.0,8706.0
1748009550928.0,8705.5,8706.5
1748009552911.0,8706.5,8707.5
1748009553061.0,8707.0,8708.0
1748009553455.0,8706.5,8707.5
1748009554245.0,8707.0,8708.0
1748009554394.0,8706.5,8707.5
1748009554612.0,8707.0,8708.0
1748009555807.0,8707.5,8708.5
1748009556709.0,8707.0,8708.0
1748009557159.0,8707.3,8708.3
1748009557459.0,8707.5,8708.5
1748009558178.0,8707.8,8708.8
1748009558334.0,8708.0,8709.0
1748009559038,,
1748009559805.0,8708.3,8709.3
1748009559955.0,8708.5,8709.5
1748009560269.0,8708.3,8709.3
1748009560420.0,8708.5,8709.5
1748009561044.0,8709.0,8710.0
1748009562052.0,8708.8,8709.8
1748009562604.0,8708.5,8709.5
1748009563044.0,8708.8,8709.8
1748009566461.0,8708.5,8709.5
1748009566608,,
1748009566761.0,8709.3,8710.3
1748009566982.0,8709.5,8710.5
1748009567132.0,8709.3,8710.3
1748009567460.0,8709.5,8710.5
1748009568383.0,8709.3,8710.3
1748009569079.0,8709.5,8710.5
1748009570448.0,8709.8,8710.8
1748009571120.0,8709.5,8710.5
1748009571304.0,8709.8,8710.8
1748009571605.0,8709.5,8710.5
1748009571753.0,8710.0,8711.0
1748009573876.0,8710.3,8711.3
1748009574027.0,8710.0,8711.0
1748009574178.0,8710.3,8711.3
1748009575113.0,8710.5,8711.5
1748009575411.0,8711.0,8712.0
1748009576708.0,8710.8,8711.8
1748009577298.0,8711.0,8712.0
1748009580205.0,8710.0,8711.0
1748009580865.0,8709.8,8710.8
1748009581164,,
1748009581453.0,8710.0,8711.0
1748009581606.0,8709.5,8710.5
1748009582350.0,8710.0,8711.0
1748009583583.0,8709.5,8710.5
1748009584460.0,8709.0,8710.0
1748009584909.0,8709.0,8710.0
1748009585177.0,8709.5,8710.5
1748009585671.0,8709.3,8710.3
1748009585821.0,8709.5,8710.5
1748009586064.0,8709.3,8710.3
1748009586657.0,8709.0,8710.0
1748009587093.0,8709.5,8710.5
1748009588158.0,8710.0,8711.0
1748009588865.0,8710.5,8711.5
1748009589374.0,8710.0,8711.0
1748009589724.0,8710.5,8711.5
1748009590134.0,8710.0,8711.0
1748009590285.0,8709.5,8710.5
1748009590847.0,8710.0,8711.0
1748009591395.0,8709.3,8710.3
1748009591766.0,8709.0,8710.0
1748009592064.0,8708.5,8709.5
1748009592286.0,8708.8,8709.8
1748009592436.0,8709.0,8710.0
1748009593034.0,8708.5,8709.5
1748009593339.0,8708.0,8709.0
1748009593871,,
1748009594541.0,8708.5,8709.5
1748009595595.0,8709.0,8710.0
1748009595896.0,8708.8,8709.8
1748009596171.0,8709.0,8710.0
1748009597597.0,8708.8,8709.8
1748009597895.0,8708.8,8709.8
1748009598233.0,8709.0,8710.0
1748009598993.0,8708.5,8709.5
1748009599445.0,8708.0,8709.0
1748009599767.0,8708.3,8709.3
1748009599921.0,8708.0,8709.0
1748009600217.0,8708.0,8709.0
1748009600367.0,8708.3,8709.3
1748009600907.0,8708.0,8709.0
1748009601055.0,8707.8,8708.8
1748009601321.0,8707.5,8708.5
1748009601714.0,8707.8,8708.8
1748009602081.0,8707.5,8708.5
1748009603206.0,8707.8,8708.8
1748009603505.0,8707.8,8708.8
1748009603655.0,8707.5,8708.5
1748009604946.0,8707.0,8708.0
1748009605245.0,8706.5,8707.5
1748009605395.0,8707.0,8708.0
1748009606323.0,8706.5,8707.5
1748009607422.0,8706.5,8707.5
1748009609748.0,8706.3,8707.3
1748009609898.0,8706.0,8707.0
1748009610460.0,8705.5,8706.5
1748009611428.0,8705.0,8706.0
1748009613026.0,8705.3,8706.3
1748009613548.0,8705.0,8706.0
1748009613869.0,8705.3,8706.3
1748009615285.0,8705.0,8706.0
1748009616076.0,8705.3,8706.3
1748009616865.0,8705.0,8706.0
1748009617190.0,8704.5,8705.5
1748009618256,,
1748009618989.0,8704.8,8705.8
1748009619730.0,8705.0,8706.0
1748009620298.0,8705.3,8706.3
1748009620676.0,8705.0,8706.0
1748009620825.0,8705.3,8706.3
1748009621405.0,8705.5,8706.5
1748009621705.0,8705.8,8706.8
1748009621918.0,8706.0,8707.0
1748009622066,,
1748009622589.0,8707.0,8708.0
1748009623283.0,8706.8,8707.8
1748009623592.0,8706.0,8707.0
1748009624185.0,8705.5,8706.5
1748009624566.0,8705.8,8706.8
1748009624862.0,8706.0,8707.0
1748009625760.0,8705.8,8706.8
1748009625907.0,8706.3,8707.3
1748009626275,,
1748009627234.0,8706.5,8707.5
1748009627877.0,8706.5,8707.5
1748009628031.0,8707.0,8708.0
1748009628396,,
1748009628536.0,8706.3,8707.3
1748009629948.0,8706.3,8707.3
1748009630934.0,8706.0,8707.0
1748009632107.0,8705.5,8706.5
1748009633094.0,8705.3,8706.3
1748009633538.0,8705.0,8706.0
1748009635012.0,8704.0,8705.0
1748009636030.0,8703.8,8704.8
1748009636331.0,8704.0,8705.0
1748009636476.0,8704.3,8705.3
1748009637179.0,8704.0,8705.0
1748009637328.0,8703.5,8704.5
1748009638055.0,8703.0,8704.0
1748009638756.0,8702.5,8703.5
1748009638906.0,8702.0,8703.0
1748009639978,,
1748009640375.0,8702.8,8703.8
1748009640769.0,8702.0,8703.0
1748009641772.0,8702.3,8703.3
1748009641931.0,8702.5,8703.5
1748009644627.0,8702.8,8703.8
1748009646036.0,8703.0,8704.0
1748009646177.0,8702.8,8703.8
1748009646663.0,8703.0,8704.0
1748009647660,,
1748009648665.0,8703.0,8704.0
1748009649468.0,8702.8,8703.8
1748009649613.0,8702.5,8703.5
1748009650941.0,8702.3,8703.3
1748009651093.0,8702.5,8703.5
1748009651662.0,8703.0,8704.0
1748009651960.0,8703.3,8704.3
1748009652112.0,8703.5,8704.5
1748009652265.0,8704.0,8705.0
1748009653507.0,8703.5,8704.5
1748009653652.0,8703.3,8704.3
1748009654096.0,8703.5,8704.5
1748009654246.0,8703.3,8704.3
1748009654462.0,8703.5,8704.5
1748009655660.0,8703.8,8704.8
1748009656188,,
1748009657798.0,8703.8,8704.8
1748009658096.0,8703.5,8704.5
1748009658444.0,8703.3,8704.3
1748009658750.0,8702.5,8703.5
1748009659319.0,8702.3,8703.3
1748009659739.0,8702.0,8703.0
1748009660424.0,8701.5,8702.5
1748009660697.0,8701.0,8702.0
1748009662161.0,8700.5,8701.5
1748009662469.0,8700.3,8701.3
1748009662622.0,8700.5,8701.5
1748009662870.0,8700.3,8701.3
1748009663930.0,8700.5,8701.5
1748009664596.0,8700.0,8701.0
1748009665181.0,8700.5,8701.5
1748009665624.0,8700.0,8701.0
1748009666144.0,8699.8,8700.8
1748009667238.0,8699.5,8700.5
1748009667550.0,8699.3,8700.3
1748009667850.0,8699.5,8700.5
1748009669852.0,8700.0,8701.0
1748009670195.0,8700.5,8701.5
1748009670343,,
1748009671515.0,8701.3,8702.3
1748009672079.0,8701.0,8702.0
1748009672229,,
1748009673543.0,8700.8,8701.8
1748009673894.0,8701.3,8702.3
1748009674045.0,8701.0,8702.0
1748009674197.0,8701.3,8702.3
1748009676369.0,8701.5,8702.5
1748009680496.0,8701.5,8702.5
1748009680635.0,8701.8,8702.8
1748009681590.0,8703.0,8704.0
1748009681786.0,8702.8,8703.8
1748009681936.0,8702.5,8703.5
1748009682209.0,8703.0,8704.0
1748009682562.0,8702.8,8703.8
1748009682861.0,8703.0,8704.0
1748009684987.0,8703.0,8704.0
1748009685273.0,8703.5,8704.5
1748009685653.0,8703.3,8704.3
1748009685953.0,8703.5,8704.5
1748009686103.0,8703.0,8704.0
1748009687096.0,8703.0,8704.0
1748009687257.0,8702.8,8703.8
1748009687820.0,8702.5,8703.5
1748009688888.0,8702.3,8703.3
1748009691516.0,8702.0,8703.0
1748009692181.0,8702.3,8703.3
1748009692481.0,8702.0,8703.0
1748009694544.0,8701.5,8702.5
1748009695120.0,8702.0,8703.0
1748009696036.0,8701.5,8702.5
1748009697836.0,8701.8,8702.8
1748009698228.0,8701.5,8702.5
1748009698564.0,8701.3,8702.3
1748009698715.0,8701.5,8702.5
1748009700265.0,8701.3,8702.3
1748009700414.0,8701.0,8702.0
1748009700871.0,8701.3,8702.3
1748009701023.0,8701.5,8702.5
1748009701405.0,8701.5,8702.5
1748009705374.0,8701.8,8702.8
1748009705674.0,8702.0,8703.0
1748009705825.0,8702.3,8703.3
1748009706741.0,8702.0,8703.0
1748009706887,,
1748009707174.0,8702.3,8703.3
1748009707323.0,8702.0,8703.0
1748009708253.0,8701.3,8702.3
1748009708405.0,8700.5,8701.5
1748009710416.0,8699.5,8700.5
1748009710955.0,8699.8,8700.8
1748009711707.0,8699.5,8700.5
1748009717079.0,8699.8,8700.8
1748009717227.0,8700.3,8701.3
1748009717566,,
1748009717677.0,8700.5,8701.5
1748009718965.0,8700.3,8701.3
1748009719862.0,8700.5,8701.5
1748009721833.0,8700.8,8701.8
1748009721984.0,8701.5,8702.5
1748009722262,,
1748009722445.0,8702.0,8703.0
1748009723185.0,8701.8,8702.8
1748009723333.0,8701.5,8702.5
1748009723876.0,8701.3,8702.3
1748009724175.0,8700.8,8701.8
1748009724826.0,8700.5,8701.5
1748009725129.0,8700.3,8701.3
1748009725276.0,8700.5,8701.5
1748009726306.0,8700.0,8701.0
1748009731048.0,8700.3,8701.3
1748009732017.0,8700.0,8701.0
1748009732168.0,8699.8,8700.8
1748009732320.0,8700.0,8701.0
1748009733967,,
1748009734308.0,8699.8,8700.8
1748009734819.0,8700.0,8701.0
1748009736295.0,8699.8,8700.8
1748009736592.0,8700.0,8701.0
1748009736970.0,8699.8,8700.8
1748009737419.0,8700.0,8701.0
1748009738203.0,8700.5,8701.5
1748009738475.0,8700.8,8701.8
1748009739474.0,8700.5,8701.5
1748009739621,,
1748009741939.0,8701.0,8702.0
1748009742130.0,8700.5,8701.5
1748009742279.0,8700.0,8701.0
1748009743061.0,8699.8,8700.8
1748009743213.0,8699.3,8700.3
1748009743365.0,8698.5,8699.5
1748009744412.0,8698.0,8699.0
1748009744714.0,8697.8,8698.8
1748009745097.0,8698.0,8699.0
1748009745948.0,8697.8,8698.8
1748009746341.0,8698.0,8699.0
1748009747357.0,8698.5,8699.5
1748009749885.0,8699.0,8700.0
1748009753341.0,8698.5,8699.5
1748009753542.0,8698.3,8699.3
1748009753841.0,8698.3,8699.3
1748009754160.0,8698.5,8699.5
1748009755210,,
1748009755991.0,8698.5,8699.5
1748009756594.0,8698.3,8699.3
1748009757799.0,8698.8,8699.8
1748009758334.0,8699.0,8700.0
1748009759985.0,8698.8,8699.8
1748009760136.0,8699.0,8700.0
1748009760322.0,8698.8,8699.8
1748009760620.0,8698.5,8699.5
1748009762053.0,8698.3,8699.3
1748009762352.0,8698.5,8699.5
1748009763817.0,8698.0,8699.0
1748009765766.0,8697.8,8698.8
1748009766064.0,8698.0,8699.0
1748009770333.0,8698.8,8699.8
1748009770480.0,8699.0,8700.0
1748009771167.0,8698.8,8699.8
1748009771315.0,8699.0,8700.0
1748009771966.0,8698.8,8699.8
1748009772267.0,8699.0,8700.0
1748009772796.0,8699.3,8700.3
1748009773095.0,8699.0,8700.0
1748009773285,,
1748009774134.0,8698.8,8699.8
1748009774850.0,8699.0,8700.0
1748009775371.0,8698.8,8699.8
1748009775520.0,8698.5,8699.5
1748009776735.0,8698.8,8699.8
1748009776885.0,8699.0,8700.0
1748009777105.0,8698.5,8699.5
1748009777403.0,8698.8,8699.8
1748009778564.0,8699.0,8700.0
1748009778712,,
1748009779957.0,8698.5,8699.5
1748009780256.0,8699.0,8700.0
1748009780696,,
1748009781695.0,8698.5,8699.5
1748009782131.0,8699.0,8700.0
1748009782515.0,8699.3,8700.3
1748009782675.0,8700.0,8701.0
1748009782816.0,8700.5,8701.5
1748009783329.0,8700.0,8701.0
1748009783479.0,8699.3,8700.3
1748009783778.0,8699.0,8700.0
1748009786414.0,8699.3,8700.3
1748009786713.0,8699.5,8700.5
1748009786863.0,8700.0,8701.0
1748009787014.0,8699.5,8700.5
1748009787652.0,8699.3,8700.3
1748009788492.0,8699.0,8700.0
1748009789060.0,8698.8,8699.8
1748009789211.0,8698.5,8699.5
1748009790257.0,8698.0,8699.0
1748009793010.0,8697.5,8698.5
1748009795162.0,8697.0,8698.0
1748009795799.0,8696.5,8697.5
1748009796263.0,8697.0,8698.0
1748009796416.0,8696.8,8697.8
1748009796564.0,8696.5,8697.5
1748009796969.0,8696.8,8697.8
1748009797307.0,8696.5,8697.5
1748009797605.0,8697.0,8698.0
1748009798217.0,8696.5,8697.5
1748009799684.0,8696.8,8697.8
1748009800792.0,8697.3,8698.3
1748009800942.0,8697.5,8698.5
1748009801303.0,8697.8,8698.8
1748009801449.0,8698.0,8699.0
1748009803644,,
1748009803945.0,8697.5,8698.5
1748009805366.0,8697.3,8698.3
1748009805515.0,8697.0,8698.0
1748009805717.0,8696.5,8697.5
1748009806141.0,8697.0,8698.0
1748009806674.0,8696.5,8697.5
1748009808026.0,8696.0,8697.0
1748009808176.0,8696.3,8697.3
1748009808603.0,8696.0,8697.0
1748009809503.0,8696.3,8697.3
1748009809804.0,8696.0,8697.0
1748009811137.0,8695.5,8696.5
1748009811284.0,8696.0,8697.0
1748009811711.0,8695.5,8696.5
1748009812017.0,8696.0,8697.0
1748009812696.0,8695.8,8696.8
1748009812846.0,8696.0,8697.0
1748009813496.0,8695.8,8696.8
1748009813644.0,8696.0,8697.0
1748009815461.0,8696.8,8697.8
1748009815612.0,8697.0,8698.0
1748009816564.0,8696.8,8697.8
1748009816917.0,8697.0,8698.0
1748009817288.0,8696.8,8697.8
1748009817581.0,8697.0,8698.0
1748009818295.0,8696.8,8697.8
1748009818444.0,8696.5,8697.5
1748009818842.0,8696.3,8697.3
1748009818993.0,8696.0,8697.0
1748009820083.0,8695.5,8696.5
1748009820672.0,8696.0,8697.0
1748009822176.0,8696.5,8697.5
1748009822826.0,8696.0,8697.0
1748009825285.0,8696.5,8697.5
1748009825434.0,8696.0,8697.0
1748009825899.0,8695.5,8696.5
1748009826656.0,8695.3,8696.3
1748009827504.0,8695.5,8696.5
1748009828031.0,8695.3,8696.3
1748009828559.0,8696.0,8697.0
1748009829005.0,8696.5,8697.5
1748009829633.0,8696.0,8697.0
1748009830386,,
1748009831462.0,8695.8,8696.8
1748009831613.0,8696.0,8697.0
1748009833149.0,8696.3,8697.3
1748009833752.0,8696.0,8697.0
1748009834147.0,8695.8,8696.8
1748009834447.0,8695.5,8696.5
1748009834752.0,8695.3,8696.3
1748009835206.0,8695.5,8696.5
1748009835416.0,8695.3,8696.3
1748009837042.0,8695.5,8696.5
1748009838158.0,8695.8,8696.8
1748009838309.0,8696.0,8697.0
1748009841576.0,8695.5,8696.5
1748009842123.0,8695.8,8696.8
1748009842273.0,8696.0,8697.0
1748009844204.0,8696.3,8697.3
1748009845034.0,8695.8,8696.8
1748009845185,,
1748009845961.0,8696.0,8697.0
1748009846260.0,8695.5,8696.5
1748009847551.0,8696.0,8697.0
1748009848466.0,8696.3,8697.3
1748009849905.0,8696.0,8697.0
1748009850052.0,8695.8,8696.8
1748009850205.0,8696.0,8697.0
1748009851126.0,8696.3,8697.3
1748009852528.0,8696.5,8697.5
1748009853357.0,8695.8,8696.8
1748009853507.0,8695.5,8696.5
1748009854545.0,8696.0,8697.0
1748009855021.0,8695.5,8696.5
1748009857328.0,8695.8,8696.8
1748009858074.0,8695.5,8696.5
1748009858860.0,8695.8,8696.8
1748009859011.0,8696.0,8697.0
1748009859483.0,8695.5,8696.5
1748009861295.0,8695.3,8696.3
1748009862288.0,8695.5,8696.5
1748009863795.0,8695.8,8696.8
1748009864371.0,8696.0,8697.0
1748009864629.0,8696.3,8697.3
1748009865240.0,8696.0,8697.0
1748009865382,,
1748009866244,,
1748009866649,,
1748009866811.0,8696.3,8697.3
1748009868503.0,8695.5,8696.5
1748009869159.0,8695.3,8696.3
1748009870560.0,8695.0,8696.0
1748009871930.0,8694.5,8695.5
1748009873056.0,8694.8,8695.8
1748009873354.0,8695.0,8696.0
1748009873891.0,8695.3,8696.3
1748009874699.0,8695.5,8696.5
1748009874847,,
1748009875446.0,8695.8,8696.8
1748009875744.0,8695.5,8696.5
1748009876587.0,8695.3,8696.3
1748009877509.0,8695.0,8696.0
1748009877822.0,8694.5,8695.5
1748009880582,,
1748009883619.0,8694.8,8695.8
1748009883913.0,8694.8,8695.8
1748009884065.0,8694.5,8695.5
1748009884954.0,8694.8,8695.8
1748009885552,,
1748009886271.0,8694.8,8695.8
1748009887216.0,8694.5,8695.5
1748009887368.0,8694.8,8695.8
1748009887518.0,8694.3,8695.3
1748009888339.0,8693.8,8694.8
1748009891717.0,8693.3,8694.3
1748009894669.0,8693.0,8694.0
1748009895565.0,8693.8,8694.8
1748009899242,,
1748009904206.0,8693.0,8694.0
1748009904541.0,8692.5,8693.5
1748009905218.0,8692.8,8693.8
1748009905524.0,8693.0,8694.0
1748009906643.0,8693.3,8694.3
1748009906791.0,8693.0,8694.0
1748009906994.0,8693.3,8694.3
1748009907295.0,8693.0,8694.0
1748009908369.0,8693.8,8694.8
1748009912377.0,8694.0,8695.0
1748009912686.0,8693.0,8694.0
1748009921402,,
1748009921555.0,8693.3,8694.3
1748009922087,,
1748009922688.0,8693.0,8694.0
1748009924554.0,8692.8,8693.8
1748009924933.0,8692.5,8693.5
1748009927660.0,8692.0,8693.0
1748009929833.0,8691.8,8692.8
1748009931109,,
1748009931259.0,8692.0,8693.0
1748009931786.0,8692.3,8693.3
1748009936414.0,8692.0,8693.0
1748009936560,,
1748009937246.0,8691.8,8692.8
1748009937758,,
1748009938989.0,8691.8,8692.8
1748009939286.0,8691.5,8692.5
1748009940387,,
1748009940539.0,8691.8,8692.8
1748009940939.0,8692.5,8693.5
1748009943067.0,8692.3,8693.3
1748009943373.0,8692.0,8693.0
1748009945416.0,8692.5,8693.5
1748009945712.0,8693.0,8694.0
1748009945935.0,8692.8,8693.8
1748009946088.0,8692.5,8693.5
1748009946598.0,8692.3,8693.3
1748009948095.0,8692.8,8693.8
1748009948716.0,8693.3,8694.3
1748009950264.0,8693.5,8694.5
1748009952618.0,8693.8,8694.8
1748009952768.0,8693.5,8694.5
1748009953055.0,8693.8,8694.8
1748009953555.0,8694.0,8695.0
1748009953946.0,8694.0,8695.0
1748009956311,,
1748009956920.0,8693.5,8694.5
1748009957072,,
1748009960521.0,8694.0,8695.0
1748009960821.0,8693.5,8694.5
1748009963408.0,8693.8,8694.8
1748009965424.0,8694.0,8695.0
1748009966035.0,8694.5,8695.5
1748009966485.0,8694.0,8695.0
1748009967359.0,8693.5,8694.5
1748009968073.0,8693.3,8694.3
1748009968372.0,8693.5,8694.5
1748009970494.0,8693.3,8694.3
1748009970963,,
1748009971116.0,8693.5,8694.5
1748009972140.0,8693.3,8694.3
1748009974791.0,8693.5,8694.5
1748009977665.0,8693.3,8694.3
1748009978128.0,8693.0,8694.0
1748009978652.0,8693.5,8694.5
1748009980252,,
1748009981972.0,8693.3,8694.3
1748009982620.0,8693.0,8694.0
1748009983022.0,8693.3,8694.3
1748009983312.0,8693.0,8694.0
1748009984419.0,8693.3,8694.3
1748009987789.0,8692.5,8693.5
1748009991580.0,8692.3,8693.3
1748009992937,,
1748009993088.0,8692.5,8693.5
1748009995229.0,8692.3,8693.3
1748009996009.0,8692.0,8693.0
1748009996158,,
1748009998273.0,8691.5,8692.5
1748010000016.0,8692.4,8693.4
1748010001747.0,8692.2,8693.2
1748010002124.0,8692.4,8693.4
1748010002276.0,8692.2,8693.2
1748010002642.0,8692.4,8693.4
1748010002871.0,8692.2,8693.2
1748010004913.0,8692.4,8693.4
1748010005067,,
1748010005362.0,8693.4,8694.4
1748010005546.0,8693.2,8694.2
1748010006506.0,8691.7,8692.7
1748010009093.0,8691.9,8692.9
1748010009245.0,8692.2,8693.2
1748010010005.0,8692.4,8693.4
1748010010471.0,8692.9,8693.9
1748010012751.0,8692.7,8693.7
1748010013050.0,8692.9,8693.9
1748010013904.0,8693.2,8694.2
1748010014055.0,8693.4,8694.4
1748010014720.0,8693.2,8694.2
1748010015354.0,8693.4,8694.4
1748010016083.0,8693.2,8694.2
1748010017006.0,8693.4,8694.4
1748010019174.0,8692.9,8693.9
1748010019919.0,8693.2,8694.2
1748010021259.0,8693.4,8694.4
1748010021558.0,8692.9,8693.9
1748010021864.0,8692.9,8693.9
1748010022258.0,8693.2,8694.2
1748010022707.0,8692.4,8693.4
1748010025072.0,8692.7,8693.7
1748010025221.0,8693.4,8694.4
1748010025423.0,8692.9,8693.9
1748010026242.0,8693.2,8694.2
1748010026540.0,8692.9,8693.9
1748010027694,,
1748010027848.0,8693.2,8694.2
1748010028271.0,8693.4,8694.4
1748010028410.0,8693.7,8694.7
1748010031367.0,8693.9,8694.9
1748010031520.0,8694.2,8695.2
1748010032520,,
1748010032671.0,8694.2,8695.2
1748010033006.0,8693.9,8694.9
1748010033155,,
1748010034594.0,8694.2,8695.2
1748010035019.0,8693.9,8694.9
1748010037330.0,8693.9,8694.9
1748010037828.0,8694.2,8695.2
1748010038278.0,8693.9,8694.9
1748010040269,,
1748010043423.0,8693.9,8694.9
1748010043573,,
1748010044255.0,8694.2,8695.2
1748010044916.0,8693.9,8694.9
1748010045245,,
1748010045831.0,8693.7,8694.7
1748010046132.0,8693.4,8694.4
1748010048180.0,8693.2,8694.2
1748010048628.0,8692.9,8693.9
1748010050815,,
1748010051026.0,8692.7,8693.7
1748010051318,,
1748010052132.0,8692.9,8693.9
1748010052281,,
1748010055098.0,8692.7,8693.7
1748010055640.0,8692.2,8693.2
1748010055805.0,8691.9,8692.9
1748010056109.0,8692.4,8693.4
1748010056411.0,8692.7,8693.7
1748010056990.0,8692.9,8693.9
1748010057982.0,8693.2,8694.2
1748010058133.0,8693.9,8694.9
1748010059094.0,8693.7,8694.7
1748010059393.0,8693.9,8694.9
1748010059658.0,8693.4,8694.4
1748010060023.0,8693.9,8694.9
1748010061523.0,8693.4,8694.4
1748010062836.0,8693.7,8694.7
1748010063144.0,8693.4,8694.4
1748010065535.0,8693.7,8694.7
1748010067099.0,8693.4,8694.4
1748010067704.0,8693.7,8694.7
1748010069032.0,8693.9,8694.9
1748010069504.0,8693.7,8694.7
1748010069804.0,8693.9,8694.9
1748010070261.0,8693.7,8694.7
1748010070411.0,8693.9,8694.9
1748010070851.0,8693.7,8694.7
1748010071496.0,8693.2,8694.2
1748010071961.0,8693.2,8694.2
1748010072439.0,8693.7,8694.7
1748010072777.0,8693.9,8694.9
1748010074188.0,8693.4,8694.4
1748010074486.0,8693.9,8694.9
1748010074892.0,8693.7,8694.7
1748010075042.0,8693.4,8694.4
1748010075619.0,8692.9,8693.9
1748010077524.0,8693.4,8694.4
1748010077973.0,8693.7,8694.7
1748010078122.0,8693.9,8694.9
1748010078466.0,8694.2,8695.2
1748010079380.0,8693.9,8694.9
1748010079677.0,8694.2,8695.2
1748010083950.0,8693.9,8694.9
1748010084098.0,8693.4,8694.4
1748010084372.0,8693.9,8694.9
1748010085342.0,8694.2,8695.2
1748010088067.0,8694.4,8695.4
1748010090224.0,8694.2,8695.2
1748010090521.0,8693.9,8694.9
1748010090953.0,8694.2,8695.2
1748010091319.0,8693.9,8694.9
1748010091854.0,8694.2,8695.2
1748010092004.0,8693.9,8694.9
1748010093936.0,8694.2,8695.2
1748010095062.0,8693.9,8694.9
1748010096650.0,8694.2,8695.2
1748010098014.0,8693.9,8694.9
1748010098365.0,8693.7,8694.7
1748010098728.0,8693.4,8694.4
1748010099560.0,8693.7,8694.7
1748010099709.0,8693.4,8694.4
1748010100040.0,8694.2,8695.2
1748010100191.0,8693.7,8694.7
1748010102176.0,8693.9,8694.9
1748010102640.0,8693.7,8694.7
1748010103218.0,8693.9,8694.9
1748010103516.0,8693.7,8694.7
1748010104349,,
1748010105256.0,8694.2,8695.2
1748010107995.0,8694.4,8695.4
1748010108334.0,8694.7,8695.7
1748010110442.0,8694.9,8695.9
1748010110591.0,8695.2,8696.2
1748010112383.0,8695.7,8696.7
1748010112656.0,8695.9,8696.9
1748010113171.0,8695.9,8696.9
1748010116623.0,8696.2,8697.2
1748010120764,,
1748010121386.0,8695.7,8696.7
1748010121968.0,8696.2,8697.2
1748010122118.0,8696.7,8697.7
1748010122268.0,8696.2,8697.2
1748010122416.0,8695.9,8696.9
1748010122565.0,8696.4,8697.4
1748010122988.0,8696.9,8697.9
1748010123783.0,8697.2,8698.2
1748010124918.0,8697.7,8698.7
1748010125430.0,8697.9,8698.9
1748010125579,,
1748010125880.0,8697.7,8698.7
1748010126180.0,8697.9,8698.9
1748010126709.0,8697.4,8698.4
1748010126859.0,8697.9,8698.9
1748010127351.0,8698.2,8699.2
1748010127505.0,8698.4,8699.4
1748010127813.0,8698.7,8699.7
1748010127958.0,8698.9,8699.9
1748010128820.0,8699.2,8700.2
1748010129121.0,8699.4,8700.4
1748010129618.0,8700.4,8701.4
1748010129878.0,8700.7,8701.7
1748010130178.0,8700.9,8701.9
1748010130479.0,8700.9,8701.9
1748010130822.0,8701.4,8702.4
1748010131765.0,8701.2,8702.2
1748010132064.0,8701.9,8702.9
1748010132214.0,8701.4,8702.4
1748010134173.0,8701.7,8702.7
1748010134321.0,8701.4,8702.4
1748010135223.0,8701.9,8702.9
1748010137131.0,8702.2,8703.2
1748010137281.0,8702.4,8703.4
1748010137433.0,8702.9,8703.9
1748010139625,,
1748010140335.0,8702.7,8703.7
1748010140484.0,8702.9,8703.9
1748010140635.0,8702.7,8703.7
1748010141711.0,8702.4,8703.4
1748010142528.0,8702.9,8703.9
1748010143619,,
1748010143679.0,8702.4,8703.4
1748010144338,,
1748010144542.0,8702.2,8703.2
1748010144878.0,8701.9,8702.9
1748010145030,,
1748010145610.0,8702.4,8703.4
1748010146175.0,8701.9,8702.9
1748010146322.0,8702.2,8703.2
1748010146497.0,8702.4,8703.4
1748010149252.0,8702.9,8703.9
1748010150852.0,8703.4,8704.4
1748010151329.0,8703.9,8704.9
1748010152314,,
1748010152418.0,8703.7,8704.7
1748010152717.0,8703.4,8704.4
1748010153910.0,8703.7,8704.7
1748010154917,,
1748010157793.0,8703.7,8704.7
1748010158091.0,8703.4,8704.4
1748010159480.0,8703.2,8704.2
1748010159781.0,8701.9,8702.9
1748010160213.0,8701.4,8702.4
1748010160512.0,8701.9,8702.9
1748010161085.0,8702.2,8703.2
1748010161383.0,8702.2,8703.2
1748010161608.0,8702.4,8703.4
1748010162632.0,8701.9,8702.9
1748010163703.0,8702.4,8703.4
1748010164003.0,8702.2,8703.2
1748010164149.0,8702.4,8703.4
1748010165626.0,8702.2,8703.2
1748010165775.0,8702.4,8703.4
1748010166156.0,8702.4,8703.4
1748010166512.0,8702.2,8703.2
1748010167197.0,8701.9,8702.9
1748010167496.0,8700.9,8701.9
1748010167978.0,8701.4,8702.4
1748010168275.0,8701.2,8702.2
1748010168708.0,8700.9,8701.9
1748010171467.0,8701.2,8702.2
1748010171617,,
1748010172197.0,8701.4,8702.4
1748010172497.0,8701.2,8702.2
1748010172805.0,8701.4,8702.4
1748010173111.0,8701.7,8702.7
1748010173261.0,8701.9,8702.9
1748010173598.0,8701.4,8702.4
1748010179380.0,8700.9,8701.9
1748010180016.0,8700.4,8701.4
1748010181998.0,8700.9,8701.9
1748010182271.0,8701.2,8702.2
1748010182419.0,8701.4,8702.4
1748010183191.0,8701.9,8702.9
1748010183355.0,8701.7,8702.7
1748010183654.0,8701.2,8702.2
1748010183806.0,8701.4,8702.4
1748010184237.0,8701.9,8702.9
1748010184386.0,8702.4,8703.4
1748010185057.0,8701.9,8702.9
1748010185205.0,8702.2,8703.2
1748010185422.0,8702.4,8703.4
1748010187048.0,8701.9,8702.9
1748010188168.0,8702.2,8703.2
1748010188313.0,8702.4,8703.4
1748010190681.0,8702.7,8703.7
1748010190830.0,8702.9,8703.9
1748010191435.0,8702.9,8703.9
1748010191862.0,8703.2,8704.2
1748010192163.0,8703.4,8704.4
1748010194068.0,8703.9,8704.9
1748010194890.0,8703.7,8704.7
1748010195038.0,8703.9,8704.9
1748010195462.0,8704.4,8705.4
1748010196445.0,8703.9,8704.9
1748010196845.0,8704.4,8705.4
1748010198251.0,8703.9,8704.9
1748010198464.0,8703.4,8704.4
1748010199209.0,8703.7,8704.7
1748010199359.0,8703.4,8704.4
1748010200167.0,8703.9,8704.9
1748010200545.0,8703.4,8704.4
1748010201603.0,8703.2,8704.2
1748010204409.0,8703.4,8704.4
1748010205878.0,8703.9,8704.9
1748010206177.0,8703.7,8704.7
1748010206505.0,8703.9,8704.9
1748010207111.0,8704.4,8705.4
1748010207410.0,8705.4,8706.4
1748010207665.0,8705.2,8706.2
1748010207827.0,8705.4,8706.4
1748010208764.0,8705.2,8706.2
1748010209380.0,8705.4,8706.4
1748010209972.0,8705.9,8706.9
1748010210629.0,8705.7,8706.7
1748010210769.0,8705.9,8706.9
1748010211004.0,8705.7,8706.7
1748010211350.0,8705.4,8706.4
1748010214217.0,8705.9,8706.9
1748010214366.0,8705.7,8706.7
1748010214515.0,8705.4,8706.4
1748010216149.0,8705.7,8706.7
1748010216298.0,8705.4,8706.4
1748010217259.0,8705.2,8706.2
1748010218705.0,8704.9,8705.9
1748010220573,,
1748010221028.0,8704.7,8705.7
1748010222810,,
1748010224955.0,8703.9,8704.9
1748010225262.0,8703.7,8704.7
1748010225412.0,8703.4,8704.4
1748010226868.0,8702.9,8703.9
1748010227025.0,8703.4,8704.4
1748010227404.0,8703.7,8704.7
1748010227898.0,8703.4,8704.4
1748010228318.0,8703.7,8704.7
1748010228767.0,8703.9,8704.9
1748010229527.0,8703.7,8704.7
1748010229675.0,8703.9,8704.9
1748010230848.0,8704.4,8705.4
1748010231149.0,8703.9,8704.9
1748010231860.0,8703.4,8704.4
1748010232162.0,8703.9,8704.9
1748010237630.0,8703.7,8704.7
1748010238749.0,8703.4,8704.4
1748010238898.0,8703.7,8704.7
1748010240678.0,8704.2,8705.2
1748010240828,,
1748010241856.0,8704.4,8705.4
1748010244737,,
1748010245135.0,8704.7,8705.7
1748010245285,,
1748010245643.0,8704.9,8705.9
1748010247274.0,8705.4,8706.4
1748010248016,,
1748010249343.0,8705.9,8706.9
1748010249496,,
1748010250940,,
1748010251948.0,8705.7,8706.7
1748010252476.0,8705.9,8706.9
1748010254052,,
1748010255085.0,8706.2,8707.2
1748010257084,,
1748010257956.0,8706.4,8707.4
1748010258105,,
1748010258582.0,8706.2,8707.2
1748010258964.0,8706.4,8707.4
1748010259264.0,8706.2,8707.2
1748010260064,,
1748010260478.0,8705.9,8706.9
1748010260855.0,8705.7,8706.7
1748010262073.0,8705.9,8706.9
1748010262548.0,8706.4,8707.4
1748010262696.0,8705.9,8706.9
1748010262958.0,8705.7,8706.7
1748010263773.0,8705.2,8706.2
1748010263920.0,8704.9,8705.9
1748010264420.0,8705.2,8706.2
1748010264720.0,8704.9,8705.9
1748010265351.0,8705.2,8706.2
1748010266109.0,8704.9,8705.9
1748010266532.0,8705.2,8706.2
1748010266829.0,8704.9,8705.9
1748010267092.0,8705.2,8706.2
1748010267503.0,8704.9,8705.9
1748010268022.0,8705.2,8706.2
1748010268172.0,8705.4,8706.4
1748010269272.0,8705.7,8706.7
1748010269572.0,8705.4,8706.4
1748010269962.0,8705.7,8706.7
1748010270114.0,8705.9,8706.9
1748010270989.0,8705.4,8706.4
1748010271290.0,8704.9,8705.9
1748010273831.0,8704.4,8705.4
1748010276106.0,8704.2,8705.2
1748010276257.0,8704.4,8705.4
1748010276461.0,8704.2,8705.2
1748010276979.0,8703.9,8704.9
1748010277331.0,8704.2,8705.2
1748010277481.0,8703.9,8704.9
1748010278568.0,8704.4,8705.4
1748010279029.0,8703.9,8704.9
1748010281635.0,8704.2,8705.2
1748010281933.0,8704.4,8705.4
1748010284348.0,8703.9,8704.9
1748010285635.0,8704.4,8705.4
1748010285908.0,8704.7,8705.7
1748010286495.0,8704.9,8705.9
1748010288074.0,8704.7,8705.7
1748010289593.0,8704.9,8705.9
1748010291669.0,8704.4,8705.4
1748010292883.0,8704.7,8705.7
1748010293942.0,8705.2,8706.2
1748010294107.0,8704.9,8705.9
1748010294255,,
1748010295746.0,8704.4,8705.4
1748010297271.0,8704.9,8705.9
1748010299040,,
1748010304668.0,8704.7,8705.7
1748010305787.0,8704.4,8705.4
1748010305939.0,8704.2,8705.2
1748010306650,,
1748010308212.0,8704.2,8705.2
1748010308645.0,8704.4,8705.4
1748010311287.0,8704.7,8705.7
1748010311907.0,8704.4,8705.4
1748010312822.0,8704.2,8705.2
1748010313122.0,8704.4,8705.4
1748010314230.0,8704.7,8705.7
1748010315040.0,8704.9,8705.9
1748010316551.0,8705.2,8706.2
1748010316704.0,8704.9,8705.9
1748010316904.0,8704.7,8705.7
1748010317205.0,8704.4,8705.4
1748010317999.0,8704.2,8705.2
1748010319246,,
1748010319886.0,8703.9,8704.9
1748010320185.0,8703.7,8704.7
1748010320545.0,8703.9,8704.9
1748010321621,,
1748010322614.0,8704.2,8705.2
1748010323186.0,8704.7,8705.7
1748010323334.0,8704.9,8705.9
1748010324148.0,8704.7,8705.7
1748010324446.0,8704.4,8705.4
1748010325004.0,8704.9,8705.9
1748010325149.0,8704.7,8705.7
1748010327395.0,8704.9,8705.9
1748010327688.0,8704.9,8705.9
1748010327840.0,8704.7,8705.7
1748010328476.0,8704.2,8705.2
1748010329090.0,8703.9,8704.9
1748010330271.0,8704.2,8705.2
1748010330415.0,8704.4,8705.4
1748010330565.0,8704.2,8705.2
1748010330714.0,8704.4,8705.4
1748010330984.0,8704.7,8705.7
1748010332763.0,8704.9,8705.9
1748010333831.0,8704.9,8705.9
1748010334038.0,8704.7,8705.7
1748010334666.0,8704.9,8705.9
1748010336714,,
1748010337108.0,8704.4,8705.4
1748010337523.0,8704.7,8705.7
1748010338093.0,8704.9,8705.9
1748010340153.0,8705.2,8706.2
1748010342103,,
1748010346489,,
1748010346642.0,8705.4,8706.4
1748010349823.0,8705.2,8706.2
1748010351290.0,8705.4,8706.4
1748010351438,,
1748010352121.0,8705.7,8706.7
1748010353446.0,8706.2,8707.2
1748010354792.0,8705.9,8706.9
1748010354942,,
1748010356157,,
1748010356279,,
1748010359025.0,8705.7,8706.7
1748010360475.0,8705.9,8706.9
1748010360622,,
1748010360774.0,8706.2,8707.2
1748010361145.0,8706.4,8707.4
1748010362261.0,8706.2,8707.2
1748010363947.0,8705.7,8706.7
1748010364245.0,8705.9,8706.9
1748010364546.0,8706.2,8707.2
1748010364698.0,8706.4,8707.4
1748010365293.0,8706.2,8707.2
1748010365511.0,8706.4,8707.4
1748010369392.0,8706.2,8707.2
1748010370479,,
1748010370938,,
1748010371468.0,8705.9,8706.9
1748010371807.0,8705.4,8706.4
1748010372270.0,8705.4,8706.4
1748010372421.0,8705.9,8706.9
1748010373063.0,8705.7,8706.7
1748010373215.0,8705.9,8706.9
1748010373752.0,8705.7,8706.7
1748010374373.0,8705.9,8706.9
1748010375268.0,8706.4,8707.4
1748010375415.0,8706.7,8707.7
1748010375960.0,8706.4,8707.4
1748010376262.0,8706.2,8707.2
1748010376983,,
1748010377133.0,8705.9,8706.9
1748010377436.0,8706.2,8707.2
1748010378240.0,8705.9,8706.9
1748010380390.0,8705.7,8706.7
1748010384610.0,8705.9,8706.9
1748010384756,,
1748010387405.0,8704.9,8705.9
1748010387711.0,8704.4,8705.4
1748010390260.0,8704.2,8705.2
1748010390412.0,8703.4,8704.4
1748010394694.0,8703.2,8704.2
1748010394841.0,8703.4,8704.4
1748010394990.0,8703.2,8704.2
1748010395905.0,8703.4,8704.4
1748010396049,,
1748010397632.0,8703.2,8704.2
1748010397791.0,8702.7,8703.7
1748010398125.0,8702.9,8703.9
1748010398275.0,8703.4,8704.4
1748010399168.0,8702.9,8703.9
1748010399315.0,8703.4,8704.4
1748010399592.0,8703.7,8704.7
1748010401230.0,8704.4,8705.4
1748010401578.0,8703.9,8704.9
1748010401923.0,8704.2,8705.2
1748010402074.0,8703.9,8704.9
1748010403969.0,8704.2,8705.2
1748010406930.0,8703.4,8704.4
1748010407080,,
1748010408675.0,8703.2,8704.2
1748010409249.0,8702.9,8703.9
1748010411109.0,8702.7,8703.7
1748010411675.0,8702.9,8703.9
1748010411821,,
1748010412980.0,8703.2,8704.2
1748010413627.0,8702.9,8703.9
1748010414512.0,8703.2,8704.2
1748010417877.0,8702.9,8703.9
1748010418022.0,8703.2,8704.2
1748010420135.0,8702.9,8703.9
1748010421221.0,8703.2,8704.2
1748010426064,,
1748010428133.0,8704.4,8705.4
1748010430806,,
1748010431131.0,8704.2,8705.2
1748010431643.0,8704.4,8705.4
1748010433858.0,8705.4,8706.4
1748010434060.0,8704.9,8705.9
1748010434763.0,8705.4,8706.4
1748010435987.0,8705.2,8706.2
1748010440666.0,8705.7,8706.7
1748010440817.0,8705.4,8706.4
1748010441344.0,8705.7,8706.7
1748010442054.0,8705.9,8706.9
1748010444687,,
1748010444972.0,8705.9,8706.9
1748010446789.0,8706.2,8707.2
1748010447086.0,8706.4,8707.4
1748010448423.0,8706.7,8707.7
1748010448719.0,8707.4,8708.4
1748010449575.0,8707.2,8708.2
1748010449873.0,8707.4,8708.4
1748010450544.0,8707.2,8708.2
1748010450741.0,8707.4,8708.4
1748010453161.0,8707.2,8708.2
1748010453461.0,8706.9,8707.9
1748010453710.0,8707.2,8708.2
1748010454008.0,8706.9,8707.9
1748010454310.0,8706.2,8707.2
1748010454459.0,8705.9,8706.9
1748010455304.0,8706.2,8707.2
1748010455604.0,8706.4,8707.4
1748010455808.0,8706.7,8707.7
1748010456218.0,8706.4,8707.4
1748010461432.0,8705.9,8706.9
1748010461768.0,8706.7,8707.7
1748010462261,,
1748010465088.0,8706.2,8707.2
1748010466312.0,8706.4,8707.4
1748010466459,,
1748010467477.0,8706.2,8707.2
1748010467776.0,8706.4,8707.4
1748010468506.0,8706.2,8707.2
1748010469232.0,8705.4,8706.4
1748010469380.0,8705.2,8706.2
1748010470919.0,8704.9,8705.9
1748010473751.0,8705.2,8706.2
1748010473899.0,8705.4,8706.4
1748010475817.0,8704.9,8705.9
1748010476118.0,8705.2,8706.2
1748010476351.0,8704.9,8705.9
1748010476649.0,8704.9,8705.9
1748010477197.0,8705.2,8706.2
1748010477645.0,8705.4,8706.4
1748010479218.0,8705.2,8706.2
1748010480584.0,8704.4,8705.4
1748010482695.0,8704.2,8705.2
1748010483032.0,8703.4,8704.4
1748010483538.0,8703.7,8704.7
1748010483891.0,8703.4,8704.4
1748010484191.0,8703.2,8704.2
1748010484340.0,8702.9,8703.9
1748010485213.0,8703.2,8704.2
1748010485512.0,8702.9,8703.9
1748010486140.0,8702.7,8703.7
1748010486804.0,8702.9,8703.9
1748010486951,,
1748010487253.0,8702.9,8703.9
1748010488549.0,8703.2,8704.2
1748010488956.0,8702.9,8703.9
1748010489743.0,8702.7,8703.7
1748010489894.0,8702.4,8703.4
1748010490837.0,8701.7,8702.7
1748010490986.0,8700.9,8701.9
1748010491140.0,8701.4,8702.4
1748010491420.0,8701.7,8702.7
1748010491720.0,8701.4,8702.4
1748010492462.0,8701.7,8702.7
1748010493106,,
1748010493339.0,8701.9,8702.9
1748010493489.0,8702.4,8703.4
1748010493919.0,8702.4,8703.4
1748010494939.0,8701.9,8702.9
1748010495557.0,8702.4,8703.4
1748010496636.0,8702.4,8703.4
1748010497005.0,8702.7,8703.7
1748010497306.0,8702.4,8703.4
1748010499163,,
1748010500297.0,8702.7,8703.7
1748010500598.0,8702.9,8703.9
1748010501181.0,8703.2,8704.2
1748010501329.0,8702.9,8703.9
1748010501479.0,8703.4,8704.4
1748010502198.0,8702.9,8703.9
1748010502904.0,8702.4,8703.4
1748010503688.0,8702.2,8703.2
1748010505661.0,8702.2,8703.2
1748010505978.0,8701.4,8702.4
1748010506910.0,8701.7,8702.7
1748010507210.0,8701.4,8702.4
1748010507627.0,8701.7,8702.7
1748010507776.0,8701.9,8702.9
1748010509176.0,8701.4,8702.4
1748010510144.0,8701.2,8702.2
1748010510443.0,8700.9,8701.9
1748010511307.0,8701.2,8702.2
1748010511753.0,8700.9,8701.9
1748010512213.0,8701.2,8702.2
1748010512674.0,8701.4,8702.4
1748010513444.0,8701.4,8702.4
1748010513971.0,8700.9,8701.9
1748010514272.0,8700.4,8701.4
1748010514913.0,8699.9,8700.9
1748010515660.0,8700.2,8701.2
1748010516028.0,8700.4,8701.4
1748010516177,,
1748010516570.0,8700.4,8701.4
1748010517491.0,8700.7,8701.7
1748010517640.0,8700.4,8701.4
1748010518068.0,8700.9,8701.9
1748010518406.0,8700.4,8701.4
1748010519579.0,8700.7,8701.7
1748010519880.0,8700.9,8701.9
1748010520029.0,8700.7,8701.7
1748010520396.0,8700.9,8701.9
1748010521140.0,8700.7,8701.7
1748010521293.0,8700.9,8701.9
1748010522776.0,8700.4,8701.4
1748010526232.0,8699.7,8700.7
1748010526445,,
1748010527242.0,8699.9,8700.9
1748010527390.0,8699.4,8700.4
1748010529823.0,8698.9,8699.9
1748010531554.0,8698.4,8699.4
1748010532598.0,8698.9,8699.9
1748010532746,,
1748010534728,,
1748010537489.0,8700.4,8701.4
1748010537784.0,8700.2,8701.2
1748010538471,,
1748010538620.0,8700.9,8701.9
1748010541597.0,8701.2,8702.2
1748010541748.0,8701.4,8702.4
1748010542142.0,8701.9,8702.9
1748010543233.0,8701.2,8702.2
1748010543382.0,8700.9,8701.9
1748010543720.0,8700.7,8701.7
1748010543874.0,8700.4,8701.4
1748010547086.0,8700.9,8701.9
1748010547505.0,8700.4,8701.4
1748010547806.0,8700.2,8701.2
1748010548128.0,8699.9,8700.9
1748010548603.0,8700.2,8701.2
1748010548927.0,8700.4,8701.4
1748010549081.0,8700.2,8701.2
1748010549560.0,8699.9,8700.9
1748010549708,,
1748010550392,,
1748010550870.0,8699.7,8700.7
1748010551505.0,8699.4,8700.4
1748010553043.0,8699.9,8700.9
1748010556648.0,8700.2,8701.2
1748010556948.0,8699.9,8700.9
1748010557337.0,8700.2,8701.2
1748010557638.0,8700.9,8701.9
1748010557985.0,8700.7,8701.7
1748010558135.0,8700.9,8701.9
1748010558675.0,8701.4,8702.4
1748010558974.0,8701.2,8702.2
1748010559125.0,8700.9,8701.9
1748010560982.0,8700.4,8701.4
1748010561279.0,8699.9,8700.9
1748010561585.0,8699.9,8700.9
1748010561982.0,8699.4,8700.4
1748010564887.0,8699.7,8700.7
1748010565036.0,8699.9,8700.9
1748010565356.0,8699.7,8700.7
1748010565655.0,8699.9,8700.9
1748010566904.0,8700.2,8701.2
1748010567052.0,8700.4,8701.4
1748010567649.0,8699.9,8700.9
1748010568367.0,8700.4,8701.4
1748010568875.0,8699.9,8700.9
1748010570560.0,8699.7,8700.7
1748010570863.0,8699.4,8700.4
1748010575027.0,8699.9,8700.9
1748010576624.0,8700.2,8701.2
1748010577072.0,8701.4,8702.4
1748010577586.0,8700.9,8701.9
1748010577886.0,8701.2,8702.2
1748010578038.0,8701.4,8702.4
1748010578829.0,8701.7,8702.7
1748010579128.0,8701.4,8702.4
1748010579590.0,8701.2,8702.2
1748010579889.0,8701.4,8702.4
1748010580236.0,8701.2,8702.2
1748010584214.0,8701.4,8702.4
1748010584736.0,8701.9,8702.9
1748010584886.0,8701.4,8702.4
1748010585279,,
1748010585430.0,8701.9,8702.9
1748010587058.0,8702.2,8703.2
1748010587744.0,8702.4,8703.4
1748010587904.0,8702.2,8703.2
1748010588205.0,8701.9,8702.9
1748010588379.0,8701.7,8702.7
1748010590373.0,8701.9,8702.9
1748010590672.0,8701.7,8702.7
1748010591246.0,8701.4,8702.4
1748010592754.0,8701.9,8702.9
1748010593347.0,8701.7,8702.7
1748010595139,,
1748010595978.0,8701.4,8702.4
1748010596127.0,8701.2,8702.2
1748010596276.0,8700.9,8701.9
1748010597341.0,8701.2,8702.2
1748010597491.0,8701.4,8702.4
1748010600021.0,8700.8,8701.8
1748010600434.0,8701.8,8702.8
1748010602787.0,8702.1,8703.1
1748010603483.0,8702.3,8703.3
1748010603635.0,8702.6,8703.6
1748010603935.0,8701.3,8702.3
1748010604770.0,8701.1,8702.1
1748010604919.0,8701.3,8702.3
1748010605150.0,8701.1,8702.1
1748010605604.0,8701.3,8702.3
1748010606120.0,8701.1,8702.1
1748010606269.0,8701.3,8702.3
1748010607185.0,8701.6,8702.6
1748010607326.0,8701.8,8702.8
1748010608086.0,8701.6,8702.6
1748010609438,,
1748010610971.0,8701.3,8702.3
1748010611806.0,8701.6,8702.6
1748010612813.0,8701.8,8702.8
1748010613165.0,8701.6,8702.6
1748010613465.0,8701.8,8702.8
1748010614091.0,8701.8,8702.8
1748010615349,,
1748010616213.0,8701.8,8702.8
1748010618550.0,8702.3,8703.3
1748010618905.0,8702.1,8703.1
1748010619055.0,8702.3,8703.3
1748010620004.0,8702.1,8703.1
1748010620304.0,8701.8,8702.8
1748010620494.0,8702.3,8703.3
1748010620794.0,8701.8,8702.8
1748010621071.0,8702.1,8703.1
1748010621372.0,8701.8,8702.8
1748010621781,,
1748010623052.0,8702.1,8703.1
1748010623206.0,8701.8,8702.8
1748010623909.0,8702.3,8703.3
1748010624223.0,8701.8,8702.8
1748010624528.0,8702.3,8703.3
1748010627090.0,8702.6,8703.6
1748010627390.0,8702.3,8703.3
1748010627594.0,8702.6,8703.6
1748010627746,,
1748010628394.0,8702.8,8703.8
1748010630184.0,8702.6,8703.6
1748010630486.0,8702.1,8703.1
1748010631234.0,8701.6,8702.6
1748010632945.0,8701.1,8702.1
1748010633095.0,8701.3,8702.3
1748010634730.0,8701.1,8702.1
1748010635784.0,8701.3,8702.3
1748010636376.0,8701.6,8702.6
1748010636835.0,8702.3,8703.3
1748010637908.0,8702.8,8703.8
1748010640031.0,8703.1,8704.1
1748010640180,,
1748010640511.0,8702.8,8703.8
1748010640864.0,8703.1,8704.1
1748010641907.0,8703.3,8704.3
1748010642054,,
1748010642544.0,8703.8,8704.8
1748010643231.0,8704.1,8705.1
1748010643377.0,8704.3,8705.3
1748010643747.0,8704.8,8705.8
1748010644047.0,8705.1,8706.1
1748010644198.0,8705.3,8706.3
1748010646284.0,8705.8,8706.8
1748010647703.0,8705.6,8706.6
1748010648023.0,8705.8,8706.8
1748010648324.0,8705.6,8706.6
1748010648685.0,8705.3,8706.3
1748010648833.0,8705.6,8706.6
1748010648981.0,8705.8,8706.8
1748010654494,,
1748010654794.0,8705.6,8706.6
1748010654946.0,8706.1,8707.1
1748010655094.0,8705.8,8706.8
1748010655620.0,8705.3,8706.3
1748010657071.0,8705.6,8706.6
1748010658347.0,8705.8,8706.8
1748010661139.0,8705.6,8706.6
1748010661688.0,8705.8,8706.8
1748010662081.0,8705.6,8706.6
1748010662839.0,8705.8,8706.8
1748010664893.0,8705.6,8706.6
1748010665043.0,8705.8,8706.8
1748010665359.0,8706.1,8707.1
1748010666448.0,8706.1,8707.1
1748010667185.0,8705.8,8706.8
1748010667335,,
1748010667791.0,8705.6,8706.6
1748010668089.0,8705.1,8706.1
1748010668604.0,8704.8,8705.8
1748010669422.0,8705.1,8706.1
1748010670083.0,8704.8,8705.8
1748010670815.0,8704.6,8705.6
1748010671114.0,8705.1,8706.1
1748010671522.0,8704.8,8705.8
1748010671821.0,8704.6,8705.6
1748010671968.0,8705.1,8706.1
1748010672268.0,8704.8,8705.8
1748010672596,,
1748010673136.0,8705.6,8706.6
1748010674133.0,8705.3,8706.3
1748010674435.0,8705.1,8706.1
1748010674783.0,8705.3,8706.3
1748010675420.0,8705.1,8706.1
1748010675716.0,8704.1,8705.1
1748010676104.0,8703.6,8704.6
1748010676862,,
1748010684693,,
1748010690651.0,8704.1,8705.1
1748010691257.0,8703.8,8704.8
1748010692115,,
1748010696264,,
1748010698998.0,8703.3,8704.3
1748010699144.0,8703.6,8704.6
1748010699549.0,8703.3,8704.3
1748010699999.0,8703.3,8704.3
1748010700454.0,8703.6,8704.6
1748010702263.0,8703.3,8704.3
1748010704363.0,8703.6,8704.6
1748010706999.0,8703.8,8704.8
1748010707326.0,8704.1,8705.1
1748010709788.0,8703.8,8704.8
1748010709939.0,8703.3,8704.3
1748010710903.0,8703.1,8704.1
1748010711198.0,8703.6,8704.6
1748010711490.0,8703.3,8704.3
1748010711642,,
1748010711999.0,8703.1,8704.1
1748010712146.0,8702.8,8703.8
1748010712295.0,8703.1,8704.1
1748010712753.0,8703.6,8704.6
1748010712904.0,8703.3,8704.3
1748010713258.0,8703.1,8704.1
1748010713405.0,8702.8,8703.8
1748010714909.0,8703.1,8704.1
1748010715734.0,8703.3,8704.3
1748010717177.0,8703.1,8704.1
1748010717474.0,8703.3,8704.3
1748010717842.0,8703.1,8704.1
1748010718017.0,8703.3,8704.3
1748010718167,,
1748010718411.0,8703.6,8704.6
1748010718560,,
1748010719059.0,8703.3,8704.3
1748010719208.0,8703.6,8704.6
1748010720465,,
1748010720616.0,8704.1,8705.1
1748010721076,,
1748010721291.0,8704.8,8705.8
1748010721439.0,8704.3,8705.3
1748010721767,,
1748010722069.0,8704.1,8705.1
1748010722586.0,8704.6,8705.6
1748010722734.0,8704.8,8705.8
1748010724848,,
1748010725504.0,8704.6,8705.6
1748010726348.0,8704.8,8705.8
1748010726495.0,8705.1,8706.1
1748010727764.0,8704.8,8705.8
1748010729368.0,8705.1,8706.1
1748010730755.0,8705.3,8706.3
1748010732219.0,8705.6,8706.6
1748010733790,,
1748010733997.0,8705.8,8706.8
1748010735297.0,8705.1,8706.1
1748010735534,,
1748010735935.0,8705.3,8706.3
1748010736287.0,8705.1,8706.1
1748010736587.0,8705.3,8706.3
1748010736962.0,8705.1,8706.1
1748010737262.0,8705.3,8706.3
1748010737862.0,8705.1,8706.1
1748010738162.0,8704.8,8705.8
1748010738721.0,8705.3,8706.3
1748010740110.0,8705.6,8706.6
1748010740671.0,8705.8,8706.8
1748010741806.0,8705.3,8706.3
1748010742104.0,8705.6,8706.6
1748010743547,,
1748010744286,,
1748010744434.0,8705.3,8706.3
1748010744782.0,8705.6,8706.6
1748010745749.0,8706.3,8707.3
1748010746048.0,8706.1,8707.1
1748010746358.0,8706.3,8707.3
1748010746944,,
1748010747384.0,8705.8,8706.8
1748010747542.0,8706.1,8707.1
1748010747842.0,8706.3,8707.3
1748010748554.0,8706.1,8707.1
1748010749257.0,8706.3,8707.3
1748010749568.0,8706.6,8707.6
1748010750323.0,8706.8,8707.8
1748010751349.0,8707.6,8708.6
1748010751650.0,8707.3,8708.3
1748010751956.0,8706.8,8707.8
1748010752604.0,8707.1,8708.1
1748010752888.0,8706.8,8707.8
1748010753037.0,8707.1,8708.1
1748010753187.0,8706.8,8707.8
1748010753591.0,8707.1,8708.1
1748010753887.0,8707.3,8708.3
1748010757120.0,8707.6,8708.6
1748010758378.0,8707.8,8708.8
1748010760941.0,8707.8,8708.8
1748010761242.0,8707.3,8708.3
1748010761988.0,8707.1,8708.1
1748010762286.0,8707.3,8708.3
1748010762435.0,8707.6,8708.6
1748010763064,,
1748010763407.0,8707.1,8708.1
1748010764076,,
1748010764228.0,8706.8,8707.8
1748010771015.0,8707.6,8708.6
1748010771161.0,8707.8,8708.8
1748010771762.0,8707.3,8708.3
1748010772437.0,8707.8,8708.8
1748010773675.0,8707.6,8708.6
1748010774027.0,8707.8,8708.8
1748010775443.0,8707.6,8708.6
1748010775985.0,8707.8,8708.8
1748010777250.0,8707.6,8708.6
1748010777395,,
1748010777545.0,8707.8,8708.8
1748010777766.0,8707.6,8708.6
1748010778481.0,8707.8,8708.8
1748010778925,,
1748010779241.0,8707.3,8708.3
1748010779390.0,8707.1,8708.1
1748010782479.0,8707.3,8708.3
1748010782779.0,8707.8,8708.8
1748010787808.0,8707.3,8708.3
1748010788108.0,8707.1,8708.1
1748010789376,,
1748010790228.0,8707.3,8708.3
1748010793404.0,8707.8,8708.8
1748010794051.0,8707.6,8708.6
1748010794430.0,8707.8,8708.8
1748010795725.0,8708.1,8709.1
1748010796375.0,8707.8,8708.8
1748010796520,,
1748010797076.0,8708.1,8709.1
1748010797225.0,8707.8,8708.8
1748010801850.0,8707.6,8708.6
1748010802637.0,8707.3,8708.3
1748010803060.0,8707.8,8708.8
1748010804247.0,8708.1,8709.1
1748010804397,,
1748010804758,,
1748010805241.0,8708.3,8709.3
1748010806187.0,8708.1,8709.1
1748010807841,,
1748010808184,,
1748010811849.0,8708.1,8709.1
1748010812248.0,8708.3,8709.3
1748010816603.0,8709.3,8710.3
1748010818337.0,8709.6,8710.6
1748010818859.0,8709.3,8710.3
1748010819182.0,8709.6,8710.6
1748010819482.0,8709.8,8710.8
1748010819703.0,8710.1,8711.1
1748010819850.0,8709.8,8710.8
1748010820428,,
1748010820688.0,8710.3,8711.3
1748010825565,,
1748010826117.0,8710.6,8711.6
1748010826898,,
1748010827276,,
1748010828086.0,8711.3,8712.3
1748010828705.0,8711.6,8712.6
1748010829923.0,8711.3,8712.3
1748010831131.0,8711.1,8712.1
1748010831998.0,8711.3,8712.3
1748010832419.0,8711.1,8712.1
1748010832770.0,8711.3,8712.3
1748010833912,,
1748010834243.0,8711.8,8712.8
1748010834402.0,8711.6,8712.6
1748010835164.0,8711.8,8712.8
1748010835313.0,8711.6,8712.6
1748010835739.0,8711.3,8712.3
1748010835887,,
1748010836369.0,8711.1,8712.1
1748010837029.0,8711.3,8712.3
1748010838846.0,8711.1,8712.1
1748010839145.0,8711.3,8712.3
1748010839924.0,8711.8,8712.8
1748010840269.0,8712.1,8713.1
1748010840417.0,8712.3,8713.3
1748010842193.0,8712.8,8713.8
1748010842381.0,8712.6,8713.6
1748010842852.0,8712.3,8713.3
1748010843323.0,8712.1,8713.1
1748010843935.0,8711.8,8712.8
1748010844633.0,8711.6,8712.6
1748010845034.0,8711.1,8712.1
1748010845347.0,8710.8,8711.8
1748010845498,,
1748010848203.0,8710.6,8711.6
1748010848503.0,8710.8,8711.8
1748010852437.0,8710.6,8711.6
1748010852733.0,8710.8,8711.8
1748010853106.0,8710.6,8711.6
1748010853257,,
1748010853517.0,8710.8,8711.8
1748010853667,,
1748010854707.0,8709.8,8710.8
1748010854892,,
1748010855485.0,8709.3,8710.3
1748010855824.0,8709.8,8710.8
1748010858356.0,8710.1,8711.1
1748010860124.0,8710.3,8711.3
1748010860872.0,8710.1,8711.1
1748010861170,,
1748010865616.0,8711.6,8712.6
1748010865793.0,8711.3,8712.3
1748010867668.0,8711.6,8712.6
1748010867963,,
1748010868278.0,8711.8,8712.8
1748010868843.0,8712.3,8713.3
1748010869143.0,8712.1,8713.1
1748010869296.0,8712.3,8713.3
1748010869861.0,8712.6,8713.6
1748010870160.0,8712.8,8713.8
1748010870310.0,8712.6,8713.6
1748010870698,,
1748010871884,,
1748010872807,,
1748010873096.0,8712.6,8713.6
1748010873935.0,8712.1,8713.1
1748010874538.0,8712.3,8713.3
1748010875054.0,8712.1,8713.1
1748010876052.0,8712.3,8713.3
1748010876203,,
1748010876419.0,8712.6,8713.6
1748010876716.0,8712.3,8713.3
1748010876878.0,8712.8,8713.8
1748010879836.0,8713.1,8714.1
1748010881020.0,8713.3,8714.3
1748010881319.0,8713.3,8714.3
1748010882464.0,8713.6,8714.6
1748010884597.0,8713.8,8714.8
1748010885604.0,8714.1,8715.1
1748010885898,,
1748010886587.0,8714.3,8715.3
1748010886737,,
1748010887207.0,8714.1,8715.1
1748010887510.0,8714.6,8715.6
1748010887939.0,8714.3,8715.3
1748010888088,,
1748010888445.0,8714.1,8715.1
1748010888744.0,8713.3,8714.3
1748010889696.0,8713.8,8714.8
1748010890049.0,8713.6,8714.6
1748010890348.0,8713.8,8714.8
1748010891808.0,8713.6,8714.6
1748010892680.0,8713.8,8714.8
1748010892978,,
1748010894873.0,8713.6,8714.6
1748010895171.0,8713.6,8714.6
1748010895908,,
1748010899522.0,8713.8,8714.8
1748010901393,,
1748010901793.0,8713.6,8714.6
1748010901943.0,8713.3,8714.3
1748010903565.0,8713.1,8714.1
1748010904490.0,8713.3,8714.3
1748010905534.0,8713.1,8714.1
1748010905837.0,8712.8,8713.8
1748010906098.0,8712.6,8713.6
1748010908707.0,8712.3,8713.3
1748010913613,,
1748010917361.0,8712.1,8713.1
1748010918448,,
1748010918767.0,8712.3,8713.3
1748010920030.0,8712.8,8713.8
1748010920482.0,8712.6,8713.6
1748010920633.0,8712.3,8713.3
1748010920835.0,8712.1,8713.1
1748010924792.0,8712.3,8713.3
1748010926080.0,8712.6,8713.6
1748010926378.0,8712.8,8713.8
1748010927739.0,8712.6,8713.6
1748010929235,,
1748010929524.0,8712.3,8713.3
1748010929674.0,8712.6,8713.6
1748010930317.0,8712.1,8713.1
1748010930646.0,8711.3,8712.3
1748010930959.0,8711.6,8712.6
1748010931493.0,8711.8,8712.8
1748010931793.0,8711.6,8712.6
1748010932287,,
1748010932702.0,8711.8,8712.8
1748010933196.0,8712.1,8713.1
1748010933345.0,8711.6,8712.6
1748010934351.0,8712.3,8713.3
1748010934505.0,8711.8,8712.8
1748010934649,,
1748010935361.0,8712.1,8713.1
1748010935511.0,8712.3,8713.3
1748010936532.0,8712.1,8713.1
1748010936830.0,8712.3,8713.3
1748010938696.0,8712.1,8713.1
1748010939858.0,8711.8,8712.8
1748010940187.0,8711.6,8712.6
1748010940954.0,8711.3,8712.3
1748010941223.0,8711.1,8712.1
1748010941522.0,8710.8,8711.8
1748010943505.0,8710.6,8711.6
1748010944205.0,8710.1,8711.1
1748010944561.0,8710.3,8711.3
1748010947116.0,8709.8,8710.8
1748010947777.0,8709.6,8710.6
1748010947926.0,8709.8,8710.8
1748010949458.0,8710.1,8711.1
1748010951263.0,8710.8,8711.8
1748010951648.0,8710.6,8711.6
1748010952446.0,8710.3,8711.3
1748010953803.0,8710.1,8711.1
1748010954100.0,8710.3,8711.3
1748010957481.0,8710.8,8711.8
1748010957651.0,8710.6,8711.6
1748010959026.0,8710.3,8711.3
1748010960284.0,8710.1,8711.1
1748010960828.0,8710.3,8711.3
1748010960980.0,8710.1,8711.1
1748010961449.0,8710.3,8711.3
1748010962247.0,8710.8,8711.8
1748010962546.0,8710.3,8711.3
1748010965549,,
1748010967299.0,8710.1,8711.1
1748010967599.0,8709.8,8710.8
1748010967806.0,8709.6,8710.6
1748010968885,,
1748010969155.0,8709.6,8710.6
1748010970282.0,8709.8,8710.8
1748010970431.0,8710.1,8711.1
1748010970606.0,8710.3,8711.3
1748010974444.0,8710.1,8711.1
1748010975273.0,8710.3,8711.3
1748010975948.0,8710.6,8711.6
1748010977392.0,8710.1,8711.1
1748010978141.0,8709.8,8710.8
1748010979281.0,8710.1,8711.1
1748010979776.0,8710.3,8711.3
1748010983135.0,8710.1,8711.1
1748010985044.0,8710.6,8711.6
1748010985585.0,8710.8,8711.8
1748010985730,,
1748010987797.0,8711.3,8712.3
1748010989693.0,8711.6,8712.6
1748010989841.0,8711.8,8712.8
1748010989990.0,8711.1,8712.1
1748010990925.0,8710.8,8711.8
1748010991073.0,8711.1,8712.1
1748010991445.0,8710.3,8711.3
1748010992159.0,8710.1,8711.1
1748010992454.0,8709.6,8710.6
1748010993973.0,8710.3,8711.3
1748010994209.0,8710.8,8711.8
1748010994705.0,8710.6,8711.6
1748010995053.0,8710.8,8711.8
1748010997233.0,8710.6,8711.6
1748010997532.0,8710.8,8711.8
1748010998063.0,8711.1,8712.1
1748010998211.0,8710.8,8711.8
1748010999464.0,8711.3,8712.3
1748011000117.0,8711.1,8712.1
1748011000579.0,8711.3,8712.3
1748011000728,,
1748011001592.0,8711.1,8712.1
1748011001903.0,8711.3,8712.3
1748011004013.0,8711.6,8712.6
1748011004310.0,8711.3,8712.3
1748011005861.0,8711.6,8712.6
1748011007284.0,8711.8,8712.8
1748011007697.0,8712.3,8713.3
1748011010154.0,8712.8,8713.8
1748011010305.0,8712.6,8713.6
1748011010603.0,8713.1,8714.1
1748011010751.0,8713.3,8714.3
1748011011205.0,8712.8,8713.8
1748011012791.0,8713.3,8714.3
1748011013367.0,8713.6,8714.6
1748011014379.0,8713.3,8714.3
1748011016007.0,8713.8,8714.8
1748011016155.0,8713.6,8714.6
1748011017229.0,8713.3,8714.3
1748011017894.0,8713.1,8714.1
1748011018045.0,8713.3,8714.3
1748011021126.0,8713.1,8714.1
1748011022423.0,8713.3,8714.3
1748011022572,,
1748011023211.0,8713.1,8714.1
1748011023728.0,8713.3,8714.3
1748011024027.0,8713.1,8714.1
1748011024376.0,8713.3,8714.3
1748011024677.0,8712.8,8713.8
1748011025622,,
1748011026356.0,8713.1,8714.1
1748011027904.0,8713.3,8714.3
1748011028804.0,8713.6,8714.6
1748011029264,,
1748011032182.0,8713.6,8714.6
1748011032329.0,8713.3,8714.3
1748011033022.0,8714.1,8715.1
1748011033997.0,8713.8,8714.8
1748011035805.0,8713.6,8714.6
1748011036095.0,8713.8,8714.8
1748011036556.0,8713.6,8714.6
1748011036856.0,8713.8,8714.8
1748011037557.0,8713.6,8714.6
1748011037707.0,8713.3,8714.3
1748011038004.0,8713.1,8714.1
1748011038393.0,8712.8,8713.8
1748011039693.0,8713.1,8714.1
1748011041964.0,8713.6,8714.6
1748011042645.0,8713.3,8714.3
1748011044360.0,8713.1,8714.1
1748011044867.0,8713.3,8714.3
1748011045630,,
1748011046577.0,8712.8,8713.8
1748011048481.0,8712.6,8713.6
1748011049390.0,8711.8,8712.8
1748011050058.0,8711.6,8712.6
1748011050699.0,8710.8,8711.8
1748011050987.0,8711.3,8712.3
1748011051298,,
1748011051568.0,8710.8,8711.8
1748011052149.0,8710.8,8711.8
1748011052671.0,8710.3,8711.3
1748011053112.0,8710.8,8711.8
1748011053261.0,8711.8,8712.8
1748011053742.0,8712.1,8713.1
1748011054177.0,8712.3,8713.3
1748011055265.0,8712.1,8713.1
1748011055823.0,8711.8,8712.8
1748011056052.0,8712.1,8713.1
1748011056203.0,8711.8,8712.8
1748011058148.0,8711.6,8712.6
1748011058298.0,8711.8,8712.8
1748011058649.0,8711.3,8712.3
1748011059377.0,8710.8,8711.8
1748011059810.0,8711.3,8712.3
1748011059961.0,8710.8,8711.8
1748011060255.0,8711.3,8712.3
1748011061139,,
1748011063451.0,8710.8,8711.8
1748011066940.0,8711.3,8712.3
1748011067090,,
1748011068584.0,8711.1,8712.1
1748011068733.0,8711.3,8712.3
1748011071665.0,8711.8,8712.8
1748011072269.0,8711.3,8712.3
1748011072760.0,8711.6,8712.6
1748011072910.0,8711.8,8712.8
1748011073675,,
1748011074993.0,8712.3,8713.3
1748011075786.0,8712.1,8713.1
1748011076090.0,8712.3,8713.3
1748011076235.0,8712.1,8713.1
1748011076740.0,8712.3,8713.3
1748011077052.0,8712.1,8713.1
1748011077351.0,8711.6,8712.6
1748011077504.0,8711.3,8712.3
1748011078630.0,8711.6,8712.6
1748011078774.0,8711.8,8712.8
1748011080779.0,8711.6,8712.6
1748011081117.0,8711.8,8712.8
1748011082214.0,8711.3,8712.3
1748011084184.0,8711.8,8712.8
1748011084744.0,8711.6,8712.6
1748011085124.0,8711.8,8712.8
1748011085503.0,8712.3,8713.3
1748011086311.0,8712.6,8713.6
1748011086610.0,8712.8,8713.8
1748011087782.0,8713.1,8714.1
1748011089679,,
1748011092642,,
1748011093404.0,8712.8,8713.8
1748011093761.0,8712.6,8713.6
1748011094059.0,8712.8,8713.8
1748011097551,,
1748011098135.0,8713.1,8714.1
1748011100197,,
1748011100897.0,8712.8,8713.8
1748011101415.0,8713.1,8714.1
1748011101649.0,8712.8,8713.8
1748011104520.0,8713.1,8714.1
1748011105256,,
1748011105409.0,8712.8,8713.8
1748011105604.0,8712.6,8713.6
1748011106558.0,8712.8,8713.8
1748011108243.0,8713.1,8714.1
1748011108394.0,8712.8,8713.8
1748011108707.0,8713.1,8714.1
1748011108858.0,8712.8,8713.8
1748011109032.0,8713.1,8714.1
1748011109333,,
1748011110270.0,8713.3,8714.3
1748011110570.0,8713.6,8714.6
1748011110718.0,8713.8,8714.8
1748011112482.0,8713.6,8714.6
1748011113492.0,8713.3,8714.3
1748011113644,,
1748011113790.0,8713.1,8714.1
1748011115570.0,8712.6,8713.6
1748011116340.0,8712.8,8713.8
1748011118916.0,8712.3,8713.3
1748011119203.0,8712.1,8713.1
1748011121166.0,8711.8,8712.8
1748011121316.0,8711.6,8712.6
1748011122056.0,8711.8,8712.8
1748011123247,,
1748011124294.0,8711.6,8712.6
1748011125704.0,8711.8,8712.8
1748011126345.0,8711.6,8712.6
1748011127308.0,8711.3,8712.3
1748011127499.0,8710.8,8711.8
1748011127947.0,8710.3,8711.3
1748011128781.0,8710.1,8711.1
1748011130493.0,8709.6,8710.6
1748011130998,,
1748011131581.0,8709.3,8710.3
1748011133213.0,8709.1,8710.1
1748011133363.0,8709.3,8710.3
1748011133629.0,8709.1,8710.1
1748011133919.0,8709.3,8710.3
1748011134689.0,8709.6,8710.6
1748011135541.0,8709.8,8710.8
1748011135704.0,8710.1,8711.1
1748011136393.0,8710.3,8711.3
1748011137043.0,8710.1,8711.1
1748011137344.0,8710.3,8711.3
1748011139374.0,8710.6,8711.6
1748011140146.0,8710.3,8711.3
1748011140769.0,8710.1,8711.1
1748011141066.0,8709.8,8710.8
1748011141554.0,8710.1,8711.1
1748011141855.0,8710.3,8711.3
1748011142009.0,8710.6,8711.6
1748011142154.0,8710.8,8711.8
1748011142304.0,8710.6,8711.6
1748011144055.0,8710.3,8711.3
1748011146211.0,8710.6,8711.6
1748011146975.0,8711.3,8712.3
1748011147126.0,8710.8,8711.8
1748011147307,,
1748011147660.0,8711.1,8712.1
1748011148013.0,8710.8,8711.8
1748011149119.0,8710.8,8711.8
1748011150430.0,8711.3,8712.3
1748011150728.0,8711.8,8712.8
1748011152106.0,8711.6,8712.6
1748011152555.0,8711.6,8712.6
1748011152753.0,8711.8,8712.8
1748011154206.0,8711.6,8712.6
1748011154353.0,8711.8,8712.8
1748011157360.0,8711.1,8712.1
1748011157510.0,8710.8,8711.8
1748011158225.0,8711.1,8712.1
1748011158526.0,8711.3,8712.3
1748011159363.0,8711.6,8712.6
1748011159672.0,8711.3,8712.3
1748011159812.0,8711.6,8712.6
1748011160306.0,8711.8,8712.8
1748011161314.0,8710.8,8711.8
1748011161464.0,8710.3,8711.3
1748011168307.0,8710.1,8711.1
1748011170865,,
1748011172612.0,8709.6,8710.6
1748011173090.0,8709.8,8710.8
1748011173239,,
1748011174650.0,8710.1,8711.1
1748011174799.0,8709.8,8710.8
1748011174948.0,8710.1,8711.1
1748011175603.0,8710.3,8711.3
1748011176114.0,8710.6,8711.6
1748011176414.0,8710.3,8711.3
1748011177099.0,8710.1,8711.1
1748011183425.0,8710.6,8711.6
1748011183584,,
1748011184703.0,8710.3,8711.3
1748011184999.0,8710.3,8711.3
1748011185529.0,8709.6,8710.6
1748011185772.0,8709.3,8710.3
1748011189065.0,8709.6,8710.6
1748011189946.0,8710.3,8711.3
1748011190403.0,8709.8,8710.8
1748011191228.0,8710.3,8711.3
1748011191865.0,8709.8,8710.8
1748011194914.0,8709.6,8710.6
1748011196185.0,8708.3,8709.3
1748011196590.0,8708.6,8709.6
1748011196957.0,8708.3,8709.3
1748011197109.0,8708.8,8709.8
1748011198260,,
1748011198709.0,8708.6,8709.6
1748011200016.0,8708.3,8709.3
1748011200216.0,8708.5,8709.5
1748011201250.0,8708.3,8709.3
1748011201547.0,8708.5,8709.5
1748011202695.0,8708.3,8709.3
1748011203548.0,8708.0,8709.0
1748011204140.0,8708.3,8709.3
1748011204820.0,8708.0,8709.0
1748011205205.0,8708.3,8709.3
1748011205705.0,8708.0,8709.0
1748011206466.0,8707.8,8708.8
1748011206615,,
1748011206861.0,8708.0,8709.0
1748011207943.0,8708.3,8709.3
1748011208244.0,8708.0,8709.0
1748011208928.0,8708.3,8709.3
1748011209078.0,8708.0,8709.0
1748011209264.0,8708.3,8709.3
1748011210357.0,8708.5,8709.5
1748011212160.0,8708.3,8709.3
1748011213104.0,8708.0,8709.0
1748011215665.0,8708.3,8709.3
1748011215963.0,8708.8,8709.8
1748011216402,,
1748011216588,,
1748011216707.0,8709.0,8710.0
1748011218178.0,8708.8,8709.8
1748011219049,,
1748011219204.0,8709.3,8710.3
1748011219421.0,8709.0,8710.0
1748011219942.0,8709.3,8710.3
1748011220414,,
1748011220824.0,8710.0,8711.0
1748011221372.0,8710.5,8711.5
1748011223033.0,8711.0,8712.0
1748011223389.0,8711.3,8712.3
1748011223539.0,8711.5,8712.5
1748011224546.0,8711.8,8712.8
1748011224842.0,8712.5,8713.5
1748011224994.0,8712.3,8713.3
1748011225414.0,8712.3,8713.3
1748011225561.0,8712.5,8713.5
1748011229508.0,8712.8,8713.8
1748011230237.0,8712.5,8713.5
1748011230539.0,8712.3,8713.3
1748011230690.0,8712.5,8713.5
1748011230917.0,8712.8,8713.8
1748011232118.0,8712.5,8713.5
1748011232267.0,8712.8,8713.8
1748011233112.0,8712.3,8713.3
1748011233261,,
1748011233867.0,8711.8,8712.8
1748011234014.0,8712.0,8713.0
1748011235207.0,8711.8,8712.8
1748011237654.0,8712.0,8713.0
1748011237805.0,8712.3,8713.3
1748011238090.0,8712.0,8713.0
1748011238430.0,8712.3,8713.3
1748011239780.0,8713.0,8714.0
1748011240480.0,8713.3,8714.3
1748011240630.0,8713.0,8714.0
1748011241820.0,8712.8,8713.8
1748011242675.0,8713.0,8714.0
1748011242973.0,8712.8,8713.8
1748011247857.0,8712.5,8713.5
1748011248340.0,8712.3,8713.3
1748011248487.0,8712.5,8713.5
1748011248721.0,8712.3,8713.3
1748011249020.0,8712.5,8713.5
1748011249661.0,8712.3,8713.3
1748011249961.0,8712.0,8713.0
1748011250671.0,8711.5,8712.5
1748011252053.0,8711.8,8712.8
1748011252351.0,8712.0,8713.0
1748011252511.0,8711.8,8712.8
1748011252807,,
1748011253375.0,8711.8,8712.8
1748011255260.0,8712.0,8713.0
1748011255409,,
1748011257087.0,8711.8,8712.8
1748011257842.0,8711.0,8712.0
1748011257995.0,8711.3,8712.3
1748011258214.0,8711.0,8712.0
1748011259070.0,8711.3,8712.3
1748011259560.0,8711.5,8712.5
1748011264642.0,8711.8,8712.8
1748011266071.0,8712.0,8713.0
1748011267904.0,8711.8,8712.8
1748011268204.0,8712.0,8713.0
1748011270759.0,8712.3,8713.3
1748011271067.0,8712.0,8713.0
1748011271628.0,8712.3,8713.3
1748011271779.0,8712.5,8713.5
1748011272726.0,8712.0,8713.0
1748011273025.0,8712.3,8713.3
1748011273174.0,8712.5,8713.5
1748011274175.0,8712.3,8713.3
1748011274957.0,8712.0,8713.0
1748011276284.0,8711.8,8712.8
1748011276439,,
1748011276584.0,8711.5,8712.5
1748011277021.0,8711.5,8712.5
1748011277273.0,8711.0,8712.0
1748011277568.0,8710.8,8711.8
1748011277718.0,8711.0,8712.0
1748011280506.0,8711.3,8712.3
1748011280652.0,8711.5,8712.5
1748011280898.0,8711.8,8712.8
1748011281048.0,8712.0,8713.0
1748011281334.0,8712.3,8713.3
1748011282353.0,8712.0,8713.0
1748011284414.0,8711.5,8712.5
1748011284793.0,8712.0,8713.0
1748011285096.0,8711.5,8712.5
1748011287931.0,8711.8,8712.8
1748011288229.0,8711.5,8712.5
1748011289885.0,8712.0,8713.0
1748011290379.0,8712.3,8713.3
1748011293135.0,8711.5,8712.5
1748011293429.0,8711.3,8712.3
1748011293578.0,8711.5,8712.5
1748011294513,,
1748011294663.0,8712.0,8713.0
1748011296384.0,8711.5,8712.5
1748011297606.0,8711.3,8712.3
1748011300456.0,8711.5,8712.5
1748011302977.0,8711.3,8712.3
1748011303277.0,8711.3,8712.3
1748011303886.0,8711.0,8712.0
1748011304466.0,8710.8,8711.8
1748011304766.0,8711.0,8712.0
1748011305502.0,8710.8,8711.8
1748011305736.0,8711.0,8712.0
1748011306388.0,8711.0,8712.0
1748011307605.0,8711.3,8712.3
1748011309187.0,8711.5,8712.5
1748011311233,,
1748011311850.0,8711.8,8712.8
1748011313846.0,8711.5,8712.5
1748011315253.0,8711.8,8712.8
1748011315844.0,8711.5,8712.5
1748011316359.0,8711.3,8712.3
1748011316499.0,8711.0,8712.0
1748011316956.0,8711.3,8712.3
1748011317404.0,8711.0,8712.0
1748011320465.0,8711.0,8712.0
1748011320923.0,8711.3,8712.3
1748011321222.0,8711.0,8712.0
1748011322295.0,8711.5,8712.5
1748011322484.0,8711.8,8712.8
1748011324333,,
1748011324487.0,8712.0,8713.0
1748011325522.0,8711.8,8712.8
1748011325671.0,8712.0,8713.0
1748011326209.0,8712.3,8713.3
1748011326511.0,8712.0,8713.0
1748011326928.0,8711.8,8712.8
1748011327604.0,8712.0,8713.0
1748011330684.0,8711.8,8712.8
1748011330983.0,8711.5,8712.5
1748011331219.0,8711.3,8712.3
1748011332036.0,8711.0,8712.0
1748011333159.0,8710.8,8711.8
1748011333723.0,8711.0,8712.0
1748011334029.0,8710.8,8711.8
1748011334174.0,8710.0,8711.0
1748011334679.0,8709.8,8710.8
1748011334831.0,8709.3,8710.3
1748011334980.0,8709.0,8710.0
1748011335854.0,8708.8,8709.8
1748011336006.0,8708.5,8709.5
1748011336242.0,8708.3,8709.3
1748011336391,,
1748011336545.0,8708.0,8709.0
1748011336692.0,8708.3,8709.3
1748011337152.0,8709.0,8710.0
1748011338059.0,8708.8,8709.8
1748011338405.0,8709.0,8710.0
1748011338548.0,8708.5,8709.5
1748011339104.0,8708.3,8709.3
1748011339594.0,8708.5,8709.5
1748011339744.0,8708.3,8709.3
1748011340393.0,8708.5,8709.5
1748011340954.0,8709.0,8710.0
1748011341572,,
1748011341896.0,8709.5,8710.5
1748011342493.0,8709.3,8710.3
1748011342792.0,8709.5,8710.5
1748011342943.0,8709.8,8710.8
1748011343092.0,8709.5,8710.5
1748011345389,,
1748011346943,,
1748011347094.0,8709.3,8710.3
1748011347413.0,8709.0,8710.0
1748011347564,,
1748011347714.0,8708.8,8709.8
1748011347865.0,8708.5,8709.5
1748011348065.0,8708.8,8709.8
1748011348210.0,8709.0,8710.0
1748011348652.0,8709.3,8710.3
1748011348803.0,8709.0,8710.0
1748011349638.0,8708.8,8709.8
1748011349946.0,8709.0,8710.0
1748011351230,,
1748011351943.0,8709.3,8710.3
1748011353575.0,8709.0,8710.0
1748011353725,,
1748011354905.0,8708.8,8709.8
1748011355196.0,8708.5,8709.5
1748011356498.0,8708.8,8709.8
1748011357109,,
1748011358967,,
1748011359117,,
1748011360396.0,8708.5,8709.5
1748011360545,,
1748011362139.0,8708.8,8709.8
1748011362884,,
1748011363021.0,8709.5,8710.5
1748011363580,,
1748011363967.0,8709.0,8710.0
1748011364411.0,8709.3,8710.3
1748011364553.0,8709.0,8710.0
1748011364703.0,8709.3,8710.3
1748011364853.0,8709.0,8710.0
1748011366118.0,8708.8,8709.8
1748011366266.0,8708.5,8709.5
1748011369334.0,8708.0,8709.0
1748011371296.0,8708.3,8709.3
1748011371443,,
1748011374006.0,8708.5,8709.5
1748011374503.0,8708.3,8709.3
1748011374803.0,8708.5,8709.5
1748011376976.0,8708.3,8709.3
1748011377123,,
1748011379338.0,8708.0,8709.0
1748011379637.0,8707.5,8708.5
1748011379786.0,8707.8,8708.8
1748011379935.0,8707.5,8708.5
1748011381575.0,8707.3,8708.3
1748011381724.0,8707.8,8708.8
1748011382278,,
1748011382737.0,8708.0,8709.0
1748011383390.0,8708.3,8709.3
1748011383689.0,8708.5,8709.5
1748011383840.0,8708.0,8709.0
1748011384434.0,8708.5,8709.5
1748011384586.0,8708.3,8709.3
1748011384731.0,8708.0,8709.0
1748011390523.0,8708.5,8709.5
1748011390672.0,8708.0,8709.0
1748011392137.0,8707.8,8708.8
1748011392661.0,8708.0,8709.0
1748011392959.0,8708.3,8709.3
1748011393107,,
1748011394012.0,8708.0,8709.0
1748011395108.0,8707.8,8708.8
1748011395623.0,8708.0,8709.0
1748011402377.0,8708.8,8709.8
1748011402909.0,8709.0,8710.0
1748011408044.0,8710.0,8711.0
1748011408438.0,8710.3,8711.3
1748011408587.0,8710.5,8711.5
1748011409327.0,8710.8,8711.8
1748011409627.0,8711.0,8712.0
1748011411525.0,8711.0,8712.0
1748011412550.0,8711.3,8712.3
1748011412695.0,8711.5,8712.5
1748011413191.0,8711.8,8712.8
1748011413632.0,8711.5,8712.5
1748011414485,,
1748011415322,,
1748011416231.0,8711.8,8712.8
1748011416519.0,8711.5,8712.5
1748011417474.0,8711.3,8712.3
1748011418162.0,8711.0,8712.0
1748011418311,,
1748011419553.0,8711.3,8712.3
1748011420704.0,8711.5,8712.5
1748011421575,,
1748011421724.0,8711.3,8712.3
1748011424384.0,8711.5,8712.5
1748011425363.0,8711.3,8712.3
1748011426048.0,8711.0,8712.0
1748011426197.0,8711.5,8712.5
1748011427576.0,8711.0,8712.0
1748011427740.0,8711.5,8712.5
1748011428964.0,8711.0,8712.0
1748011431960.0,8710.8,8711.8
1748011432516.0,8711.0,8712.0
1748011432666.0,8711.3,8712.3
1748011432970.0,8711.5,8712.5
1748011433591.0,8711.3,8712.3
1748011433741.0,8711.0,8712.0
1748011434849.0,8711.3,8712.3
1748011434995.0,8711.5,8712.5
1748011436750,,
1748011440474,,
1748011440706.0,8711.8,8712.8
1748011441504.0,8711.5,8712.5
1748011442183.0,8711.3,8712.3
1748011442479.0,8711.5,8712.5
1748011442912.0,8711.3,8712.3
1748011443823.0,8711.0,8712.0
1748011444219.0,8711.3,8712.3
1748011446374.0,8711.0,8712.0
1748011446521,,
1748011447524.0,8711.3,8712.3
1748011447974.0,8711.3,8712.3
1748011448567.0,8711.3,8712.3
1748011448856.0,8711.5,8712.5
1748011450115.0,8711.3,8712.3
1748011450706.0,8711.5,8712.5
1748011451005.0,8711.3,8712.3
1748011451281.0,8711.5,8712.5
1748011451584.0,8711.8,8712.8
1748011452430.0,8712.0,8713.0
1748011453153.0,8712.3,8713.3
1748011453304.0,8712.0,8713.0
