1748008705778,,
1748008705979.0,36695.1,36702.1
1748008706178.0,36692.6,36699.6
1748008707236.0,36695.1,36702.1
1748008707535.0,36692.6,36699.6
1748008707935.0,36695.1,36702.1
1748008708496.0,36692.6,36699.6
1748008708897.0,36695.1,36702.1
1748008709310.0,36692.6,36699.6
1748008709711.0,36690.1,36697.1
1748008709971.0,36692.6,36699.6
1748008710171.0,36690.1,36697.1
1748008710573.0,36692.6,36699.6
1748008711168.0,36695.1,36702.1
1748008711962,,
1748008712168.0,36700.1,36707.1
1748008713305.0,36697.6,36704.6
1748008713822.0,36695.1,36702.1
1748008714491.0,36697.6,36704.6
1748008714891.0,36692.6,36699.6
1748008715092.0,36695.1,36702.1
1748008715839,,
1748008715945.0,36697.6,36704.6
1748008716571.0,36695.1,36702.1
1748008716980.0,36697.6,36704.6
1748008717905.0,36700.1,36707.1
1748008718304.0,36697.6,36704.6
1748008718703.0,36697.6,36704.6
1748008718913.0,36700.1,36707.1
1748008719658.0,36697.6,36704.6
1748008720057.0,36695.1,36702.1
1748008720379.0,36697.6,36704.6
1748008721080.0,36695.1,36702.1
1748008721508.0,36697.6,36704.6
1748008721830.0,36695.1,36702.1
1748008722389.0,36692.6,36699.6
1748008722590.0,36695.1,36702.1
1748008723556.0,36692.6,36699.6
1748008724224.0,36690.1,36697.1
1748008725067.0,36692.6,36699.6
1748008725560.0,36695.1,36702.1
1748008726795.0,36692.6,36699.6
1748008727396.0,36690.1,36697.1
1748008727595.0,36692.6,36699.6
1748008729803.0,36690.1,36697.1
1748008729999.0,36692.6,36699.6
1748008731468.0,36695.1,36702.1
1748008731667.0,36692.6,36699.6
1748008733729.0,36695.1,36702.1
1748008735219.0,36692.6,36699.6
1748008735786.0,36692.6,36699.6
1748008736329,,
1748008737064.0,36695.1,36702.1
1748008740562.0,36692.6,36699.6
1748008741154.0,36695.1,36702.1
1748008741550.0,36692.6,36699.6
1748008741752.0,36690.1,36697.1
1748008742620.0,36687.6,36694.6
1748008743453.0,36690.1,36697.1
1748008744961.0,36687.6,36694.6
1748008745159.0,36690.1,36697.1
1748008745816.0,36687.6,36694.6
1748008746226.0,36690.1,36697.1
1748008746626.0,36687.6,36694.6
1748008747794.0,36690.1,36697.1
1748008748206.0,36687.6,36694.6
1748008749361.0,36690.1,36697.1
1748008750399.0,36692.6,36699.6
1748008751199.0,36690.1,36697.1
1748008751403.0,36692.6,36699.6
1748008751804.0,36690.1,36697.1
1748008752361.0,36692.6,36699.6
1748008752560.0,36687.6,36694.6
1748008753438.0,36690.1,36697.1
1748008755284.0,36692.6,36699.6
1748008755678.0,36690.1,36697.1
1748008756065.0,36692.6,36699.6
1748008757983.0,36690.1,36697.1
1748008758890.0,36692.6,36699.6
1748008759293.0,36692.6,36699.6
1748008761076.0,36690.1,36697.1
1748008761276.0,36687.6,36694.6
1748008761911.0,36690.1,36697.1
1748008762111.0,36687.6,36694.6
1748008762309.0,36692.6,36699.6
1748008762510.0,36690.1,36697.1
1748008763628.0,36692.6,36699.6
1748008764308.0,36695.1,36702.1
1748008764706.0,36692.6,36699.6
1748008765107.0,36692.6,36699.6
1748008766780.0,36690.1,36697.1
1748008774111,,
1748008774312.0,36685.1,36692.1
1748008774510.0,36687.6,36694.6
1748008774712.0,36690.1,36697.1
1748008775668.0,36687.6,36694.6
1748008776319.0,36690.1,36697.1
1748008777550,,
1748008777750.0,36692.6,36699.6
1748008777950.0,36690.1,36697.1
1748008778751.0,36687.6,36694.6
1748008779340.0,36690.1,36697.1
1748008779949.0,36690.1,36697.1
1748008780156.0,36687.6,36694.6
1748008781848.0,36690.1,36697.1
1748008782248.0,36692.6,36699.6
1748008782862.0,36690.1,36697.1
1748008783283.0,36692.6,36699.6
1748008783809.0,36690.1,36697.1
1748008785108.0,36692.6,36699.6
1748008786387.0,36690.1,36697.1
1748008787321.0,36692.6,36699.6
1748008787519.0,36690.1,36697.1
1748008787718.0,36692.6,36699.6
1748008788647.0,36690.1,36697.1
1748008789469.0,36692.6,36699.6
1748008789667.0,36690.1,36697.1
1748008789986.0,36692.6,36699.6
1748008790386.0,36690.1,36697.1
1748008790816.0,36692.6,36699.6
1748008791405.0,36690.1,36697.1
1748008791604.0,36692.6,36699.6
1748008792094.0,36690.1,36697.1
1748008792702.0,36692.6,36699.6
1748008793468.0,36695.1,36702.1
1748008793668.0,36692.6,36699.6
1748008795097.0,36695.1,36702.1
1748008795296.0,36690.1,36697.1
1748008795497.0,36692.6,36699.6
1748008795914.0,36690.1,36697.1
1748008796313.0,36692.6,36699.6
1748008797542.0,36690.1,36697.1
1748008798079.0,36692.6,36699.6
1748008798896.0,36695.1,36702.1
1748008799297.0,36697.6,36704.6
1748008799664.0,36695.1,36702.1
1748008800067.0,36697.6,36704.6
1748008800465.0,36700.1,36707.1
1748008800666,,
1748008801067.0,36700.1,36707.1
1748008801264.0,36695.1,36702.1
1748008801508.0,36697.6,36704.6
1748008801910.0,36700.1,36707.1
1748008802569.0,36697.6,36704.6
1748008802775.0,36700.1,36707.1
1748008803168.0,36705.1,36712.1
1748008803367.0,36702.6,36709.6
1748008803567.0,36705.1,36712.1
1748008803768.0,36707.6,36714.6
1748008804170.0,36710.1,36717.1
1748008804410.0,36707.6,36714.6
1748008804610.0,36705.1,36712.1
1748008804937.0,36707.6,36714.6
1748008805137.0,36705.1,36712.1
1748008805436,,
1748008805840.0,36705.1,36712.1
1748008806337.0,36707.6,36714.6
1748008807010.0,36710.1,36717.1
1748008807210.0,36707.6,36714.6
1748008809052.0,36710.1,36717.1
1748008809767,,
1748008809969.0,36715.1,36722.1
1748008810982,,
1748008811135.0,36717.6,36724.6
1748008811494.0,36715.1,36722.1
1748008811695.0,36712.6,36719.6
1748008811893.0,36710.1,36717.1
1748008812093.0,36712.6,36719.6
1748008812295.0,36715.1,36722.1
1748008812496.0,36712.6,36719.6
1748008812692.0,36715.1,36722.1
1748008812893.0,36710.1,36717.1
1748008813294.0,36715.1,36722.1
1748008813507.0,36717.6,36724.6
1748008813707.0,36720.1,36727.1
1748008814105.0,36720.1,36727.1
1748008814306.0,36717.6,36724.6
1748008814705.0,36720.1,36727.1
1748008814915.0,36722.6,36729.6
1748008815117.0,36720.1,36727.1
1748008815315,,
1748008816211,,
1748008816411.0,36717.6,36724.6
1748008816644,,
1748008818094.0,36720.1,36727.1
1748008819055.0,36717.6,36724.6
1748008819255.0,36720.1,36727.1
1748008820080.0,36717.6,36724.6
1748008820478.0,36717.6,36724.6
1748008821315.0,36717.6,36724.6
1748008821514.0,36715.1,36722.1
1748008821715.0,36717.6,36724.6
1748008822338.0,36720.1,36727.1
1748008822539.0,36722.6,36729.6
1748008822738.0,36727.6,36734.6
1748008823610.0,36730.1,36737.1
1748008824109.0,36732.6,36739.6
1748008824316.0,36735.1,36742.1
1748008824620.0,36732.6,36739.6
1748008825020.0,36735.1,36742.1
1748008825246,,
1748008825447.0,36732.6,36739.6
1748008825646.0,36730.1,36737.1
1748008826046.0,36732.6,36739.6
1748008826272.0,36730.1,36737.1
1748008826475.0,36727.6,36734.6
1748008826671.0,36730.1,36737.1
1748008826871.0,36727.6,36734.6
1748008827836.0,36725.1,36732.1
1748008828034,,
1748008828687.0,36727.6,36734.6
1748008828885.0,36725.1,36732.1
1748008830329.0,36725.1,36732.1
1748008830785,,
1748008830910.0,36730.1,36737.1
1748008832561.0,36732.6,36739.6
1748008832760.0,36730.1,36737.1
1748008833068.0,36732.6,36739.6
1748008833773.0,36730.1,36737.1
1748008833973.0,36732.6,36739.6
1748008834174.0,36730.1,36737.1
1748008834596.0,36732.6,36739.6
1748008835397,,
1748008835665.0,36730.1,36737.1
1748008836096.0,36732.6,36739.6
1748008836978.0,36730.1,36737.1
1748008837178.0,36732.6,36739.6
1748008837378.0,36730.1,36737.1
1748008837778.0,36727.6,36734.6
1748008837999.0,36730.1,36737.1
1748008838397.0,36735.1,36742.1
1748008838996.0,36740.1,36747.1
1748008839654.0,36740.1,36747.1
1748008839855.0,36737.6,36744.6
1748008840309.0,36740.1,36747.1
1748008841320.0,36737.6,36744.6
1748008842185.0,36740.1,36747.1
1748008842704.0,36742.6,36749.6
1748008843503.0,36740.1,36747.1
1748008843832.0,36737.6,36744.6
1748008844229.0,36740.1,36747.1
1748008844588.0,36737.6,36744.6
1748008844787.0,36740.1,36747.1
1748008845196.0,36737.6,36744.6
1748008845395.0,36740.1,36747.1
1748008845796.0,36737.6,36744.6
1748008846751.0,36735.1,36742.1
1748008847537.0,36732.6,36739.6
1748008847938.0,36730.1,36737.1
1748008848217.0,36727.6,36734.6
1748008848415,,
1748008848617.0,36725.1,36732.1
1748008848817.0,36722.6,36729.6
1748008849018.0,36720.1,36727.1
1748008849216.0,36722.6,36729.6
1748008849417.0,36725.1,36732.1
1748008849817.0,36722.6,36729.6
1748008850018.0,36720.1,36727.1
1748008850218.0,36722.6,36729.6
1748008850651.0,36720.1,36727.1
1748008851051.0,36717.6,36724.6
1748008851252.0,36720.1,36727.1
1748008852052.0,36722.6,36729.6
1748008852451.0,36720.1,36727.1
1748008853611.0,36722.6,36729.6
1748008854011.0,36722.6,36729.6
1748008854407.0,36720.1,36727.1
1748008854809.0,36725.1,36732.1
1748008855016.0,36727.6,36734.6
1748008855207,,
1748008855496.0,36725.1,36732.1
1748008855696.0,36727.6,36734.6
1748008855895.0,36725.1,36732.1
1748008856096.0,36727.6,36734.6
1748008856295.0,36725.1,36732.1
1748008856587.0,36722.6,36729.6
1748008856988.0,36720.1,36727.1
1748008857206.0,36717.6,36724.6
1748008857683.0,36715.1,36722.1
1748008858077.0,36717.6,36724.6
1748008859265.0,36715.1,36722.1
1748008859463.0,36717.6,36724.6
1748008860072.0,36715.1,36722.1
1748008860268.0,36717.6,36724.6
1748008860669.0,36715.1,36722.1
1748008860947.0,36717.6,36724.6
1748008861346.0,36715.1,36722.1
1748008862065,,
1748008862268.0,36717.6,36724.6
1748008862466.0,36720.1,36727.1
1748008862866.0,36717.6,36724.6
1748008864234.0,36720.1,36727.1
1748008864433.0,36717.6,36724.6
1748008864835.0,36715.1,36722.1
1748008865033.0,36712.6,36719.6
1748008865504.0,36715.1,36722.1
1748008865704.0,36710.1,36717.1
1748008866343.0,36707.6,36714.6
1748008866541.0,36710.1,36717.1
1748008866741.0,36712.6,36719.6
1748008866941.0,36710.1,36717.1
1748008867233.0,36707.6,36714.6
1748008867832.0,36712.6,36719.6
1748008868433.0,36710.1,36717.1
1748008868833.0,36707.6,36714.6
1748008869397.0,36710.1,36717.1
1748008869604.0,36712.6,36719.6
1748008870004.0,36710.1,36717.1
1748008870893.0,36707.6,36714.6
1748008871628.0,36707.6,36714.6
1748008872087.0,36710.1,36717.1
1748008872921.0,36712.6,36719.6
1748008873320.0,36715.1,36722.1
1748008873658.0,36712.6,36719.6
1748008873859.0,36715.1,36722.1
1748008874277.0,36720.1,36727.1
1748008874726.0,36722.6,36729.6
1748008874927.0,36727.6,36734.6
1748008875325.0,36730.1,36737.1
1748008875525.0,36735.1,36742.1
1748008876388.0,36737.6,36744.6
1748008876592.0,36735.1,36742.1
1748008877190.0,36737.6,36744.6
1748008877388.0,36735.1,36742.1
1748008878226,,
1748008878427.0,36730.1,36737.1
1748008879447.0,36727.6,36734.6
1748008880341.0,36730.1,36737.1
1748008880759,,
1748008880959.0,36732.6,36739.6
1748008881365.0,36735.1,36742.1
1748008882324.0,36732.6,36739.6
1748008882723.0,36735.1,36742.1
1748008882922.0,36732.6,36739.6
1748008883884.0,36735.1,36742.1
1748008885632.0,36732.6,36739.6
1748008886177.0,36735.1,36742.1
1748008886374,,
1748008886776.0,36730.1,36737.1
1748008886975.0,36732.6,36739.6
1748008887377.0,36735.1,36742.1
1748008888013.0,36737.6,36744.6
1748008888411.0,36740.1,36747.1
1748008888715.0,36737.6,36744.6
1748008889644.0,36740.1,36747.1
1748008889843.0,36737.6,36744.6
1748008890584.0,36740.1,36747.1
1748008890783.0,36737.6,36744.6
1748008891925.0,36740.1,36747.1
1748008892324.0,36740.1,36747.1
1748008893255.0,36737.6,36744.6
1748008893747,,
1748008894612.0,36735.1,36742.1
1748008895012.0,36732.6,36739.6
1748008895213.0,36735.1,36742.1
1748008895411.0,36732.6,36739.6
1748008895954.0,36730.1,36737.1
1748008896149.0,36732.6,36739.6
1748008896348.0,36735.1,36742.1
1748008897930.0,36732.6,36739.6
1748008898129.0,36735.1,36742.1
1748008898713,,
1748008900604.0,36737.6,36744.6
1748008900932.0,36735.1,36742.1
1748008901131.0,36737.6,36744.6
1748008901651.0,36735.1,36742.1
1748008901852.0,36737.6,36744.6
1748008902576.0,36735.1,36742.1
1748008902981.0,36740.1,36747.1
1748008904205.0,36737.6,36744.6
1748008904805.0,36735.1,36742.1
1748008905851,,
1748008906053.0,36730.1,36737.1
1748008906253.0,36727.6,36734.6
1748008906652.0,36725.1,36732.1
1748008906854.0,36727.6,36734.6
1748008907516.0,36725.1,36732.1
1748008908741.0,36722.6,36729.6
1748008909172.0,36725.1,36732.1
1748008910055,,
1748008910257.0,36722.6,36729.6
1748008910492.0,36725.1,36732.1
1748008911034.0,36727.6,36734.6
1748008912195.0,36725.1,36732.1
1748008912394.0,36727.6,36734.6
1748008912594,,
1748008912990,,
1748008913457.0,36730.1,36737.1
1748008914345.0,36732.6,36739.6
1748008914544.0,36737.6,36744.6
1748008914745.0,36735.1,36742.1
1748008915106.0,36732.6,36739.6
1748008915304.0,36735.1,36742.1
1748008915615.0,36737.6,36744.6
1748008916093.0,36740.1,36747.1
1748008916295.0,36737.6,36744.6
1748008917036.0,36735.1,36742.1
1748008917633.0,36737.6,36744.6
1748008918338.0,36735.1,36742.1
1748008919136.0,36737.6,36744.6
1748008919556.0,36740.1,36747.1
1748008919756.0,36737.6,36744.6
1748008920086.0,36735.1,36742.1
1748008920482.0,36735.1,36742.1
1748008920682.0,36732.6,36739.6
1748008921092,,
1748008921482.0,36735.1,36742.1
1748008922098.0,36732.6,36739.6
1748008922311,,
1748008922498.0,36730.1,36737.1
1748008922697.0,36735.1,36742.1
1748008923550.0,36737.6,36744.6
1748008923946.0,36737.6,36744.6
1748008924678.0,36740.1,36747.1
1748008925137,,
1748008925535.0,36745.1,36752.1
1748008925736.0,36742.6,36749.6
1748008925989.0,36745.1,36752.1
1748008926586.0,36742.6,36749.6
1748008926787.0,36740.1,36747.1
1748008926985.0,36742.6,36749.6
1748008927386.0,36745.1,36752.1
1748008928061.0,36747.6,36754.6
1748008928259.0,36745.1,36752.1
1748008928658.0,36742.6,36749.6
1748008928862.0,36745.1,36752.1
1748008929463.0,36742.6,36749.6
1748008930134.0,36740.1,36747.1
1748008932088.0,36737.6,36744.6
1748008932687.0,36735.1,36742.1
1748008933339.0,36732.6,36739.6
1748008933958.0,36730.1,36737.1
1748008934995.0,36727.6,36734.6
1748008935195.0,36725.1,36732.1
1748008935594.0,36730.1,36737.1
1748008935794.0,36732.6,36739.6
1748008935996.0,36735.1,36742.1
1748008936264.0,36732.6,36739.6
1748008936467.0,36735.1,36742.1
1748008936718.0,36732.6,36739.6
1748008937146.0,36730.1,36737.1
1748008937942,,
1748008938144.0,36735.1,36742.1
1748008938343.0,36732.6,36739.6
1748008938844.0,36732.6,36739.6
1748008939244.0,36735.1,36742.1
1748008939445.0,36732.6,36739.6
1748008939647.0,36730.1,36737.1
1748008940685.0,36732.6,36739.6
1748008940885.0,36735.1,36742.1
1748008941764,,
1748008941863.0,36732.6,36739.6
1748008942416.0,36730.1,36737.1
1748008942617.0,36732.6,36739.6
1748008943218.0,36735.1,36742.1
1748008943527,,
1748008943727.0,36737.6,36744.6
1748008943924.0,36740.1,36747.1
1748008944219.0,36737.6,36744.6
1748008944616.0,36740.1,36747.1
1748008945215.0,36740.1,36747.1
1748008945412.0,36737.6,36744.6
1748008945625.0,36735.1,36742.1
1748008946015.0,36730.1,36737.1
1748008946821.0,36732.6,36739.6
1748008948086.0,36735.1,36742.1
1748008948286.0,36732.6,36739.6
1748008949198.0,36730.1,36737.1
1748008949805.0,36727.6,36734.6
1748008950206.0,36727.6,36734.6
1748008950406.0,36730.1,36737.1
1748008951741.0,36732.6,36739.6
1748008951945.0,36730.1,36737.1
1748008952141.0,36732.6,36739.6
1748008953089.0,36730.1,36737.1
1748008953290.0,36732.6,36739.6
1748008954521.0,36730.1,36737.1
1748008954916.0,36727.6,36734.6
1748008955294.0,36730.1,36737.1
1748008955491.0,36727.6,36734.6
1748008955708.0,36725.1,36732.1
1748008955908.0,36727.6,36734.6
1748008956108.0,36725.1,36732.1
1748008956971,,
1748008958159.0,36727.6,36734.6
1748008958358.0,36725.1,36732.1
1748008959274.0,36727.6,36734.6
1748008959472.0,36725.1,36732.1
1748008959848,,
1748008960052.0,36727.6,36734.6
1748008960405.0,36725.1,36732.1
1748008960890.0,36727.6,36734.6
1748008961532.0,36725.1,36732.1
1748008962130.0,36722.6,36729.6
1748008962330.0,36725.1,36732.1
1748008962998.0,36727.6,36734.6
1748008963204.0,36725.1,36732.1
1748008964208.0,36727.6,36734.6
1748008964827.0,36725.1,36732.1
1748008965234.0,36727.6,36734.6
1748008965635.0,36725.1,36732.1
1748008966062.0,36722.6,36729.6
1748008966594.0,36725.1,36732.1
1748008966992.0,36722.6,36729.6
1748008967194.0,36725.1,36732.1
1748008969003.0,36722.6,36729.6
1748008969204.0,36725.1,36732.1
1748008972848,,
1748008974122,,
1748008974222.0,36730.1,36737.1
1748008974752.0,36727.6,36734.6
1748008975311.0,36725.1,36732.1
1748008975511.0,36727.6,36734.6
1748008975710.0,36730.1,36737.1
1748008975910.0,36727.6,36734.6
1748008976549.0,36727.6,36734.6
1748008977105.0,36725.1,36732.1
1748008978075.0,36727.6,36734.6
1748008978274.0,36725.1,36732.1
1748008978474,,
1748008979205.0,36720.1,36727.1
1748008979435.0,36722.6,36729.6
1748008980092.0,36720.1,36727.1
1748008980289.0,36722.6,36729.6
1748008981006.0,36720.1,36727.1
1748008981196.0,36717.6,36724.6
1748008981639.0,36715.1,36722.1
1748008982093.0,36712.6,36719.6
1748008982693.0,36710.1,36717.1
1748008983093.0,36715.1,36722.1
1748008983493.0,36712.6,36719.6
1748008983693.0,36715.1,36722.1
1748008983944.0,36717.6,36724.6
1748008984344.0,36720.1,36727.1
1748008984744.0,36720.1,36727.1
1748008985337.0,36717.6,36724.6
1748008985936.0,36720.1,36727.1
1748008986135.0,36717.6,36724.6
1748008986406.0,36720.1,36727.1
1748008987731.0,36717.6,36724.6
1748008988439.0,36715.1,36722.1
1748008988638,,
1748008989040.0,36717.6,36724.6
1748008989329.0,36715.1,36722.1
1748008990730.0,36712.6,36719.6
1748008990929.0,36715.1,36722.1
1748008991870.0,36712.6,36719.6
1748008992071.0,36715.1,36722.1
1748008993631.0,36717.6,36724.6
1748008994080.0,36717.6,36724.6
1748008994280.0,36720.1,36727.1
1748008994479.0,36717.6,36724.6
1748008995408.0,36715.1,36722.1
1748008995806.0,36712.6,36719.6
1748008996207.0,36715.1,36722.1
1748008996408.0,36712.6,36719.6
1748008996605.0,36715.1,36722.1
1748008996806.0,36712.6,36719.6
1748008997089.0,36710.1,36717.1
1748008997489.0,36707.6,36714.6
1748008997938.0,36710.1,36717.1
1748008998535.0,36712.6,36719.6
1748008998734.0,36715.1,36722.1
1748008998935.0,36717.6,36724.6
1748008999334.0,36715.1,36722.1
1748008999535.0,36717.6,36724.6
1748008999741.0,36715.1,36722.1
1748009000139.0,36720.1,36727.1
1748009000341.0,36717.6,36724.6
1748009000697.0,36720.1,36727.1
1748009000899.0,36717.6,36724.6
1748009001255.0,36720.1,36727.1
1748009001653.0,36717.6,36724.6
1748009001854.0,36720.1,36727.1
1748009002128.0,36722.6,36729.6
1748009003356.0,36720.1,36727.1
1748009003556.0,36717.6,36724.6
1748009004155.0,36720.1,36727.1
1748009004704.0,36720.1,36727.1
1748009004902.0,36717.6,36724.6
1748009006253.0,36715.1,36722.1
1748009006451.0,36712.6,36719.6
1748009006650.0,36710.1,36717.1
1748009007252.0,36707.6,36714.6
1748009007597.0,36710.1,36717.1
1748009007797.0,36707.6,36714.6
1748009008324.0,36710.1,36717.1
1748009008523.0,36707.6,36714.6
1748009008724.0,36710.1,36717.1
1748009009323.0,36715.1,36722.1
1748009010219.0,36712.6,36719.6
1748009010618.0,36715.1,36722.1
1748009011358.0,36712.6,36719.6
1748009011555.0,36715.1,36722.1
1748009011754.0,36712.6,36719.6
1748009012155.0,36715.1,36722.1
1748009012952,,
1748009013154.0,36710.1,36717.1
1748009013770.0,36712.6,36719.6
1748009014238.0,36715.1,36722.1
1748009014438.0,36712.6,36719.6
1748009015255.0,36710.1,36717.1
1748009017044,,
1748009017242.0,36707.6,36714.6
1748009017530.0,36705.1,36712.1
1748009017729.0,36707.6,36714.6
1748009018350.0,36705.1,36712.1
1748009018934,,
1748009019137.0,36702.6,36709.6
1748009019343.0,36705.1,36712.1
1748009019743.0,36707.6,36714.6
1748009019943.0,36705.1,36712.1
1748009020350.0,36702.6,36709.6
1748009020553.0,36700.1,36707.1
1748009021635.0,36697.6,36704.6
1748009021834.0,36700.1,36707.1
1748009022235.0,36700.1,36707.1
1748009023032,,
1748009023228,,
1748009023835.0,36702.6,36709.6
1748009024226.0,36705.1,36712.1
1748009024628.0,36707.6,36714.6
1748009025227.0,36705.1,36712.1
1748009025673.0,36707.6,36714.6
1748009025869.0,36705.1,36712.1
1748009027781.0,36705.1,36712.1
1748009027982.0,36700.1,36707.1
1748009028964.0,36702.6,36709.6
1748009029366.0,36702.6,36709.6
1748009029564.0,36710.1,36717.1
1748009029765.0,36707.6,36714.6
1748009030165.0,36710.1,36717.1
1748009032325.0,36712.6,36719.6
1748009032524.0,36710.1,36717.1
1748009035119,,
1748009035318.0,36712.6,36719.6
1748009035720.0,36712.6,36719.6
1748009035919.0,36710.1,36717.1
1748009037104.0,36707.6,36714.6
1748009038258.0,36710.1,36717.1
1748009038458.0,36707.6,36714.6
1748009038858.0,36710.1,36717.1
1748009039058.0,36707.6,36714.6
1748009039676.0,36710.1,36717.1
1748009040279.0,36705.1,36712.1
1748009040770.0,36707.6,36714.6
1748009040971.0,36710.1,36717.1
1748009041169.0,36712.6,36719.6
1748009041571.0,36712.6,36719.6
1748009041772.0,36715.1,36722.1
1748009042170.0,36720.1,36727.1
1748009042374,,
1748009042998.0,36722.6,36729.6
1748009043195.0,36720.1,36727.1
1748009043397.0,36722.6,36729.6
1748009043597.0,36725.1,36732.1
1748009043997.0,36725.1,36732.1
1748009044531.0,36722.6,36729.6
1748009044732.0,36725.1,36732.1
1748009044934.0,36727.6,36734.6
1748009045332.0,36725.1,36732.1
1748009046915.0,36727.6,36734.6
1748009047315.0,36730.1,36737.1
1748009047890.0,36727.6,36734.6
1748009048086.0,36730.1,36737.1
1748009048288.0,36727.6,36734.6
1748009048746.0,36730.1,36737.1
1748009050015.0,36732.6,36739.6
1748009050213.0,36735.1,36742.1
1748009050410.0,36732.6,36739.6
1748009051013.0,36730.1,36737.1
1748009051229.0,36732.6,36739.6
1748009051429.0,36730.1,36737.1
1748009053698.0,36732.6,36739.6
1748009053896.0,36730.1,36737.1
1748009054298.0,36727.6,36734.6
1748009054495.0,36730.1,36737.1
1748009055282.0,36732.6,36739.6
1748009055483.0,36730.1,36737.1
1748009055739.0,36727.6,36734.6
1748009056138.0,36730.1,36737.1
1748009057268.0,36727.6,36734.6
1748009057666.0,36722.6,36729.6
1748009057867.0,36725.1,36732.1
1748009058305.0,36722.6,36729.6
1748009058706.0,36725.1,36732.1
1748009059380.0,36727.6,36734.6
1748009059578.0,36725.1,36732.1
1748009059780.0,36722.6,36729.6
1748009060179.0,36725.1,36732.1
1748009060378.0,36722.6,36729.6
1748009060577,,
1748009060778.0,36725.1,36732.1
1748009061179.0,36727.6,36734.6
1748009061579.0,36725.1,36732.1
1748009062406.0,36727.6,36734.6
1748009062606.0,36725.1,36732.1
1748009062806.0,36727.6,36734.6
1748009063005.0,36725.1,36732.1
1748009063905.0,36727.6,36734.6
1748009064105.0,36730.1,36737.1
1748009064707.0,36735.1,36742.1
1748009064994.0,36732.6,36739.6
1748009065193,,
1748009065394.0,36735.1,36742.1
1748009065680.0,36737.6,36744.6
1748009065880.0,36735.1,36742.1
1748009066549,,
1748009066760.0,36732.6,36739.6
1748009066960.0,36730.1,36737.1
1748009067161.0,36732.6,36739.6
1748009067362.0,36730.1,36737.1
1748009067561.0,36732.6,36739.6
1748009068151.0,36730.1,36737.1
1748009068350.0,36732.6,36739.6
1748009068878.0,36730.1,36737.1
1748009069277.0,36732.6,36739.6
1748009069668.0,36735.1,36742.1
1748009070067.0,36737.6,36744.6
1748009070270.0,36735.1,36742.1
1748009070469.0,36740.1,36747.1
1748009070669.0,36735.1,36742.1
1748009071353.0,36737.6,36744.6
1748009071553.0,36735.1,36742.1
1748009072106,,
1748009072306.0,36745.1,36752.1
1748009072953.0,36745.1,36752.1
1748009073154.0,36747.6,36754.6
1748009073554.0,36745.1,36752.1
1748009074027.0,36742.6,36749.6
1748009074224.0,36747.6,36754.6
1748009074425.0,36755.1,36762.1
1748009075558,,
1748009075757.0,36760.1,36767.1
1748009075955.0,36757.6,36764.6
1748009076356.0,36755.1,36762.1
1748009077309.0,36752.6,36759.6
1748009077728.0,36750.1,36757.1
1748009077925.0,36752.6,36759.6
1748009078125.0,36750.1,36757.1
1748009079306.0,36747.6,36754.6
1748009079504.0,36745.1,36752.1
1748009079703.0,36747.6,36754.6
1748009080101.0,36745.1,36752.1
1748009080507,,
1748009080906.0,36745.1,36752.1
1748009081100.0,36742.6,36749.6
1748009081306.0,36745.1,36752.1
1748009081698.0,36745.1,36752.1
1748009082107.0,36747.6,36754.6
1748009082306.0,36745.1,36752.1
1748009083207.0,36747.6,36754.6
1748009083404.0,36745.1,36752.1
1748009083754.0,36747.6,36754.6
1748009083953.0,36745.1,36752.1
1748009084939.0,36747.6,36754.6
1748009085540.0,36745.1,36752.1
1748009086038,,
1748009087161.0,36742.6,36749.6
1748009087365.0,36740.1,36747.1
1748009087857,,
1748009088057.0,36737.6,36744.6
1748009088260.0,36735.1,36742.1
1748009088456.0,36737.6,36744.6
1748009089029.0,36735.1,36742.1
1748009089229.0,36737.6,36744.6
1748009089529.0,36740.1,36747.1
1748009090345.0,36737.6,36744.6
1748009090546.0,36740.1,36747.1
1748009091274,,
1748009091463.0,36735.1,36742.1
1748009091849.0,36737.6,36744.6
1748009092577.0,36735.1,36742.1
1748009092977.0,36737.6,36744.6
1748009093424.0,36735.1,36742.1
1748009093822.0,36732.6,36739.6
1748009094607.0,36730.1,36737.1
1748009095669,,
1748009095871.0,36732.6,36739.6
1748009096736.0,36730.1,36737.1
1748009097177.0,36732.6,36739.6
1748009097377.0,36730.1,36737.1
1748009097672.0,36732.6,36739.6
1748009098072.0,36730.1,36737.1
1748009098270.0,36727.6,36734.6
1748009098471.0,36730.1,36737.1
1748009098670.0,36727.6,36734.6
1748009099274.0,36725.1,36732.1
1748009100090.0,36727.6,36734.6
1748009100287,,
1748009100496.0,36730.1,36737.1
1748009100895.0,36727.6,36734.6
1748009101195.0,36730.1,36737.1
1748009101794.0,36732.6,36739.6
1748009103858.0,36735.1,36742.1
1748009104056.0,36732.6,36739.6
1748009104613.0,36727.6,36734.6
1748009106015.0,36725.1,36732.1
1748009106614.0,36727.6,36734.6
1748009106973.0,36725.1,36732.1
1748009107375.0,36727.6,36734.6
1748009107619.0,36725.1,36732.1
1748009107827.0,36727.6,36734.6
1748009108027.0,36730.1,36737.1
1748009108231.0,36732.6,36739.6
1748009108431.0,36730.1,36737.1
1748009109259.0,36727.6,36734.6
1748009109454.0,36730.1,36737.1
1748009110077.0,36727.6,36734.6
1748009110553.0,36725.1,36732.1
1748009110758.0,36727.6,36734.6
1748009111025.0,36725.1,36732.1
1748009111226.0,36727.6,36734.6
1748009111787.0,36725.1,36732.1
1748009112188.0,36722.6,36729.6
1748009112589.0,36725.1,36732.1
1748009113151.0,36722.6,36729.6
1748009113346.0,36725.1,36732.1
1748009114451.0,36727.6,36734.6
1748009114649.0,36730.1,36737.1
1748009115127,,
1748009115329.0,36725.1,36732.1
1748009115926.0,36727.6,36734.6
1748009116465.0,36725.1,36732.1
1748009117649.0,36727.6,36734.6
1748009118048.0,36730.1,36737.1
1748009118448.0,36735.1,36742.1
1748009119511.0,36737.6,36744.6
1748009119913.0,36735.1,36742.1
1748009120846,,
1748009120968.0,36732.6,36739.6
1748009121368.0,36730.1,36737.1
1748009121568.0,36732.6,36739.6
1748009122035.0,36730.1,36737.1
1748009122434.0,36732.6,36739.6
1748009122635.0,36730.1,36737.1
1748009122836.0,36732.6,36739.6
1748009123234.0,36730.1,36737.1
1748009123772.0,36727.6,36734.6
1748009123970.0,36725.1,36732.1
1748009124371.0,36722.6,36729.6
1748009124651.0,36720.1,36727.1
1748009125046.0,36722.6,36729.6
1748009125246.0,36720.1,36727.1
1748009125446.0,36722.6,36729.6
1748009125659.0,36720.1,36727.1
1748009125859.0,36722.6,36729.6
1748009126730.0,36720.1,36727.1
1748009126930.0,36722.6,36729.6
1748009128604.0,36725.1,36732.1
1748009128805.0,36722.6,36729.6
1748009129407.0,36725.1,36732.1
1748009130083.0,36722.6,36729.6
1748009130282.0,36725.1,36732.1
1748009130482.0,36727.6,36734.6
1748009131507.0,36725.1,36732.1
1748009131707.0,36727.6,36734.6
1748009132108.0,36725.1,36732.1
1748009132476.0,36727.6,36734.6
1748009132988.0,36730.1,36737.1
1748009133188.0,36727.6,36734.6
1748009133614.0,36725.1,36732.1
1748009134038.0,36727.6,36734.6
1748009134436.0,36727.6,36734.6
1748009134960.0,36727.6,36734.6
1748009135193.0,36725.1,36732.1
1748009135593.0,36727.6,36734.6
1748009135793.0,36725.1,36732.1
1748009136139.0,36722.6,36729.6
1748009136337.0,36725.1,36732.1
1748009136743.0,36727.6,36734.6
1748009137541.0,36730.1,36737.1
1748009137741,,
1748009138287,,
1748009138692.0,36732.6,36739.6
1748009138938.0,36730.1,36737.1
1748009139631,,
1748009140004.0,36732.6,36739.6
1748009140404.0,36730.1,36737.1
1748009141062.0,36732.6,36739.6
1748009141262.0,36730.1,36737.1
1748009142235.0,36727.6,36734.6
1748009142437.0,36730.1,36737.1
1748009142889.0,36727.6,36734.6
1748009143583.0,36730.1,36737.1
1748009144182.0,36727.6,36734.6
1748009144582.0,36730.1,36737.1
1748009145009,,
1748009145209.0,36725.1,36732.1
1748009146155.0,36722.6,36729.6
1748009146957.0,36725.1,36732.1
1748009148033.0,36727.6,36734.6
1748009148228.0,36725.1,36732.1
1748009148694.0,36727.6,36734.6
1748009149091.0,36725.1,36732.1
1748009149291.0,36727.6,36734.6
1748009149491.0,36725.1,36732.1
1748009149691.0,36727.6,36734.6
1748009149888.0,36725.1,36732.1
1748009150090.0,36727.6,36734.6
1748009150690.0,36730.1,36737.1
1748009150891.0,36732.6,36739.6
1748009151271.0,36730.1,36737.1
1748009151741.0,36732.6,36739.6
1748009151941.0,36730.1,36737.1
1748009152536.0,36732.6,36739.6
1748009152736.0,36730.1,36737.1
1748009153525.0,36727.6,36734.6
1748009153927.0,36730.1,36737.1
1748009155406.0,36727.6,36734.6
1748009155604.0,36730.1,36737.1
1748009156549.0,36732.6,36739.6
1748009156748.0,36735.1,36742.1
1748009156953.0,36732.6,36739.6
1748009157749.0,36730.1,36737.1
1748009158154.0,36750.1,36757.1
1748009158348.0,36747.6,36754.6
1748009158750.0,36750.1,36757.1
1748009158948.0,36747.6,36754.6
1748009159148.0,36745.1,36752.1
1748009159347.0,36747.6,36754.6
1748009159790.0,36747.6,36754.6
1748009160117.0,36745.1,36752.1
1748009161143.0,36742.6,36749.6
1748009161342.0,36745.1,36752.1
1748009161555.0,36742.6,36749.6
1748009161749.0,36745.1,36752.1
1748009162149.0,36745.1,36752.1
1748009162350.0,36747.6,36754.6
1748009162594.0,36745.1,36752.1
1748009164131.0,36742.6,36749.6
1748009164330.0,36745.1,36752.1
1748009164732.0,36742.6,36749.6
1748009164930.0,36745.1,36752.1
1748009165131.0,36742.6,36749.6
1748009165331.0,36745.1,36752.1
1748009165897.0,36747.6,36754.6
1748009166097.0,36745.1,36752.1
1748009166717,,
1748009166920.0,36750.1,36757.1
1748009167431.0,36747.6,36754.6
1748009167776.0,36745.1,36752.1
1748009167973.0,36742.6,36749.6
1748009168172.0,36745.1,36752.1
1748009168372.0,36742.6,36749.6
1748009168593.0,36745.1,36752.1
1748009169513.0,36747.6,36754.6
1748009169710.0,36745.1,36752.1
1748009170326.0,36747.6,36754.6
1748009170526.0,36750.1,36757.1
1748009170725.0,36752.6,36759.6
1748009170996.0,36755.1,36762.1
1748009171489.0,36752.6,36759.6
1748009171889.0,36750.1,36757.1
1748009172289.0,36752.6,36759.6
1748009172489.0,36750.1,36757.1
1748009172992.0,36752.6,36759.6
1748009173394.0,36755.1,36762.1
1748009173592.0,36762.6,36769.6
1748009173792.0,36760.1,36767.1
1748009174139.0,36762.6,36769.6
1748009174337.0,36757.6,36764.6
1748009174738.0,36760.1,36767.1
1748009174938.0,36762.6,36769.6
1748009175138.0,36760.1,36767.1
1748009175776.0,36762.6,36769.6
1748009175976.0,36760.1,36767.1
1748009176472.0,36755.1,36762.1
1748009176973.0,36757.6,36764.6
1748009177173.0,36755.1,36762.1
1748009177573.0,36760.1,36767.1
1748009177770.0,36757.6,36764.6
1748009177971.0,36760.1,36767.1
1748009178318,,
1748009178520.0,36757.6,36764.6
1748009179239.0,36760.1,36767.1
1748009180305,,
1748009181042.0,36755.1,36762.1
1748009181304,,
1748009181905,,
1748009182097.0,36752.6,36759.6
1748009182563.0,36755.1,36762.1
1748009183432,,
1748009183633.0,36757.6,36764.6
1748009183834.0,36755.1,36762.1
1748009184899.0,36752.6,36759.6
1748009185299.0,36750.1,36757.1
1748009185622.0,36747.6,36754.6
1748009185822.0,36750.1,36757.1
1748009186305.0,36747.6,36754.6
1748009186769.0,36750.1,36757.1
1748009187164,,
1748009187405,,
1748009187612,,
1748009187813.0,36755.1,36762.1
1748009188271.0,36750.1,36757.1
1748009188936.0,36752.6,36759.6
1748009189135.0,36750.1,36757.1
1748009189784.0,36752.6,36759.6
1748009189984.0,36750.1,36757.1
1748009190184.0,36752.6,36759.6
1748009190785.0,36755.1,36762.1
1748009191194.0,36750.1,36757.1
1748009192775.0,36750.1,36757.1
1748009193248.0,36752.6,36759.6
1748009193913.0,36755.1,36762.1
1748009194111.0,36752.6,36759.6
1748009194592.0,36750.1,36757.1
1748009194792.0,36752.6,36759.6
1748009195954.0,36750.1,36757.1
1748009196154.0,36752.6,36759.6
1748009196554.0,36755.1,36762.1
1748009196754,,
1748009196955.0,36752.6,36759.6
1748009198005.0,36755.1,36762.1
1748009199437.0,36752.6,36759.6
1748009199852.0,36755.1,36762.1
1748009200053.0,36752.6,36759.6
1748009200453.0,36750.1,36757.1
1748009200908.0,36752.6,36759.6
1748009201310.0,36752.6,36759.6
1748009201609.0,36750.1,36757.1
1748009201809.0,36752.6,36759.6
1748009202010.0,36750.1,36757.1
1748009202445.0,36752.6,36759.6
1748009202907.0,36750.1,36757.1
1748009203558.0,36747.6,36754.6
1748009203959.0,36750.1,36757.1
1748009205558.0,36752.6,36759.6
1748009205958.0,36755.1,36762.1
1748009206361.0,36755.1,36762.1
1748009207057.0,36752.6,36759.6
1748009207490.0,36755.1,36762.1
1748009208783.0,36752.6,36759.6
1748009209859.0,36755.1,36762.1
1748009210263.0,36752.6,36759.6
1748009210661.0,36750.1,36757.1
1748009210861.0,36747.6,36754.6
1748009211910.0,36745.1,36752.1
1748009212109.0,36747.6,36754.6
1748009212714.0,36745.1,36752.1
1748009213315.0,36745.1,36752.1
1748009213511.0,36747.6,36754.6
1748009214192.0,36750.1,36757.1
1748009214933.0,36747.6,36754.6
1748009215132.0,36750.1,36757.1
1748009215673.0,36752.6,36759.6
1748009215872.0,36750.1,36757.1
1748009216376.0,36747.6,36754.6
1748009216575.0,36750.1,36757.1
1748009217207.0,36747.6,36754.6
1748009217405,,
1748009217607.0,36745.1,36752.1
1748009218232.0,36747.6,36754.6
1748009218630.0,36745.1,36752.1
1748009218941.0,36747.6,36754.6
1748009219358.0,36745.1,36752.1
1748009220159,,
1748009222237.0,36747.6,36754.6
1748009222779.0,36750.1,36757.1
1748009223450.0,36752.6,36759.6
1748009223650.0,36755.1,36762.1
1748009223849.0,36750.1,36757.1
1748009224606.0,36752.6,36759.6
1748009224999.0,36755.1,36762.1
1748009225595.0,36752.6,36759.6
1748009225796.0,36755.1,36762.1
1748009226306.0,36750.1,36757.1
1748009226655.0,36752.6,36759.6
1748009227056.0,36750.1,36757.1
1748009227256.0,36752.6,36759.6
1748009227665.0,36755.1,36762.1
1748009227866.0,36757.6,36764.6
1748009228264.0,36755.1,36762.1
1748009229257.0,36757.6,36764.6
1748009229456,,
1748009229857.0,36755.1,36762.1
1748009230915.0,36757.6,36764.6
1748009231114.0,36760.1,36767.1
1748009231314.0,36757.6,36764.6
1748009231699.0,36755.1,36762.1
1748009232846,,
1748009233048.0,36757.6,36764.6
1748009233318.0,36755.1,36762.1
1748009233720.0,36757.6,36764.6
1748009234113,,
1748009234868.0,36757.6,36764.6
1748009235407.0,36755.1,36762.1
1748009236211,,
1748009236410.0,36752.6,36759.6
1748009236609.0,36755.1,36762.1
1748009236810.0,36752.6,36759.6
1748009237034.0,36755.1,36762.1
1748009237633.0,36752.6,36759.6
1748009237833.0,36750.1,36757.1
1748009238227.0,36747.6,36754.6
1748009238609.0,36745.1,36752.1
1748009240598,,
1748009240805.0,36750.1,36757.1
1748009241404.0,36747.6,36754.6
1748009241799.0,36747.6,36754.6
1748009242266.0,36745.1,36752.1
1748009242457.0,36747.6,36754.6
1748009243057.0,36750.1,36757.1
1748009243362.0,36747.6,36754.6
1748009243565.0,36750.1,36757.1
1748009243761.0,36747.6,36754.6
1748009244206.0,36745.1,36752.1
1748009244396.0,36747.6,36754.6
1748009244596.0,36745.1,36752.1
1748009246025.0,36747.6,36754.6
1748009246226.0,36745.1,36752.1
1748009247668.0,36742.6,36749.6
1748009247869.0,36740.1,36747.1
1748009249353,,
1748009249555.0,36737.6,36744.6
1748009249897.0,36735.1,36742.1
1748009250098.0,36737.6,36744.6
1748009250414.0,36735.1,36742.1
1748009250614.0,36737.6,36744.6
1748009251212.0,36740.1,36747.1
1748009251568.0,36742.6,36749.6
1748009251767.0,36740.1,36747.1
1748009252663.0,36737.6,36744.6
1748009253108.0,36740.1,36747.1
1748009253648.0,36742.6,36749.6
1748009253845.0,36740.1,36747.1
1748009254812.0,36742.6,36749.6
1748009255011.0,36740.1,36747.1
1748009255892.0,36737.6,36744.6
1748009256293.0,36740.1,36747.1
1748009256763.0,36742.6,36749.6
1748009257160.0,36740.1,36747.1
1748009258250.0,36737.6,36744.6
1748009258452.0,36740.1,36747.1
1748009258651.0,36735.1,36742.1
1748009258852.0,36737.6,36744.6
1748009259057.0,36740.1,36747.1
1748009259354.0,36737.6,36744.6
1748009260354.0,36740.1,36747.1
1748009260761.0,36742.6,36749.6
1748009261160.0,36740.1,36747.1
1748009261362.0,36742.6,36749.6
1748009261561.0,36745.1,36752.1
1748009262347.0,36747.6,36754.6
1748009262547.0,36745.1,36752.1
1748009263345.0,36747.6,36754.6
1748009263546.0,36745.1,36752.1
1748009263795.0,36747.6,36754.6
1748009263993.0,36750.1,36757.1
1748009264957,,
1748009265161.0,36745.1,36752.1
1748009265357.0,36742.6,36749.6
1748009265558.0,36745.1,36752.1
1748009266012.0,36742.6,36749.6
1748009267405.0,36740.1,36747.1
1748009268180.0,36737.6,36744.6
1748009268376.0,36740.1,36747.1
1748009268578.0,36737.6,36744.6
1748009268776.0,36740.1,36747.1
1748009269111.0,36737.6,36744.6
1748009269310.0,36740.1,36747.1
1748009269512.0,36742.6,36749.6
1748009269758.0,36740.1,36747.1
1748009271221.0,36737.6,36744.6
1748009271975.0,36740.1,36747.1
1748009272685.0,36737.6,36744.6
1748009274949.0,36740.1,36747.1
1748009276953.0,36737.6,36744.6
1748009277152.0,36740.1,36747.1
1748009277395.0,36737.6,36744.6
1748009277595.0,36740.1,36747.1
1748009277794.0,36737.6,36744.6
1748009278269.0,36735.1,36742.1
1748009278464.0,36732.6,36739.6
1748009278807.0,36730.1,36737.1
1748009279205.0,36732.6,36739.6
1748009279605.0,36735.1,36742.1
1748009279852.0,36732.6,36739.6
1748009280255.0,36735.1,36742.1
1748009281262,,
1748009281464.0,36740.1,36747.1
1748009286765,,
1748009286971.0,36737.6,36744.6
1748009287520.0,36735.1,36742.1
1748009288120.0,36735.1,36742.1
1748009288367,,
1748009288520.0,36740.1,36747.1
1748009288720.0,36737.6,36744.6
1748009289032.0,36735.1,36742.1
1748009289230.0,36737.6,36744.6
1748009289509.0,36740.1,36747.1
1748009289970.0,36737.6,36744.6
1748009290689.0,36735.1,36742.1
1748009290890.0,36737.6,36744.6
1748009291957.0,36735.1,36742.1
1748009293178,,
1748009293373.0,36732.6,36739.6
1748009294233.0,36732.6,36739.6
1748009294514.0,36730.1,36737.1
1748009295146.0,36732.6,36739.6
1748009295545.0,36735.1,36742.1
1748009295745.0,36732.6,36739.6
1748009296528.0,36730.1,36737.1
1748009297113.0,36727.6,36734.6
1748009297866.0,36725.1,36732.1
1748009298066.0,36727.6,36734.6
1748009298541.0,36730.1,36737.1
1748009299508.0,36727.6,36734.6
1748009299708.0,36730.1,36737.1
1748009300508.0,36727.6,36734.6
1748009300961.0,36730.1,36737.1
1748009301161.0,36727.6,36734.6
1748009301359.0,36730.1,36737.1
1748009301562.0,36727.6,36734.6
1748009301761.0,36730.1,36737.1
1748009302327.0,36727.6,36734.6
1748009302526.0,36730.1,36737.1
1748009302726.0,36727.6,36734.6
1748009303129.0,36725.1,36732.1
1748009303666.0,36727.6,36734.6
1748009304062.0,36727.6,36734.6
1748009304469.0,36725.1,36732.1
1748009304668.0,36727.6,36734.6
1748009304867.0,36725.1,36732.1
1748009305345.0,36722.6,36729.6
1748009305545.0,36725.1,36732.1
1748009305946.0,36722.6,36729.6
1748009306146.0,36725.1,36732.1
1748009307354.0,36722.6,36729.6
1748009307756.0,36725.1,36732.1
1748009308037.0,36722.6,36729.6
1748009308437.0,36720.1,36727.1
1748009309216.0,36722.6,36729.6
1748009309615.0,36727.6,36734.6
1748009309813.0,36725.1,36732.1
1748009310816.0,36722.6,36729.6
1748009311015.0,36725.1,36732.1
1748009311425.0,36727.6,36734.6
1748009311826.0,36725.1,36732.1
1748009312025.0,36727.6,36734.6
1748009312425.0,36725.1,36732.1
1748009313036.0,36727.6,36734.6
1748009314456.0,36730.1,36737.1
1748009314653.0,36727.6,36734.6
1748009314853.0,36730.1,36737.1
1748009315390.0,36732.6,36739.6
1748009315588.0,36730.1,36737.1
1748009315988.0,36730.1,36737.1
1748009317336.0,36732.6,36739.6
1748009317534.0,36735.1,36742.1
1748009318334.0,36732.6,36739.6
1748009318572.0,36730.1,36737.1
1748009319018.0,36732.6,36739.6
1748009319456.0,36730.1,36737.1
1748009320142.0,36732.6,36739.6
1748009320342.0,36730.1,36737.1
1748009321183.0,36732.6,36739.6
1748009321794.0,36730.1,36737.1
1748009322865.0,36732.6,36739.6
1748009323062.0,36730.1,36737.1
1748009323796.0,36732.6,36739.6
1748009323996.0,36730.1,36737.1
1748009324195.0,36732.6,36739.6
1748009325111.0,36730.1,36737.1
1748009325783.0,36732.6,36739.6
1748009326184.0,36730.1,36737.1
1748009327517.0,36732.6,36739.6
1748009327714.0,36730.1,36737.1
1748009327915.0,36727.6,36734.6
1748009328116.0,36730.1,36737.1
1748009329136.0,36732.6,36739.6
1748009329819.0,36730.1,36737.1
1748009331654.0,36732.6,36739.6
1748009331853.0,36730.1,36737.1
1748009332054.0,36735.1,36742.1
1748009333825,,
1748009334023.0,36737.6,36744.6
1748009334227.0,36740.1,36747.1
1748009334516,,
1748009334913.0,36742.6,36749.6
1748009335128.0,36740.1,36747.1
1748009336269.0,36737.6,36744.6
1748009336468.0,36740.1,36747.1
1748009337209.0,36742.6,36749.6
1748009337608.0,36740.1,36747.1
1748009337810.0,36745.1,36752.1
1748009338154.0,36742.6,36749.6
1748009339345.0,36740.1,36747.1
1748009339544.0,36742.6,36749.6
1748009339946.0,36745.1,36752.1
1748009340199.0,36747.6,36754.6
1748009340398.0,36745.1,36752.1
1748009340672.0,36742.6,36749.6
1748009341072.0,36740.1,36747.1
1748009341272.0,36742.6,36749.6
1748009341794.0,36740.1,36747.1
1748009342193.0,36742.6,36749.6
1748009342654.0,36740.1,36747.1
1748009342854.0,36742.6,36749.6
1748009343055.0,36740.1,36747.1
1748009343255.0,36742.6,36749.6
1748009343653.0,36740.1,36747.1
1748009345529.0,36737.6,36744.6
1748009345730.0,36740.1,36747.1
1748009346161.0,36737.6,36744.6
1748009346360.0,36740.1,36747.1
1748009346825.0,36737.6,36744.6
1748009347226.0,36735.1,36742.1
1748009347728.0,36730.1,36737.1
1748009348055.0,36732.6,36739.6
1748009348255.0,36730.1,36737.1
1748009349583.0,36732.6,36739.6
1748009349785.0,36730.1,36737.1
1748009350170.0,36732.6,36739.6
1748009350609.0,36735.1,36742.1
1748009351070.0,36732.6,36739.6
1748009352482.0,36730.1,36737.1
1748009352682.0,36732.6,36739.6
1748009352881.0,36730.1,36737.1
1748009353482.0,36732.6,36739.6
1748009353681.0,36730.1,36737.1
1748009353882.0,36732.6,36739.6
1748009354282.0,36730.1,36737.1
1748009354482.0,36732.6,36739.6
1748009354684.0,36735.1,36742.1
1748009355199.0,36735.1,36742.1
1748009356208.0,36732.6,36739.6
1748009358745.0,36735.1,36742.1
1748009359144.0,36730.1,36737.1
1748009359351.0,36727.6,36734.6
1748009359547.0,36730.1,36737.1
1748009360228.0,36732.6,36739.6
1748009360427.0,36730.1,36737.1
1748009362521.0,36732.6,36739.6
1748009362719.0,36730.1,36737.1
1748009362938.0,36732.6,36739.6
1748009363139.0,36730.1,36737.1
1748009364297.0,36732.6,36739.6
1748009364897.0,36735.1,36742.1
1748009365208.0,36732.6,36739.6
1748009366394.0,36730.1,36737.1
1748009366598.0,36732.6,36739.6
1748009366840.0,36735.1,36742.1
1748009367042.0,36732.6,36739.6
1748009368623.0,36730.1,36737.1
1748009369233.0,36732.6,36739.6
1748009369838.0,36730.1,36737.1
1748009370496.0,36732.6,36739.6
1748009371118.0,36735.1,36742.1
1748009371320.0,36732.6,36739.6
1748009371518.0,36735.1,36742.1
1748009372222.0,36737.6,36744.6
1748009372634.0,36735.1,36742.1
1748009372832,,
1748009373289.0,36732.6,36739.6
1748009373887.0,36730.1,36737.1
1748009374206.0,36727.6,36734.6
1748009374638.0,36725.1,36732.1
1748009374833.0,36727.6,36734.6
1748009375332.0,36730.1,36737.1
1748009375532.0,36727.6,36734.6
1748009375932.0,36730.1,36737.1
1748009376630.0,36727.6,36734.6
1748009377434.0,36730.1,36737.1
1748009377631.0,36727.6,36734.6
1748009378031.0,36730.1,36737.1
1748009378546.0,36732.6,36739.6
1748009378746.0,36730.1,36737.1
1748009380520.0,36727.6,36734.6
1748009380921.0,36725.1,36732.1
1748009381296.0,36722.6,36729.6
1748009381491.0,36725.1,36732.1
1748009381695.0,36722.6,36729.6
1748009382498.0,36725.1,36732.1
1748009382695.0,36722.6,36729.6
1748009384009.0,36720.1,36727.1
1748009384407.0,36722.6,36729.6
1748009385020.0,36720.1,36727.1
1748009385219.0,36722.6,36729.6
1748009385456.0,36720.1,36727.1
1748009386379.0,36717.6,36724.6
1748009386576.0,36720.1,36727.1
1748009388024.0,36717.6,36724.6
1748009388423.0,36720.1,36727.1
1748009389149.0,36717.6,36724.6
1748009390331.0,36720.1,36727.1
1748009391079.0,36717.6,36724.6
1748009391278,,
1748009391721.0,36720.1,36727.1
1748009391921.0,36717.6,36724.6
1748009392766.0,36717.6,36724.6
1748009394303.0,36720.1,36727.1
1748009394503.0,36717.6,36724.6
1748009394949.0,36715.1,36722.1
1748009395784.0,36717.6,36724.6
1748009396387.0,36715.1,36722.1
1748009396787.0,36717.6,36724.6
1748009397187.0,36715.1,36722.1
1748009398114.0,36712.6,36719.6
1748009398974.0,36710.1,36717.1
1748009399374.0,36712.6,36719.6
1748009399574.0,36710.1,36717.1
1748009399776.0,36707.6,36714.6
1748009400175.0,36705.1,36712.1
1748009400380.0,36707.6,36714.6
1748009400576.0,36705.1,36712.1
1748009400985.0,36705.1,36712.1
1748009401383.0,36707.6,36714.6
1748009402266.0,36705.1,36712.1
1748009402669.0,36707.6,36714.6
1748009403284.0,36710.1,36717.1
1748009403482.0,36707.6,36714.6
1748009403880.0,36705.1,36712.1
1748009404393,,
1748009404593.0,36702.6,36709.6
1748009405315.0,36700.1,36707.1
1748009405507.0,36702.6,36709.6
1748009406830.0,36700.1,36707.1
1748009407030.0,36702.6,36709.6
1748009407521.0,36705.1,36712.1
1748009407920.0,36702.6,36709.6
1748009408439.0,36705.1,36712.1
1748009409198.0,36707.6,36714.6
1748009409399.0,36710.1,36717.1
1748009410481,,
1748009411105.0,36707.6,36714.6
1748009411305.0,36705.1,36712.1
1748009411621.0,36707.6,36714.6
1748009412126.0,36710.1,36717.1
1748009412323,,
1748009413255.0,36707.6,36714.6
1748009413739.0,36705.1,36712.1
1748009413939.0,36707.6,36714.6
1748009414140.0,36705.1,36712.1
1748009415046.0,36702.6,36709.6
1748009415482.0,36705.1,36712.1
1748009415882.0,36702.6,36709.6
1748009416426.0,36700.1,36707.1
1748009417174,,
1748009417373,,
1748009417941.0,36697.6,36704.6
1748009418540.0,36700.1,36707.1
1748009418740.0,36697.6,36704.6
1748009419733.0,36700.1,36707.1
1748009420333.0,36697.6,36704.6
1748009421136.0,36700.1,36707.1
1748009421406.0,36697.6,36704.6
1748009422231.0,36700.1,36707.1
1748009422630.0,36697.6,36704.6
1748009423510.0,36700.1,36707.1
1748009426130,,
1748009426329.0,36702.6,36709.6
1748009426757.0,36705.1,36712.1
1748009427246.0,36702.6,36709.6
1748009427648.0,36705.1,36712.1
1748009427953.0,36702.6,36709.6
1748009429394.0,36705.1,36712.1
1748009429593.0,36702.6,36709.6
1748009430457.0,36705.1,36712.1
1748009430973,,
1748009431176.0,36707.6,36714.6
1748009431675.0,36705.1,36712.1
1748009431875,,
1748009434569.0,36707.6,36714.6
1748009434970.0,36705.1,36712.1
1748009435284.0,36707.6,36714.6
1748009435483.0,36705.1,36712.1
1748009436159.0,36707.6,36714.6
1748009436621.0,36705.1,36712.1
1748009437382.0,36707.6,36714.6
1748009437834.0,36710.1,36717.1
1748009438035.0,36707.6,36714.6
1748009439206.0,36705.1,36712.1
1748009439606.0,36707.6,36714.6
1748009439805.0,36705.1,36712.1
1748009440130.0,36707.6,36714.6
1748009440329.0,36705.1,36712.1
1748009440826,,
1748009440936.0,36707.6,36714.6
1748009441880.0,36705.1,36712.1
1748009442079.0,36707.6,36714.6
1748009442278.0,36705.1,36712.1
1748009442960.0,36707.6,36714.6
1748009443166.0,36710.1,36717.1
1748009443739.0,36707.6,36714.6
1748009444135.0,36705.1,36712.1
1748009444644.0,36705.1,36712.1
1748009445590.0,36707.6,36714.6
1748009446711.0,36710.1,36717.1
1748009446909.0,36707.6,36714.6
1748009447564.0,36710.1,36717.1
1748009447765.0,36707.6,36714.6
1748009449775.0,36710.1,36717.1
1748009450845,,
1748009451047.0,36712.6,36719.6
1748009451404.0,36710.1,36717.1
1748009451803.0,36712.6,36719.6
1748009452204.0,36710.1,36717.1
1748009453106,,
1748009453306.0,36707.6,36714.6
1748009453581.0,36705.1,36712.1
1748009453984.0,36702.6,36709.6
1748009454562.0,36700.1,36707.1
1748009455130.0,36697.6,36704.6
1748009455328.0,36700.1,36707.1
1748009455530.0,36695.1,36702.1
1748009456158.0,36692.6,36699.6
1748009456558.0,36695.1,36702.1
1748009456787,,
1748009456989.0,36700.1,36707.1
1748009458917,,
1748009459017.0,36697.6,36704.6
1748009459894.0,36695.1,36702.1
1748009460095.0,36697.6,36704.6
1748009460683.0,36695.1,36702.1
1748009460882.0,36697.6,36704.6
1748009461085.0,36695.1,36702.1
1748009461284.0,36697.6,36704.6
1748009461486.0,36695.1,36702.1
1748009462112.0,36692.6,36699.6
1748009462512.0,36695.1,36702.1
1748009462946.0,36692.6,36699.6
1748009464029.0,36695.1,36702.1
1748009464229.0,36692.6,36699.6
1748009464429.0,36695.1,36702.1
1748009464772.0,36692.6,36699.6
1748009464972.0,36690.1,36697.1
1748009466746.0,36687.6,36694.6
1748009467148.0,36685.1,36692.1
1748009467349.0,36690.1,36697.1
1748009467547.0,36692.6,36699.6
1748009468346.0,36690.1,36697.1
1748009468763.0,36692.6,36699.6
1748009468963.0,36690.1,36697.1
1748009469164.0,36695.1,36702.1
1748009469648.0,36692.6,36699.6
1748009469849.0,36690.1,36697.1
1748009470080.0,36692.6,36699.6
1748009470480.0,36690.1,36697.1
1748009470679.0,36687.6,36694.6
1748009470928.0,36690.1,36697.1
1748009471125.0,36687.6,36694.6
1748009471560.0,36690.1,36697.1
1748009472340,,
1748009472536.0,36685.1,36692.1
1748009472736.0,36687.6,36694.6
1748009473757.0,36690.1,36697.1
1748009474737.0,36692.6,36699.6
1748009475229.0,36690.1,36697.1
1748009476314.0,36692.6,36699.6
1748009476512.0,36695.1,36702.1
1748009476714.0,36692.6,36699.6
1748009476923.0,36695.1,36702.1
1748009477323.0,36697.6,36704.6
1748009477716.0,36695.1,36702.1
1748009478331.0,36697.6,36704.6
1748009479505.0,36697.6,36704.6
1748009479912.0,36695.1,36702.1
1748009480315.0,36697.6,36704.6
1748009480510.0,36700.1,36707.1
1748009480911.0,36695.1,36702.1
1748009481615.0,36697.6,36704.6
1748009482208.0,36700.1,36707.1
1748009483537.0,36702.6,36709.6
1748009483936.0,36705.1,36712.1
1748009484135.0,36710.1,36717.1
1748009484335.0,36705.1,36712.1
1748009484863.0,36707.6,36714.6
1748009485062.0,36705.1,36712.1
1748009486133.0,36707.6,36714.6
1748009486531.0,36705.1,36712.1
1748009486931,,
1748009487132.0,36700.1,36707.1
1748009488125.0,36702.6,36709.6
1748009488529.0,36705.1,36712.1
1748009488729.0,36702.6,36709.6
1748009489251.0,36700.1,36707.1
1748009489652.0,36702.6,36709.6
1748009491211.0,36702.6,36709.6
1748009491418.0,36705.1,36712.1
1748009491618.0,36702.6,36709.6
1748009491879.0,36705.1,36712.1
1748009492078.0,36702.6,36709.6
1748009492656.0,36705.1,36712.1
1748009492855.0,36702.6,36709.6
1748009493056.0,36705.1,36712.1
1748009496673,,
1748009496874.0,36707.6,36714.6
1748009497293.0,36707.6,36714.6
1748009497695.0,36710.1,36717.1
1748009500091,,
1748009500291.0,36707.6,36714.6
1748009501574.0,36710.1,36717.1
1748009501975.0,36707.6,36714.6
1748009502171.0,36710.1,36717.1
1748009502575.0,36710.1,36717.1
1748009503419.0,36715.1,36722.1
1748009503620.0,36712.6,36719.6
1748009503817.0,36715.1,36722.1
1748009504018.0,36712.6,36719.6
1748009504419.0,36715.1,36722.1
1748009504619.0,36712.6,36719.6
1748009505274.0,36712.6,36719.6
1748009506244.0,36710.1,36717.1
1748009506694.0,36712.6,36719.6
1748009507743.0,36715.1,36722.1
1748009508741.0,36717.6,36724.6
1748009509181.0,36715.1,36722.1
1748009511653,,
1748009511852.0,36712.6,36719.6
1748009512054.0,36715.1,36722.1
1748009512253.0,36712.6,36719.6
1748009512864.0,36715.1,36722.1
1748009513583.0,36712.6,36719.6
1748009514444.0,36715.1,36722.1
1748009515187,,
1748009516262,,
1748009516457.0,36710.1,36717.1
1748009516762.0,36712.6,36719.6
1748009517163.0,36712.6,36719.6
1748009517918.0,36710.1,36717.1
1748009519021.0,36712.6,36719.6
1748009519567.0,36710.1,36717.1
1748009519767.0,36712.6,36719.6
1748009520105.0,36715.1,36722.1
1748009521052,,
1748009521449.0,36710.1,36717.1
1748009521894.0,36712.6,36719.6
1748009522893.0,36715.1,36722.1
1748009526998.0,36712.6,36719.6
1748009527204.0,36710.1,36717.1
1748009527925,,
1748009528126.0,36707.6,36714.6
1748009528930.0,36705.1,36712.1
1748009529129.0,36707.6,36714.6
1748009529658.0,36710.1,36717.1
1748009530186.0,36712.6,36719.6
1748009530584.0,36710.1,36717.1
1748009530783.0,36712.6,36719.6
1748009531293.0,36710.1,36717.1
1748009532334.0,36712.6,36719.6
1748009532934.0,36710.1,36717.1
1748009533365.0,36712.6,36719.6
1748009533763,,
1748009534164.0,36715.1,36722.1
1748009534366.0,36717.6,36724.6
1748009534564.0,36715.1,36722.1
1748009535074,,
1748009535276.0,36712.6,36719.6
1748009535675.0,36715.1,36722.1
1748009536279.0,36715.1,36722.1
1748009536566.0,36717.6,36724.6
1748009536765.0,36715.1,36722.1
1748009537860,,
1748009538060.0,36720.1,36727.1
1748009538259.0,36722.6,36729.6
1748009539060.0,36727.6,36734.6
1748009539260.0,36725.1,36732.1
1748009539460.0,36727.6,36734.6
1748009539660.0,36730.1,36737.1
1748009539861.0,36732.6,36739.6
1748009540059.0,36737.6,36744.6
1748009540458.0,36745.1,36752.1
1748009540659.0,36750.1,36757.1
1748009540859.0,36747.6,36754.6
1748009541060.0,36745.1,36752.1
1748009541387.0,36747.6,36754.6
1748009541587.0,36750.1,36757.1
1748009542408.0,36747.6,36754.6
1748009542607.0,36750.1,36757.1
1748009543059.0,36747.6,36754.6
1748009543259.0,36750.1,36757.1
1748009544723.0,36750.1,36757.1
1748009544953.0,36747.6,36754.6
1748009545154.0,36750.1,36757.1
1748009545926.0,36752.6,36759.6
1748009546328.0,36752.6,36759.6
1748009546530.0,36755.1,36762.1
1748009546726.0,36752.6,36759.6
1748009547139.0,36755.1,36762.1
1748009547337.0,36752.6,36759.6
1748009547554.0,36755.1,36762.1
1748009548445,,
1748009548653.0,36755.1,36762.1
1748009549135.0,36752.6,36759.6
1748009549771.0,36755.1,36762.1
1748009549970.0,36752.6,36759.6
1748009550171.0,36755.1,36762.1
1748009551372,,
1748009551471,,
1748009551673.0,36757.6,36764.6
1748009552075.0,36760.1,36767.1
1748009552673.0,36762.6,36769.6
1748009552873.0,36767.6,36774.6
1748009553072.0,36770.1,36777.1
1748009553273.0,36765.1,36772.1
1748009553815.0,36767.6,36774.6
1748009554218.0,36770.1,36777.1
1748009554615.0,36767.6,36774.6
1748009555508.0,36770.1,36777.1
1748009556095.0,36772.6,36779.6
1748009556295.0,36770.1,36777.1
1748009556553,,
1748009556752.0,36767.6,36774.6
1748009557446.0,36767.6,36774.6
1748009558247.0,36760.1,36767.1
1748009558447.0,36765.1,36772.1
1748009558854.0,36767.6,36774.6
1748009560075.0,36765.1,36772.1
1748009560279.0,36767.6,36774.6
1748009560574.0,36765.1,36772.1
1748009560998.0,36767.6,36774.6
1748009561393.0,36765.1,36772.1
1748009561795.0,36767.6,36774.6
1748009562196.0,36765.1,36772.1
1748009562523.0,36762.6,36769.6
1748009563019.0,36765.1,36772.1
1748009563213.0,36762.6,36769.6
1748009564005.0,36760.1,36767.1
1748009564199.0,36762.6,36769.6
1748009564958.0,36760.1,36767.1
1748009565405.0,36757.6,36764.6
1748009565603,,
1748009566410.0,36755.1,36762.1
1748009566610.0,36757.6,36764.6
1748009566820.0,36760.1,36767.1
1748009567495.0,36757.6,36764.6
1748009567690.0,36760.1,36767.1
1748009568269.0,36757.6,36764.6
1748009568667.0,36760.1,36767.1
1748009569148.0,36757.6,36764.6
1748009570543.0,36760.1,36767.1
1748009570864.0,36757.6,36764.6
1748009571068,,
1748009571264.0,36760.1,36767.1
1748009571724.0,36757.6,36764.6
1748009571925.0,36760.1,36767.1
1748009572126.0,36762.6,36769.6
1748009572525.0,36760.1,36767.1
1748009573014.0,36757.6,36764.6
1748009573215.0,36760.1,36767.1
1748009574109.0,36762.6,36769.6
1748009574509.0,36760.1,36767.1
1748009575076.0,36762.6,36769.6
1748009575463.0,36760.1,36767.1
1748009576097.0,36762.6,36769.6
1748009576293.0,36760.1,36767.1
1748009577307.0,36762.6,36769.6
1748009577504,,
1748009577916.0,36760.1,36767.1
1748009578116.0,36762.6,36769.6
1748009578572.0,36760.1,36767.1
1748009578771.0,36762.6,36769.6
1748009579287.0,36760.1,36767.1
1748009580085.0,36757.6,36764.6
1748009580486.0,36755.1,36762.1
1748009580691,,
1748009580885.0,36757.6,36764.6
1748009581285.0,36760.1,36767.1
1748009582309.0,36762.6,36769.6
1748009582515.0,36760.1,36767.1
1748009582708.0,36762.6,36769.6
1748009583109.0,36765.1,36772.1
1748009583309.0,36762.6,36769.6
1748009583509.0,36760.1,36767.1
1748009583909.0,36762.6,36769.6
1748009584108.0,36760.1,36767.1
1748009584308.0,36762.6,36769.6
1748009585005.0,36760.1,36767.1
1748009585205.0,36762.6,36769.6
1748009586151.0,36760.1,36767.1
1748009586651.0,36762.6,36769.6
1748009587867.0,36760.1,36767.1
1748009588071.0,36762.6,36769.6
1748009588939.0,36765.1,36772.1
1748009589338.0,36762.6,36769.6
1748009590230.0,36760.1,36767.1
1748009590830.0,36762.6,36769.6
1748009591326,,
1748009591896.0,36757.6,36764.6
1748009592494.0,36760.1,36767.1
1748009593181.0,36755.1,36762.1
1748009593807,,
1748009594206.0,36750.1,36757.1
1748009594607.0,36755.1,36762.1
1748009595525.0,36757.6,36764.6
1748009595727.0,36755.1,36762.1
1748009596121.0,36752.6,36759.6
1748009596598.0,36750.1,36757.1
1748009596795.0,36755.1,36762.1
1748009597414.0,36752.6,36759.6
1748009597817.0,36750.1,36757.1
1748009598026.0,36752.6,36759.6
1748009598425.0,36750.1,36757.1
1748009598625.0,36752.6,36759.6
1748009598826.0,36750.1,36757.1
1748009601395,,
1748009601593.0,36747.6,36754.6
1748009601794.0,36750.1,36757.1
1748009601994.0,36747.6,36754.6
1748009602535,,
1748009603143.0,36750.1,36757.1
1748009603343.0,36747.6,36754.6
1748009603618.0,36745.1,36752.1
1748009603816.0,36747.6,36754.6
1748009604066.0,36750.1,36757.1
1748009604266.0,36747.6,36754.6
1748009604828.0,36747.6,36754.6
1748009605026.0,36745.1,36752.1
1748009606698.0,36745.1,36752.1
1748009606993.0,36742.6,36749.6
1748009607195.0,36745.1,36752.1
1748009608007,,
1748009608200.0,36740.1,36747.1
1748009608667.0,36742.6,36749.6
1748009608867.0,36740.1,36747.1
1748009609068.0,36742.6,36749.6
1748009609267.0,36740.1,36747.1
1748009609729.0,36737.6,36744.6
1748009609929.0,36740.1,36747.1
1748009610222.0,36737.6,36744.6
1748009610674.0,36740.1,36747.1
1748009610875.0,36737.6,36744.6
1748009611540.0,36735.1,36742.1
1748009611740.0,36737.6,36744.6
1748009612142.0,36735.1,36742.1
1748009612789.0,36735.1,36742.1
1748009612989.0,36737.6,36744.6
1748009613189.0,36735.1,36742.1
1748009613498.0,36732.6,36739.6
1748009613695.0,36735.1,36742.1
1748009614372.0,36740.1,36747.1
1748009614571.0,36737.6,36744.6
1748009615194.0,36735.1,36742.1
1748009615392.0,36737.6,36744.6
1748009616875.0,36735.1,36742.1
1748009617536.0,36732.6,36739.6
1748009617738.0,36735.1,36742.1
1748009618242.0,36737.6,36744.6
1748009618437.0,36735.1,36742.1
1748009620293.0,36737.6,36744.6
1748009621268.0,36740.1,36747.1
1748009621468.0,36742.6,36749.6
1748009621865.0,36745.1,36752.1
1748009622425.0,36747.6,36754.6
1748009622625.0,36745.1,36752.1
1748009623025,,
1748009623509.0,36742.6,36749.6
1748009624769.0,36745.1,36752.1
1748009626188.0,36747.6,36754.6
1748009626391.0,36745.1,36752.1
1748009626827.0,36747.6,36754.6
1748009627228.0,36750.1,36757.1
1748009628433.0,36747.6,36754.6
1748009628633.0,36750.1,36757.1
1748009630216.0,36747.6,36754.6
1748009630415.0,36750.1,36757.1
1748009631587.0,36745.1,36752.1
1748009632089.0,36750.1,36757.1
1748009632274.0,36747.6,36754.6
1748009632675.0,36745.1,36752.1
1748009632874.0,36747.6,36754.6
1748009633074.0,36745.1,36752.1
1748009633673.0,36742.6,36749.6
1748009634075.0,36745.1,36752.1
1748009634577.0,36742.6,36749.6
1748009634776.0,36745.1,36752.1
1748009635504.0,36742.6,36749.6
1748009635904,,
1748009636108.0,36740.1,36747.1
1748009636305.0,36742.6,36749.6
1748009636703,,
1748009637488.0,36740.1,36747.1
1748009638075.0,36737.6,36744.6
1748009638274.0,36735.1,36742.1
1748009638573.0,36732.6,36739.6
1748009638990.0,36727.6,36734.6
1748009639187.0,36730.1,36737.1
1748009639883,,
1748009640084.0,36732.6,36739.6
1748009640504.0,36730.1,36737.1
1748009641730.0,36732.6,36739.6
1748009642129.0,36730.1,36737.1
1748009642664.0,36732.6,36739.6
1748009642864.0,36730.1,36737.1
1748009643064.0,36727.6,36734.6
1748009643264.0,36730.1,36737.1
1748009643664.0,36727.6,36734.6
1748009644004.0,36730.1,36737.1
1748009646144.0,36730.1,36737.1
1748009646445.0,36727.6,36734.6
1748009646644.0,36730.1,36737.1
1748009647951.0,36727.6,36734.6
1748009648550.0,36730.1,36737.1
1748009651685,,
1748009651868.0,36735.1,36742.1
1748009652232,,
1748009652433.0,36737.6,36744.6
1748009652633.0,36740.1,36747.1
1748009653311.0,36737.6,36744.6
1748009653510.0,36735.1,36742.1
1748009654111.0,36737.6,36744.6
1748009655598.0,36740.1,36747.1
1748009655797.0,36737.6,36744.6
1748009656422.0,36740.1,36747.1
1748009656945.0,36737.6,36744.6
1748009657144.0,36740.1,36747.1
1748009657908,,
1748009658582.0,36737.6,36744.6
1748009658781.0,36735.1,36742.1
1748009658980.0,36737.6,36744.6
1748009659258.0,36735.1,36742.1
1748009659659,,
1748009659859.0,36730.1,36737.1
1748009660238.0,36727.6,36734.6
1748009660630.0,36725.1,36732.1
1748009660846.0,36727.6,36734.6
1748009661446.0,36725.1,36732.1
1748009661646.0,36727.6,36734.6
1748009661847.0,36725.1,36732.1
1748009662247.0,36722.6,36729.6
1748009662671.0,36720.1,36727.1
1748009663071.0,36722.6,36729.6
1748009663281.0,36725.1,36732.1
1748009663481.0,36722.6,36729.6
1748009663680.0,36725.1,36732.1
1748009664354.0,36722.6,36729.6
1748009664990.0,36725.1,36732.1
1748009665658.0,36722.6,36729.6
1748009666617.0,36720.1,36727.1
1748009667014.0,36720.1,36727.1
1748009667466.0,36717.6,36724.6
1748009667941.0,36720.1,36727.1
1748009668721.0,36717.6,36724.6
1748009669269.0,36720.1,36727.1
1748009669926,,
1748009670112.0,36722.6,36729.6
1748009670311.0,36725.1,36732.1
1748009670511.0,36722.6,36729.6
1748009670711.0,36725.1,36732.1
1748009671455,,
1748009671657.0,36730.1,36737.1
1748009671858.0,36727.6,36734.6
1748009672179.0,36730.1,36737.1
1748009672379.0,36727.6,36734.6
1748009673191.0,36730.1,36737.1
1748009673391.0,36727.6,36734.6
1748009673824.0,36730.1,36737.1
1748009674700,,
1748009674850.0,36725.1,36732.1
1748009675044.0,36727.6,36734.6
1748009676737.0,36725.1,36732.1
1748009677336.0,36727.6,36734.6
1748009677736.0,36730.1,36737.1
1748009678617.0,36732.6,36739.6
1748009678816,,
1748009679216.0,36727.6,36734.6
1748009679816.0,36725.1,36732.1
1748009680216.0,36730.1,36737.1
1748009681243,,
1748009681450.0,36735.1,36742.1
1748009681644.0,36740.1,36747.1
1748009681851.0,36737.6,36744.6
1748009682159.0,36740.1,36747.1
1748009682559.0,36737.6,36744.6
1748009682758.0,36740.1,36747.1
1748009686284.0,36742.6,36749.6
1748009686483.0,36740.1,36747.1
1748009686833.0,36742.6,36749.6
1748009687032.0,36745.1,36752.1
1748009687233.0,36742.6,36749.6
1748009687433.0,36740.1,36747.1
1748009687832.0,36742.6,36749.6
1748009688032.0,36740.1,36747.1
1748009688277.0,36742.6,36749.6
1748009688825.0,36740.1,36747.1
1748009690152.0,36742.6,36749.6
1748009690549.0,36740.1,36747.1
1748009692105.0,36742.6,36749.6
1748009693157.0,36745.1,36752.1
1748009693357.0,36742.6,36749.6
1748009693558.0,36740.1,36747.1
1748009694697.0,36737.6,36744.6
1748009694895.0,36740.1,36747.1
1748009696262.0,36737.6,36744.6
1748009696659.0,36740.1,36747.1
1748009697016.0,36737.6,36744.6
1748009697412.0,36740.1,36747.1
1748009697611.0,36737.6,36744.6
1748009697812.0,36740.1,36747.1
1748009698012.0,36737.6,36744.6
1748009698410.0,36735.1,36742.1
1748009699008.0,36737.6,36744.6
1748009699825.0,36735.1,36742.1
1748009700518.0,36737.6,36744.6
1748009702641.0,36735.1,36742.1
1748009702841.0,36737.6,36744.6
1748009703240.0,36737.6,36744.6
1748009703639.0,36735.1,36742.1
1748009704589.0,36737.6,36744.6
1748009704790.0,36735.1,36742.1
1748009704988.0,36737.6,36744.6
1748009705389.0,36740.1,36747.1
1748009706694.0,36737.6,36744.6
1748009706894.0,36740.1,36747.1
1748009708271.0,36737.6,36744.6
1748009708672.0,36740.1,36747.1
1748009717052,,
1748009717255.0,36745.1,36752.1
1748009717453.0,36747.6,36754.6
1748009717655.0,36742.6,36749.6
1748009718057.0,36745.1,36752.1
1748009718924.0,36742.6,36749.6
1748009719322.0,36745.1,36752.1
1748009719652.0,36742.6,36749.6
1748009719852.0,36745.1,36752.1
1748009720848.0,36747.6,36754.6
1748009721847.0,36750.1,36757.1
1748009722505.0,36752.6,36759.6
1748009722704.0,36750.1,36757.1
1748009723234.0,36747.6,36754.6
1748009723433.0,36750.1,36757.1
1748009723912.0,36747.6,36754.6
1748009724113.0,36745.1,36752.1
1748009724708.0,36742.6,36749.6
1748009725109.0,36740.1,36747.1
1748009725545.0,36742.6,36749.6
1748009725745.0,36740.1,36747.1
1748009726979.0,36742.6,36749.6
1748009727179.0,36740.1,36747.1
1748009728554,,
1748009728755.0,36737.6,36744.6
1748009729710.0,36740.1,36747.1
1748009729910.0,36737.6,36744.6
1748009730511.0,36740.1,36747.1
1748009730856.0,36737.6,36744.6
1748009731056.0,36740.1,36747.1
1748009731456.0,36737.6,36744.6
1748009731656.0,36740.1,36747.1
1748009732276.0,36737.6,36744.6
1748009732878.0,36740.1,36747.1
1748009733078.0,36737.6,36744.6
1748009733398.0,36735.1,36742.1
1748009733596.0,36737.6,36744.6
1748009733850.0,36735.1,36742.1
1748009734476.0,36737.6,36744.6
1748009735081.0,36735.1,36742.1
1748009735780.0,36737.6,36744.6
1748009737760.0,36740.1,36747.1
1748009738397.0,36737.6,36744.6
1748009738597.0,36740.1,36747.1
1748009740272.0,36737.6,36744.6
1748009741160.0,36740.1,36747.1
1748009743017.0,36737.6,36744.6
1748009743215.0,36732.6,36739.6
1748009743416.0,36730.1,36737.1
1748009744232.0,36727.6,36734.6
1748009744631.0,36725.1,36732.1
1748009744878.0,36727.6,36734.6
1748009746005.0,36725.1,36732.1
1748009746203.0,36727.6,36734.6
1748009747026.0,36730.1,36737.1
1748009747961.0,36727.6,36734.6
1748009749014.0,36730.1,36737.1
1748009749412.0,36727.6,36734.6
1748009749839.0,36730.1,36737.1
1748009751287.0,36727.6,36734.6
1748009751487.0,36730.1,36737.1
1748009751686.0,36727.6,36734.6
1748009752065.0,36730.1,36737.1
1748009752264.0,36727.6,36734.6
1748009753120.0,36725.1,36732.1
1748009753603.0,36722.6,36729.6
1748009753804.0,36725.1,36732.1
1748009754204.0,36722.6,36729.6
1748009755070.0,36720.1,36727.1
1748009755270.0,36722.6,36729.6
1748009755670,,
1748009755927.0,36725.1,36732.1
1748009756328.0,36722.6,36729.6
1748009757782.0,36725.1,36732.1
1748009758286,,
1748009758487.0,36727.6,36734.6
1748009758688.0,36725.1,36732.1
1748009759944.0,36722.6,36729.6
1748009760423.0,36720.1,36727.1
1748009761257.0,36717.6,36724.6
1748009761457.0,36720.1,36727.1
1748009761659.0,36717.6,36724.6
1748009762105.0,36715.1,36722.1
1748009762299.0,36717.6,36724.6
1748009762898.0,36717.6,36724.6
1748009763313.0,36715.1,36722.1
1748009764614.0,36712.6,36719.6
1748009765076.0,36715.1,36722.1
1748009765477.0,36712.6,36719.6
1748009765686.0,36715.1,36722.1
1748009766085.0,36715.1,36722.1
1748009770229.0,36717.6,36724.6
1748009770434.0,36720.1,36727.1
1748009770633.0,36717.6,36724.6
1748009771109.0,36715.1,36722.1
1748009771309.0,36717.6,36724.6
1748009771910.0,36715.1,36722.1
1748009772107.0,36717.6,36724.6
1748009772307.0,36720.1,36727.1
1748009774290.0,36720.1,36727.1
1748009775086,,
1748009775286.0,36715.1,36722.1
1748009775966.0,36712.6,36719.6
1748009776164.0,36715.1,36722.1
1748009781555,,
1748009781758.0,36710.1,36717.1
1748009782209.0,36712.6,36719.6
1748009782609.0,36722.6,36729.6
1748009782809.0,36725.1,36732.1
1748009783083.0,36722.6,36729.6
1748009783283.0,36720.1,36727.1
1748009783740.0,36717.6,36724.6
1748009783936.0,36720.1,36727.1
1748009785489.0,36717.6,36724.6
1748009785688.0,36720.1,36727.1
1748009786470.0,36722.6,36729.6
1748009786869.0,36725.1,36732.1
1748009787069.0,36720.1,36727.1
1748009789010.0,36717.6,36724.6
1748009789207.0,36715.1,36722.1
1748009790433.0,36712.6,36719.6
1748009791291.0,36715.1,36722.1
1748009792019,,
1748009792219,,
1748009795034.0,36712.6,36719.6
1748009795225.0,36710.1,36717.1
1748009796545.0,36712.6,36719.6
1748009796943.0,36715.1,36722.1
1748009797697,,
1748009799031,,
1748009800571.0,36712.6,36719.6
1748009800980.0,36715.1,36722.1
1748009801899,,
1748009803431,,
1748009803633.0,36710.1,36717.1
1748009803935.0,36712.6,36719.6
1748009804336.0,36710.1,36717.1
1748009804536.0,36712.6,36719.6
1748009804823.0,36710.1,36717.1
1748009808204,,
1748009809971.0,36707.6,36714.6
1748009810368.0,36710.1,36717.1
1748009812090.0,36712.6,36719.6
1748009812582.0,36710.1,36717.1
1748009814109,,
1748009814307.0,36712.6,36719.6
1748009815233.0,36715.1,36722.1
1748009816507.0,36712.6,36719.6
1748009817085.0,36710.1,36717.1
1748009817548.0,36712.6,36719.6
1748009818258.0,36710.1,36717.1
1748009818806.0,36707.6,36714.6
1748009819283.0,36705.1,36712.1
1748009819685.0,36707.6,36714.6
1748009819959.0,36705.1,36712.1
1748009820751,,
1748009821408.0,36707.6,36714.6
1748009821607.0,36705.1,36712.1
1748009822008.0,36707.6,36714.6
1748009822419.0,36707.6,36714.6
1748009822646.0,36710.1,36717.1
1748009822850.0,36705.1,36712.1
1748009824281.0,36707.6,36714.6
1748009825585.0,36705.1,36712.1
1748009825984.0,36702.6,36709.6
1748009826368.0,36705.1,36712.1
1748009826769.0,36702.6,36709.6
1748009827262.0,36705.1,36712.1
1748009827665.0,36700.1,36707.1
1748009828242.0,36702.6,36709.6
1748009828441.0,36705.1,36712.1
1748009828640,,
1748009829097.0,36707.6,36714.6
1748009829296.0,36710.1,36717.1
1748009829575.0,36707.6,36714.6
1748009830028.0,36705.1,36712.1
1748009830629.0,36707.6,36714.6
1748009830829.0,36705.1,36712.1
1748009831745.0,36705.1,36712.1
1748009833303.0,36707.6,36714.6
1748009833757.0,36705.1,36712.1
1748009834335,,
1748009834595.0,36702.6,36709.6
1748009834797.0,36700.1,36707.1
1748009835409,,
1748009835806.0,36697.6,36704.6
1748009836821.0,36700.1,36707.1
1748009837592.0,36702.6,36709.6
1748009837792.0,36700.1,36707.1
1748009838192.0,36705.1,36712.1
1748009840991.0,36707.6,36714.6
1748009841190,,
1748009841405.0,36705.1,36712.1
1748009842126.0,36707.6,36714.6
1748009842809.0,36705.1,36712.1
1748009843209.0,36705.1,36712.1
1748009843609.0,36707.6,36714.6
1748009844271.0,36707.6,36714.6
1748009844889.0,36705.1,36712.1
1748009846217.0,36702.6,36709.6
1748009847493.0,36705.1,36712.1
1748009847954.0,36707.6,36714.6
1748009848159.0,36705.1,36712.1
1748009848477.0,36707.6,36714.6
1748009849846.0,36705.1,36712.1
1748009851217.0,36707.6,36714.6
1748009851415.0,36710.1,36717.1
1748009851864.0,36707.6,36714.6
1748009852064.0,36710.1,36717.1
1748009852263.0,36707.6,36714.6
1748009852465.0,36710.1,36717.1
1748009853072,,
1748009853183.0,36705.1,36712.1
1748009853383.0,36700.1,36707.1
1748009854273,,
1748009854473.0,36702.6,36709.6
1748009854672.0,36705.1,36712.1
1748009855886,,
1748009857075.0,36707.6,36714.6
1748009857476.0,36705.1,36712.1
1748009857891.0,36705.1,36712.1
1748009858310,,
1748009858510.0,36707.6,36714.6
1748009859506.0,36710.1,36717.1
1748009859707.0,36707.6,36714.6
1748009859910.0,36705.1,36712.1
1748009861240,,
1748009861437.0,36702.6,36709.6
1748009861753.0,36705.1,36712.1
1748009863865,,
1748009864264.0,36710.1,36717.1
1748009864606.0,36712.6,36719.6
1748009865987.0,36710.1,36717.1
1748009866589.0,36712.6,36719.6
1748009867751.0,36715.1,36722.1
1748009867949.0,36710.1,36717.1
1748009869272.0,36707.6,36714.6
1748009869472.0,36710.1,36717.1
1748009870019,,
1748009870353,,
1748009870546.0,36712.6,36719.6
1748009870742.0,36710.1,36717.1
1748009871066.0,36712.6,36719.6
1748009871266.0,36710.1,36717.1
1748009872068.0,36707.6,36714.6
1748009872268.0,36710.1,36717.1
1748009874800,,
1748009874987.0,36712.6,36719.6
1748009875249.0,36715.1,36722.1
1748009875966.0,36712.6,36719.6
1748009876366.0,36715.1,36722.1
1748009876794.0,36715.1,36722.1
1748009877195.0,36712.6,36719.6
1748009877408.0,36715.1,36722.1
1748009877607.0,36712.6,36719.6
1748009877888.0,36710.1,36717.1
1748009879975.0,36707.6,36714.6
1748009880177.0,36710.1,36717.1
1748009882764,,
1748009883676,,
1748009883943.0,36710.1,36717.1
1748009884454.0,36712.6,36719.6
1748009885054.0,36712.6,36719.6
1748009885463.0,36707.6,36714.6
1748009885654.0,36710.1,36717.1
1748009887080,,
1748009887279.0,36707.6,36714.6
1748009889215.0,36705.1,36712.1
1748009889817,,
1748009890017.0,36707.6,36714.6
1748009890260.0,36710.1,36717.1
1748009890458.0,36707.6,36714.6
1748009891609.0,36705.1,36712.1
1748009892720.0,36707.6,36714.6
1748009892917.0,36705.1,36712.1
1748009893605.0,36707.6,36714.6
1748009894180.0,36705.1,36712.1
1748009894581.0,36702.6,36709.6
1748009894783.0,36705.1,36712.1
1748009896985.0,36707.6,36714.6
1748009897187.0,36705.1,36712.1
1748009897449.0,36707.6,36714.6
1748009897850.0,36705.1,36712.1
1748009899148,,
1748009899348.0,36702.6,36709.6
1748009899733.0,36705.1,36712.1
1748009900173.0,36702.6,36709.6
1748009900372.0,36705.1,36712.1
1748009900572.0,36702.6,36709.6
1748009900772.0,36705.1,36712.1
1748009901047.0,36702.6,36709.6
1748009901248.0,36705.1,36712.1
1748009901490.0,36702.6,36709.6
1748009902062.0,36705.1,36712.1
1748009902467.0,36702.6,36709.6
1748009903991.0,36700.1,36707.1
1748009904707.0,36697.6,36704.6
1748009904907.0,36700.1,36707.1
1748009906596.0,36705.1,36712.1
1748009906796.0,36702.6,36709.6
1748009907426.0,36700.1,36707.1
1748009910529.0,36702.6,36709.6
1748009911346.0,36705.1,36712.1
1748009912706.0,36702.6,36709.6
1748009913280.0,36705.1,36712.1
1748009914795.0,36707.6,36714.6
1748009914991.0,36705.1,36712.1
1748009915916,,
1748009916016.0,36702.6,36709.6
1748009916505.0,36705.1,36712.1
1748009918078.0,36702.6,36709.6
1748009918478.0,36705.1,36712.1
1748009919721.0,36702.6,36709.6
1748009919920.0,36705.1,36712.1
1748009921250.0,36705.1,36712.1
1748009922787.0,36702.6,36709.6
1748009923335.0,36705.1,36712.1
1748009923534.0,36702.6,36709.6
1748009923735.0,36705.1,36712.1
1748009924135.0,36702.6,36709.6
1748009924342.0,36705.1,36712.1
1748009924535.0,36702.6,36709.6
1748009924736.0,36700.1,36707.1
1748009925136.0,36702.6,36709.6
1748009926523.0,36700.1,36707.1
1748009927405.0,36702.6,36709.6
1748009927604.0,36700.1,36707.1
1748009927825.0,36702.6,36709.6
1748009928026.0,36700.1,36707.1
1748009929794,,
1748009929993.0,36697.6,36704.6
1748009930593.0,36700.1,36707.1
1748009930793.0,36697.6,36704.6
1748009930994.0,36695.1,36702.1
1748009931196.0,36697.6,36704.6
1748009931593.0,36695.1,36702.1
1748009931794.0,36697.6,36704.6
1748009933025.0,36700.1,36707.1
1748009933424.0,36697.6,36704.6
1748009933625.0,36700.1,36707.1
1748009933833.0,36697.6,36704.6
1748009934530.0,36700.1,36707.1
1748009937226.0,36697.6,36704.6
1748009937730.0,36695.1,36702.1
1748009937930.0,36697.6,36704.6
1748009938140.0,36695.1,36702.1
1748009938765,,
1748009938865.0,36700.1,36707.1
1748009939377.0,36697.6,36704.6
1748009939777.0,36700.1,36707.1
1748009943360,,
1748009943490.0,36697.6,36704.6
1748009943736.0,36695.1,36702.1
1748009944132.0,36697.6,36704.6
1748009944735.0,36695.1,36702.1
1748009945481.0,36700.1,36707.1
1748009945836.0,36697.6,36704.6
1748009946236.0,36695.1,36702.1
1748009947713.0,36697.6,36704.6
1748009948304.0,36700.1,36707.1
1748009950498.0,36702.6,36709.6
1748009950896.0,36700.1,36707.1
1748009955048.0,36697.6,36704.6
1748009955646.0,36700.1,36707.1
1748009956130.0,36702.6,36709.6
1748009956530.0,36700.1,36707.1
1748009957877.0,36702.6,36709.6
1748009958078.0,36700.1,36707.1
1748009958910.0,36702.6,36709.6
1748009959310.0,36700.1,36707.1
1748009959512.0,36702.6,36709.6
1748009960434.0,36705.1,36712.1
1748009960632.0,36700.1,36707.1
1748009961167.0,36702.6,36709.6
1748009961756.0,36700.1,36707.1
1748009962154.0,36702.6,36709.6
1748009962355.0,36700.1,36707.1
1748009964126,,
1748009964330,,
1748009965518.0,36702.6,36709.6
1748009966119.0,36705.1,36712.1
1748009966723.0,36702.6,36709.6
1748009966919.0,36705.1,36712.1
1748009967312.0,36702.6,36709.6
1748009967512.0,36705.1,36712.1
1748009967988.0,36702.6,36709.6
1748009968184.0,36700.1,36707.1
1748009968841.0,36702.6,36709.6
1748009969537.0,36700.1,36707.1
1748009969736.0,36702.6,36709.6
1748009970137.0,36700.1,36707.1
1748009971340.0,36702.6,36709.6
1748009971944.0,36700.1,36707.1
1748009974497.0,36702.6,36709.6
1748009974980.0,36700.1,36707.1
1748009975180.0,36702.6,36709.6
1748009975382.0,36700.1,36707.1
1748009975581.0,36702.6,36709.6
1748009976434.0,36705.1,36712.1
1748009977087.0,36702.6,36709.6
1748009977284.0,36700.1,36707.1
1748009978604.0,36702.6,36709.6
1748009979424.0,36700.1,36707.1
1748009982419,,
1748009982618.0,36695.1,36702.1
1748009982819.0,36697.6,36704.6
1748009983019.0,36700.1,36707.1
1748009983407,,
1748009983824.0,36695.1,36702.1
1748009984550.0,36697.6,36704.6
1748009984750.0,36700.1,36707.1
1748009988212.0,36697.6,36704.6
1748009988406.0,36695.1,36702.1
1748009990917,,
1748009991316.0,36687.6,36694.6
1748009991729.0,36690.1,36697.1
1748009991929.0,36687.6,36694.6
1748009992329.0,36690.1,36697.1
1748009996096.0,36685.1,36692.1
1748009996405.0,36687.6,36694.6
1748009997529.0,36685.1,36692.1
1748009998113.0,36687.6,36694.6
1748009998746.0,36687.6,36694.6
1748009998960.0,36685.1,36692.1
1748009999160.0,36687.6,36694.6
1748010000086.0,36687.6,36694.6
1748010000908.0,36685.1,36692.1
1748010001108.0,36687.6,36694.6
1748010001527.0,36685.1,36692.1
1748010002459.0,36687.6,36694.6
1748010002659.0,36685.1,36692.1
1748010002988,,
1748010003191.0,36682.6,36689.6
1748010004338.0,36685.1,36692.1
1748010004738.0,36682.6,36689.6
1748010004937.0,36685.1,36692.1
1748010005337.0,36687.6,36694.6
1748010005535.0,36685.1,36692.1
1748010006424,,
1748010006625.0,36680.1,36687.1
1748010006825.0,36682.6,36689.6
1748010007033.0,36685.1,36692.1
1748010007434.0,36682.6,36689.6
1748010008187.0,36680.1,36687.1
1748010008387.0,36682.6,36689.6
1748010008788.0,36680.1,36687.1
1748010009184.0,36685.1,36692.1
1748010010936.0,36687.6,36694.6
1748010011133.0,36685.1,36692.1
1748010012809,,
1748010013007.0,36682.6,36689.6
1748010013211.0,36685.1,36692.1
1748010013924,,
1748010014126.0,36687.6,36694.6
1748010014725.0,36685.1,36692.1
1748010015126.0,36687.6,36694.6
1748010015326,,
1748010015607.0,36690.1,36697.1
1748010015805.0,36685.1,36692.1
1748010018821.0,36687.6,36694.6
1748010019021.0,36685.1,36692.1
1748010019500,,
1748010019696.0,36682.6,36689.6
1748010019903.0,36685.1,36692.1
1748010020732.0,36682.6,36689.6
1748010022057.0,36680.1,36687.1
1748010022256.0,36682.6,36689.6
1748010022535.0,36680.1,36687.1
1748010024481,,
1748010024683.0,36677.6,36684.6
1748010025103.0,36682.6,36689.6
1748010025304.0,36680.1,36687.1
1748010026125.0,36682.6,36689.6
1748010026524.0,36680.1,36687.1
1748010026724.0,36682.6,36689.6
1748010027321.0,36685.1,36692.1
1748010027721.0,36685.1,36692.1
1748010028374,,
1748010028574.0,36687.6,36694.6
1748010028773.0,36690.1,36697.1
1748010029812,,
1748010029983.0,36685.1,36692.1
1748010030753.0,36687.6,36694.6
1748010030952.0,36685.1,36692.1
1748010031152.0,36687.6,36694.6
1748010031351.0,36685.1,36692.1
1748010033875.0,36682.6,36689.6
1748010034417.0,36685.1,36692.1
1748010034858.0,36682.6,36689.6
1748010036538.0,36682.6,36689.6
1748010036737.0,36685.1,36692.1
1748010036937.0,36682.6,36689.6
1748010037136.0,36685.1,36692.1
1748010037410.0,36682.6,36689.6
1748010037610.0,36685.1,36692.1
1748010037810.0,36687.6,36694.6
1748010038067.0,36685.1,36692.1
1748010038262.0,36682.6,36689.6
1748010038664.0,36682.6,36689.6
1748010039064.0,36685.1,36692.1
1748010039684.0,36682.6,36689.6
1748010039883.0,36685.1,36692.1
1748010040082,,
1748010040283.0,36682.6,36689.6
1748010040803.0,36682.6,36689.6
1748010041849.0,36685.1,36692.1
1748010043434.0,36687.6,36694.6
1748010043634.0,36685.1,36692.1
1748010045409.0,36682.6,36689.6
1748010045810.0,36680.1,36687.1
1748010046557.0,36682.6,36689.6
1748010046756.0,36680.1,36687.1
1748010047390.0,36682.6,36689.6
1748010047590.0,36680.1,36687.1
1748010047847.0,36682.6,36689.6
1748010048048.0,36680.1,36687.1
1748010049506,,
1748010049708.0,36677.6,36684.6
1748010050107.0,36677.6,36684.6
1748010050821.0,36675.1,36682.1
1748010052236.0,36677.6,36684.6
1748010052785.0,36680.1,36687.1
1748010053185.0,36677.6,36684.6
1748010053738.0,36675.1,36682.1
1748010054511.0,36677.6,36684.6
1748010055191.0,36675.1,36682.1
1748010055741.0,36672.6,36679.6
1748010055940.0,36675.1,36682.1
1748010056786.0,36677.6,36684.6
1748010056985.0,36675.1,36682.1
1748010057446.0,36677.6,36684.6
1748010058131.0,36685.1,36692.1
1748010059048,,
1748010059245.0,36682.6,36689.6
1748010059629.0,36680.1,36687.1
1748010060233.0,36682.6,36689.6
1748010060436.0,36680.1,36687.1
1748010061321.0,36677.6,36684.6
1748010062128.0,36680.1,36687.1
1748010062528.0,36677.6,36684.6
1748010062788.0,36680.1,36687.1
1748010063187.0,36677.6,36684.6
1748010063580.0,36675.1,36682.1
1748010064439.0,36677.6,36684.6
1748010064842.0,36675.1,36682.1
1748010065350.0,36677.6,36684.6
1748010066086.0,36677.6,36684.6
1748010066345.0,36675.1,36682.1
1748010067030.0,36677.6,36684.6
1748010067226.0,36675.1,36682.1
1748010067427.0,36672.6,36679.6
1748010067627.0,36675.1,36682.1
1748010069484,,
1748010069684.0,36672.6,36679.6
1748010070248.0,36675.1,36682.1
1748010070667.0,36672.6,36679.6
1748010070868.0,36670.1,36677.1
1748010071405.0,36667.6,36674.6
1748010071605,,
1748010071844,,
1748010072007.0,36670.1,36677.1
1748010072409.0,36672.6,36679.6
1748010072656.0,36670.1,36677.1
1748010074894.0,36670.1,36677.1
1748010075094.0,36667.6,36674.6
1748010075495.0,36665.1,36672.1
1748010076338.0,36667.6,36674.6
1748010076937.0,36665.1,36672.1
1748010077475.0,36667.6,36674.6
1748010077928.0,36670.1,36677.1
1748010082696,,
1748010083904,,
1748010084086.0,36665.1,36672.1
1748010085523.0,36667.6,36674.6
1748010086064.0,36665.1,36672.1
1748010086265.0,36667.6,36674.6
1748010087090.0,36665.1,36672.1
1748010087791.0,36667.6,36674.6
1748010088404.0,36665.1,36672.1
1748010088810.0,36667.6,36674.6
1748010089213.0,36670.1,36677.1
1748010089413.0,36667.6,36674.6
1748010089813.0,36665.1,36672.1
1748010091109.0,36667.6,36674.6
1748010091307.0,36665.1,36672.1
1748010093503.0,36665.1,36672.1
1748010093881.0,36667.6,36674.6
1748010094080.0,36670.1,36677.1
1748010095588.0,36667.6,36674.6
1748010095943.0,36670.1,36677.1
1748010096141.0,36665.1,36672.1
1748010096516,,
1748010096716.0,36675.1,36682.1
1748010096914.0,36672.6,36679.6
1748010097114.0,36670.1,36677.1
1748010098034.0,36667.6,36674.6
1748010099113.0,36665.1,36672.1
1748010099311.0,36667.6,36674.6
1748010101087.0,36665.1,36672.1
1748010101282.0,36667.6,36674.6
1748010101959.0,36670.1,36677.1
1748010102159.0,36667.6,36674.6
1748010102911.0,36665.1,36672.1
1748010103309.0,36667.6,36674.6
1748010103509.0,36665.1,36672.1
1748010104194.0,36667.6,36674.6
1748010105948.0,36665.1,36672.1
1748010108001,,
1748010108203.0,36667.6,36674.6
1748010108404.0,36670.1,36677.1
1748010108864,,
1748010110239.0,36670.1,36677.1
1748010112580.0,36672.6,36679.6
1748010112979.0,36670.1,36677.1
1748010113180.0,36672.6,36679.6
1748010113463.0,36675.1,36682.1
1748010113662.0,36672.6,36679.6
1748010113861.0,36670.1,36677.1
1748010114727.0,36672.6,36679.6
1748010114928.0,36670.1,36677.1
1748010116943.0,36672.6,36679.6
1748010117138.0,36670.1,36677.1
1748010117719.0,36672.6,36679.6
1748010118341.0,36675.1,36682.1
1748010119177.0,36672.6,36679.6
1748010119376.0,36677.6,36684.6
1748010119577.0,36675.1,36682.1
1748010120376,,
1748010120560.0,36677.6,36684.6
1748010120759.0,36675.1,36682.1
1748010121727,,
1748010121849.0,36677.6,36684.6
1748010122248.0,36677.6,36684.6
1748010122549.0,36680.1,36687.1
1748010123438.0,36682.6,36689.6
1748010123836.0,36682.6,36689.6
1748010124035.0,36685.1,36692.1
1748010124236.0,36682.6,36689.6
1748010124436.0,36680.1,36687.1
1748010124638.0,36682.6,36689.6
1748010125036.0,36685.1,36692.1
1748010125699,,
1748010125905.0,36680.1,36687.1
1748010127388.0,36682.6,36689.6
1748010127587.0,36680.1,36687.1
1748010127791.0,36685.1,36692.1
1748010128152,,
1748010128770.0,36687.6,36694.6
1748010128971.0,36690.1,36697.1
1748010129512.0,36692.6,36699.6
1748010129911.0,36695.1,36702.1
1748010130475.0,36695.1,36702.1
1748010131011.0,36697.6,36704.6
1748010131209,,
1748010131549,,
1748010131791.0,36700.1,36707.1
1748010132392.0,36697.6,36704.6
1748010133017.0,36695.1,36702.1
1748010133217.0,36697.6,36704.6
1748010134121.0,36700.1,36707.1
1748010134593.0,36697.6,36704.6
1748010134995.0,36697.6,36704.6
1748010135394.0,36700.1,36707.1
1748010135981.0,36697.6,36704.6
1748010136703.0,36700.1,36707.1
1748010137225.0,36702.6,36709.6
1748010137625.0,36707.6,36714.6
1748010137931.0,36710.1,36717.1
1748010138330.0,36707.6,36714.6
1748010139090.0,36710.1,36717.1
1748010139290.0,36707.6,36714.6
1748010139491.0,36710.1,36717.1
1748010140065.0,36707.6,36714.6
1748010140464.0,36705.1,36712.1
1748010140815,,
1748010141017.0,36707.6,36714.6
1748010141344.0,36705.1,36712.1
1748010142826.0,36702.6,36709.6
1748010143026.0,36705.1,36712.1
1748010143533.0,36702.6,36709.6
1748010144276.0,36705.1,36712.1
1748010144477.0,36702.6,36709.6
1748010144819.0,36705.1,36712.1
1748010145017.0,36702.6,36709.6
1748010145218.0,36705.1,36712.1
1748010146559.0,36707.6,36714.6
1748010146759.0,36705.1,36712.1
1748010147862.0,36707.6,36714.6
1748010148438.0,36710.1,36717.1
1748010149264.0,36712.6,36719.6
1748010149465.0,36710.1,36717.1
1748010149689.0,36712.6,36719.6
1748010150488.0,36710.1,36717.1
1748010150688.0,36712.6,36719.6
1748010151004.0,36715.1,36722.1
1748010151208.0,36717.6,36724.6
1748010152008.0,36720.1,36727.1
1748010152207.0,36715.1,36722.1
1748010152605.0,36710.1,36717.1
1748010152805.0,36712.6,36719.6
1748010153206.0,36715.1,36722.1
1748010153807.0,36712.6,36719.6
1748010154005.0,36715.1,36722.1
1748010154215.0,36717.6,36724.6
1748010154415.0,36715.1,36722.1
1748010155773.0,36710.1,36717.1
1748010156299.0,36712.6,36719.6
1748010156499.0,36710.1,36717.1
1748010157162.0,36707.6,36714.6
1748010157562.0,36710.1,36717.1
1748010157965.0,36707.6,36714.6
1748010158363.0,36710.1,36717.1
1748010158567.0,36707.6,36714.6
1748010158975.0,36705.1,36712.1
1748010159174.0,36707.6,36714.6
1748010159774.0,36702.6,36709.6
1748010159973.0,36700.1,36707.1
1748010160997.0,36702.6,36709.6
1748010161400.0,36700.1,36707.1
1748010161599.0,36702.6,36709.6
1748010162197.0,36700.1,36707.1
1748010164378.0,36702.6,36709.6
1748010164777.0,36705.1,36712.1
1748010164978.0,36702.6,36709.6
1748010165379.0,36700.1,36707.1
1748010166748.0,36697.6,36704.6
1748010167349.0,36695.1,36702.1
1748010167749.0,36697.6,36704.6
1748010167948.0,36700.1,36707.1
1748010168475.0,36697.6,36704.6
1748010168674.0,36700.1,36707.1
1748010168874.0,36697.6,36704.6
1748010169335.0,36700.1,36707.1
1748010169535.0,36697.6,36704.6
1748010170048.0,36700.1,36707.1
1748010170247.0,36697.6,36704.6
1748010170648.0,36697.6,36704.6
1748010171418.0,36700.1,36707.1
1748010171812.0,36702.6,36709.6
1748010173115.0,36705.1,36712.1
1748010173308.0,36702.6,36709.6
1748010174311.0,36705.1,36712.1
1748010176697.0,36707.6,36714.6
1748010176896.0,36705.1,36712.1
1748010177615.0,36707.6,36714.6
1748010177815.0,36710.1,36717.1
1748010178328.0,36707.6,36714.6
1748010178724.0,36710.1,36717.1
1748010178925.0,36707.6,36714.6
1748010179240.0,36705.1,36712.1
1748010179441.0,36707.6,36714.6
1748010179975.0,36705.1,36712.1
1748010180173.0,36707.6,36714.6
1748010181756.0,36705.1,36712.1
1748010181954.0,36710.1,36717.1
1748010182535,,
1748010182736.0,36712.6,36719.6
1748010183062.0,36715.1,36722.1
1748010183463.0,36712.6,36719.6
1748010183663.0,36715.1,36722.1
1748010183863.0,36712.6,36719.6
1748010184064.0,36715.1,36722.1
1748010184362,,
1748010184564.0,36717.6,36724.6
1748010184885.0,36715.1,36722.1
1748010185556,,
1748010185656.0,36717.6,36724.6
1748010185812.0,36715.1,36722.1
1748010186014.0,36717.6,36724.6
1748010186846.0,36715.1,36722.1
1748010187046.0,36717.6,36724.6
1748010187245.0,36715.1,36722.1
1748010187646.0,36717.6,36724.6
1748010188121.0,36720.1,36727.1
1748010189330.0,36722.6,36729.6
1748010190316.0,36720.1,36727.1
1748010190513.0,36722.6,36729.6
1748010190915.0,36725.1,36732.1
1748010191175.0,36722.6,36729.6
1748010191575.0,36725.1,36732.1
1748010191814.0,36727.6,36734.6
1748010192615.0,36730.1,36737.1
1748010193014.0,36730.1,36737.1
1748010193215.0,36727.6,36734.6
1748010193606.0,36730.1,36737.1
1748010194951.0,36727.6,36734.6
1748010195869.0,36725.1,36732.1
1748010196975.0,36727.6,36734.6
1748010197671.0,36725.1,36732.1
1748010197869.0,36727.6,36734.6
1748010198069.0,36725.1,36732.1
1748010199324.0,36727.6,36734.6
1748010199725.0,36725.1,36732.1
1748010199924.0,36727.6,36734.6
1748010200299.0,36725.1,36732.1
1748010200496.0,36727.6,36734.6
1748010201210.0,36725.1,36732.1
1748010201410.0,36727.6,36734.6
1748010201720.0,36725.1,36732.1
1748010202887.0,36725.1,36732.1
1748010203087.0,36715.1,36722.1
1748010203285,,
1748010204276,,
1748010204397.0,36720.1,36727.1
1748010205014.0,36720.1,36727.1
1748010205842.0,36725.1,36732.1
1748010206242.0,36720.1,36727.1
1748010206443.0,36722.6,36729.6
1748010206880.0,36725.1,36732.1
1748010207282.0,36730.1,36737.1
1748010207843.0,36732.6,36739.6
1748010208051.0,36735.1,36742.1
1748010208680,,
1748010208876.0,36730.1,36737.1
1748010209637.0,36732.6,36739.6
1748010210039.0,36735.1,36742.1
1748010210584,,
1748010210997.0,36732.6,36739.6
1748010211197.0,36735.1,36742.1
1748010211396.0,36732.6,36739.6
1748010211595.0,36730.1,36737.1
1748010212311.0,36732.6,36739.6
1748010212512.0,36730.1,36737.1
1748010213811.0,36730.1,36737.1
1748010214015.0,36732.6,36739.6
1748010214415.0,36735.1,36742.1
1748010215538.0,36737.6,36744.6
1748010215739.0,36735.1,36742.1
1748010217321.0,36732.6,36739.6
1748010217527.0,36735.1,36742.1
1748010218118.0,36732.6,36739.6
1748010218514.0,36730.1,36737.1
1748010218737.0,36727.6,36734.6
1748010218936.0,36730.1,36737.1
1748010219224.0,36732.6,36739.6
1748010219624.0,36730.1,36737.1
1748010220024.0,36732.6,36739.6
1748010220440.0,36732.6,36739.6
1748010220638.0,36730.1,36737.1
1748010222881.0,36732.6,36739.6
1748010223281.0,36730.1,36737.1
1748010223842.0,36732.6,36739.6
1748010224039.0,36730.1,36737.1
1748010224240.0,36732.6,36739.6
1748010224442.0,36730.1,36737.1
1748010224907.0,36727.6,36734.6
1748010225112.0,36730.1,36737.1
1748010225341.0,36727.6,36734.6
1748010225740,,
1748010225939.0,36730.1,36737.1
1748010226739.0,36727.6,36734.6
1748010227140.0,36730.1,36737.1
1748010227883.0,36727.6,36734.6
1748010228082.0,36730.1,36737.1
1748010230677,,
1748010230875.0,36735.1,36742.1
1748010231542.0,36732.6,36739.6
1748010232072.0,36735.1,36742.1
1748010234449,,
1748010234651.0,36737.6,36744.6
1748010234849.0,36735.1,36742.1
1748010235050.0,36737.6,36744.6
1748010235826.0,36735.1,36742.1
1748010236026.0,36737.6,36744.6
1748010236224.0,36735.1,36742.1
1748010237623,,
1748010237818.0,36732.6,36739.6
1748010238507.0,36730.1,36737.1
1748010238707.0,36732.6,36739.6
1748010239038.0,36735.1,36742.1
1748010239234.0,36732.6,36739.6
1748010240024.0,36735.1,36742.1
1748010241248.0,36737.6,36744.6
1748010241448.0,36735.1,36742.1
1748010242140.0,36737.6,36744.6
1748010242340.0,36735.1,36742.1
1748010242764.0,36735.1,36742.1
1748010242966.0,36737.6,36744.6
1748010243165.0,36735.1,36742.1
1748010245079,,
1748010245280.0,36737.6,36744.6
1748010245926.0,36735.1,36742.1
1748010246323.0,36737.6,36744.6
1748010246756.0,36740.1,36747.1
1748010247156.0,36745.1,36752.1
1748010247353.0,36742.6,36749.6
1748010247680.0,36740.1,36747.1
1748010248079.0,36742.6,36749.6
1748010248306.0,36740.1,36747.1
1748010248505.0,36742.6,36749.6
1748010248704.0,36740.1,36747.1
1748010248906.0,36742.6,36749.6
1748010249105.0,36740.1,36747.1
1748010249305.0,36742.6,36749.6
1748010249836.0,36740.1,36747.1
1748010250034.0,36742.6,36749.6
1748010250678.0,36740.1,36747.1
1748010250876.0,36742.6,36749.6
1748010251395.0,36740.1,36747.1
1748010252905.0,36742.6,36749.6
1748010253305.0,36740.1,36747.1
1748010254564.0,36742.6,36749.6
1748010254767.0,36740.1,36747.1
1748010255166.0,36742.6,36749.6
1748010255834.0,36745.1,36752.1
1748010257891.0,36747.6,36754.6
1748010258092.0,36750.1,36757.1
1748010258548.0,36750.1,36757.1
1748010260662.0,36747.6,36754.6
1748010261075.0,36745.1,36752.1
1748010261277.0,36747.6,36754.6
1748010261720.0,36750.1,36757.1
1748010261919.0,36747.6,36754.6
1748010262121.0,36750.1,36757.1
1748010262415.0,36752.6,36759.6
1748010262616.0,36750.1,36757.1
1748010263146.0,36747.6,36754.6
1748010263344,,
1748010263547.0,36750.1,36757.1
1748010263747.0,36747.6,36754.6
1748010264637.0,36747.6,36754.6
1748010264839.0,36750.1,36757.1
1748010268237,,
1748010268439.0,36752.6,36759.6
1748010269197.0,36755.1,36762.1
1748010271327.0,36752.6,36759.6
1748010271820.0,36750.1,36757.1
1748010272016.0,36752.6,36759.6
1748010272650.0,36752.6,36759.6
1748010273022.0,36755.1,36762.1
1748010273775.0,36752.6,36759.6
1748010274219.0,36750.1,36757.1
1748010276036.0,36752.6,36759.6
1748010276295.0,36750.1,36757.1
1748010277261.0,36752.6,36759.6
1748010277660.0,36750.1,36757.1
1748010278453.0,36752.6,36759.6
1748010279162.0,36755.1,36762.1
1748010279360.0,36752.6,36759.6
1748010279653.0,36755.1,36762.1
1748010280053.0,36752.6,36759.6
1748010280471.0,36755.1,36762.1
1748010280908.0,36752.6,36759.6
1748010281114.0,36755.1,36762.1
1748010285529,,
1748010285730.0,36757.6,36764.6
1748010286268.0,36760.1,36767.1
1748010287040.0,36757.6,36764.6
1748010287334.0,36760.1,36767.1
1748010287937.0,36755.1,36762.1
1748010293424.0,36757.6,36764.6
1748010293621.0,36760.1,36767.1
1748010295261.0,36757.6,36764.6
1748010295662.0,36755.1,36762.1
1748010297204.0,36757.6,36764.6
1748010298422.0,36755.1,36762.1
1748010300835.0,36757.6,36764.6
1748010301117.0,36755.1,36762.1
1748010301515.0,36757.6,36764.6
1748010301803.0,36755.1,36762.1
1748010302003.0,36757.6,36764.6
1748010302403.0,36755.1,36762.1
1748010302603.0,36757.6,36764.6
1748010303459.0,36760.1,36767.1
1748010304069.0,36757.6,36764.6
1748010304265,,
1748010305579.0,36755.1,36762.1
1748010306554,,
1748010308262,,
1748010308461.0,36752.6,36759.6
1748010309385.0,36755.1,36762.1
1748010311247,,
1748010312004.0,36752.6,36759.6
1748010312204,,
1748010312407.0,36755.1,36762.1
1748010312603.0,36752.6,36759.6
1748010313028.0,36755.1,36762.1
1748010313423.0,36752.6,36759.6
1748010313703.0,36755.1,36762.1
1748010314642.0,36757.6,36764.6
1748010315058.0,36755.1,36762.1
1748010316022,,
1748010316345,,
1748010316534.0,36760.1,36767.1
1748010316734.0,36757.6,36764.6
1748010316933.0,36755.1,36762.1
1748010318808.0,36752.6,36759.6
1748010319004.0,36755.1,36762.1
1748010319662.0,36757.6,36764.6
1748010320060.0,36755.1,36762.1
1748010320277.0,36757.6,36764.6
1748010321084.0,36760.1,36767.1
1748010321284.0,36757.6,36764.6
1748010321995.0,36760.1,36767.1
1748010322925,,
1748010323126.0,36762.6,36769.6
1748010323621.0,36765.1,36772.1
1748010324132,,
1748010324277.0,36760.1,36767.1
1748010325995.0,36757.6,36764.6
1748010326392.0,36755.1,36762.1
1748010326850.0,36760.1,36767.1
1748010327451.0,36760.1,36767.1
1748010327650.0,36757.6,36764.6
1748010328965.0,36760.1,36767.1
1748010329164.0,36757.6,36764.6
1748010332643.0,36760.1,36767.1
1748010333043.0,36760.1,36767.1
1748010333243.0,36757.6,36764.6
1748010333443.0,36760.1,36767.1
1748010333642.0,36757.6,36764.6
1748010333930.0,36755.1,36762.1
1748010335140,,
1748010335239.0,36757.6,36764.6
1748010335954.0,36755.1,36762.1
1748010336354.0,36757.6,36764.6
1748010336554.0,36755.1,36762.1
1748010336831.0,36752.6,36759.6
1748010337537.0,36755.1,36762.1
1748010337736.0,36752.6,36759.6
1748010338071.0,36755.1,36762.1
1748010338506.0,36752.6,36759.6
1748010338705.0,36755.1,36762.1
1748010339278.0,36757.6,36764.6
1748010340457,,
1748010340959.0,36755.1,36762.1
1748010342207.0,36752.6,36759.6
1748010342407.0,36755.1,36762.1
1748010343097.0,36752.6,36759.6
1748010343297.0,36755.1,36762.1
1748010349280.0,36757.6,36764.6
1748010351695.0,36760.1,36767.1
1748010354071,,
1748010354269.0,36762.6,36769.6
1748010354714.0,36760.1,36767.1
1748010354915.0,36762.6,36769.6
1748010355316.0,36762.6,36769.6
1748010356853.0,36765.1,36772.1
1748010357052.0,36762.6,36769.6
1748010357473.0,36762.6,36769.6
1748010357672.0,36765.1,36772.1
1748010357871.0,36762.6,36769.6
1748010358072.0,36765.1,36772.1
1748010358272.0,36762.6,36769.6
1748010358781.0,36765.1,36772.1
1748010358978.0,36762.6,36769.6
1748010359179.0,36760.1,36767.1
1748010359379.0,36762.6,36769.6
1748010360071.0,36760.1,36767.1
1748010360735,,
1748010360935.0,36765.1,36772.1
1748010361347.0,36765.1,36772.1
1748010362201.0,36762.6,36769.6
1748010362603.0,36765.1,36772.1
1748010363054.0,36762.6,36769.6
1748010363648.0,36765.1,36772.1
1748010364637.0,36767.6,36774.6
1748010365152.0,36765.1,36772.1
1748010366210.0,36767.6,36774.6
1748010367129.0,36765.1,36772.1
1748010367536.0,36767.6,36774.6
1748010367936.0,36765.1,36772.1
1748010369374.0,36762.6,36769.6
1748010369573.0,36765.1,36772.1
1748010369915.0,36762.6,36769.6
1748010370115.0,36765.1,36772.1
1748010370316.0,36762.6,36769.6
1748010370704,,
1748010371210.0,36765.1,36772.1
1748010371410.0,36762.6,36769.6
1748010371663.0,36760.1,36767.1
1748010372064.0,36762.6,36769.6
1748010372403.0,36760.1,36767.1
1748010372604.0,36762.6,36769.6
1748010372804.0,36760.1,36767.1
1748010373010,,
1748010373542.0,36757.6,36764.6
1748010373942.0,36760.1,36767.1
1748010374140.0,36757.6,36764.6
1748010374344.0,36760.1,36767.1
1748010375487.0,36760.1,36767.1
1748010376096.0,36757.6,36764.6
1748010376655.0,36755.1,36762.1
1748010377053.0,36757.6,36764.6
1748010377657.0,36755.1,36762.1
1748010377855,,
1748010380318.0,36752.6,36759.6
1748010381066.0,36750.1,36757.1
1748010384204.0,36747.6,36754.6
1748010384404.0,36750.1,36757.1
1748010385555.0,36752.6,36759.6
1748010385763.0,36750.1,36757.1
1748010386407,,
1748010386605.0,36752.6,36759.6
1748010387192.0,36750.1,36757.1
1748010387390,,
1748010388210.0,36752.6,36759.6
1748010390046.0,36750.1,36757.1
1748010392039.0,36747.6,36754.6
1748010392439.0,36745.1,36752.1
1748010392954.0,36747.6,36754.6
1748010393473.0,36745.1,36752.1
1748010393873.0,36747.6,36754.6
1748010394173.0,36745.1,36752.1
1748010394637.0,36742.6,36749.6
1748010394836.0,36745.1,36752.1
1748010395080,,
1748010395281.0,36742.6,36749.6
1748010396268.0,36745.1,36752.1
1748010396668.0,36742.6,36749.6
1748010397639.0,36740.1,36747.1
1748010398058.0,36742.6,36749.6
1748010398258.0,36740.1,36747.1
1748010398456.0,36742.6,36749.6
1748010398857.0,36740.1,36747.1
1748010399256.0,36742.6,36749.6
1748010400516.0,36740.1,36747.1
1748010400917.0,36737.6,36744.6
1748010401116.0,36740.1,36747.1
1748010401315.0,36737.6,36744.6
1748010402089.0,36735.1,36742.1
1748010402621.0,36732.6,36739.6
1748010403021.0,36730.1,36737.1
1748010403222.0,36732.6,36739.6
1748010403710.0,36735.1,36742.1
1748010404530.0,36732.6,36739.6
1748010404727.0,36735.1,36742.1
1748010406404.0,36737.6,36744.6
1748010407065.0,36735.1,36742.1
1748010407465.0,36737.6,36744.6
1748010407665.0,36735.1,36742.1
1748010409185.0,36732.6,36739.6
1748010409585.0,36730.1,36737.1
1748010410359.0,36732.6,36739.6
1748010410561.0,36730.1,36737.1
1748010411626.0,36732.6,36739.6
1748010412041.0,36730.1,36737.1
1748010412455.0,36732.6,36739.6
1748010412853,,
1748010413055.0,36735.1,36742.1
1748010413374.0,36732.6,36739.6
1748010413950.0,36730.1,36737.1
1748010414363.0,36732.6,36739.6
1748010415570.0,36735.1,36742.1
1748010416099.0,36732.6,36739.6
1748010416295.0,36735.1,36742.1
1748010416535.0,36732.6,36739.6
1748010417276.0,36735.1,36742.1
1748010417477.0,36732.6,36739.6
1748010417713.0,36730.1,36737.1
1748010418115.0,36732.6,36739.6
1748010419971.0,36730.1,36737.1
1748010420807.0,36732.6,36739.6
1748010421208.0,36735.1,36742.1
1748010421831.0,36735.1,36742.1
1748010424229.0,36732.6,36739.6
1748010424745.0,36735.1,36742.1
1748010424944.0,36732.6,36739.6
1748010425346.0,36730.1,36737.1
1748010425808.0,36727.6,36734.6
1748010426010.0,36730.1,36737.1
1748010427148,,
1748010427396.0,36730.1,36737.1
1748010427594.0,36732.6,36739.6
1748010427995.0,36735.1,36742.1
1748010428771.0,36732.6,36739.6
1748010429169.0,36735.1,36742.1
1748010429572.0,36732.6,36739.6
1748010430024.0,36735.1,36742.1
1748010430623.0,36732.6,36739.6
1748010430827.0,36735.1,36742.1
1748010431024.0,36732.6,36739.6
1748010431724.0,36735.1,36742.1
1748010432123.0,36732.6,36739.6
1748010432524.0,36735.1,36742.1
1748010433660.0,36737.6,36744.6
1748010434060.0,36735.1,36742.1
1748010437813.0,36737.6,36744.6
1748010438012.0,36735.1,36742.1
1748010438864,,
1748010439062.0,36732.6,36739.6
1748010439979.0,36735.1,36742.1
1748010441828.0,36737.6,36744.6
1748010442227.0,36735.1,36742.1
1748010442627.0,36737.6,36744.6
1748010443132.0,36740.1,36747.1
1748010444506.0,36737.6,36744.6
1748010444705.0,36740.1,36747.1
1748010444904.0,36737.6,36744.6
1748010445689.0,36735.1,36742.1
1748010445890.0,36737.6,36744.6
1748010446290.0,36737.6,36744.6
1748010446533.0,36735.1,36742.1
1748010446732.0,36737.6,36744.6
1748010446934.0,36740.1,36747.1
1748010447134.0,36737.6,36744.6
1748010447734.0,36740.1,36747.1
1748010448523.0,36742.6,36749.6
1748010448719.0,36745.1,36752.1
1748010449520.0,36742.6,36749.6
1748010449720.0,36745.1,36752.1
1748010450352.0,36742.6,36749.6
1748010450830.0,36745.1,36752.1
1748010451032.0,36742.6,36749.6
1748010451677.0,36745.1,36752.1
1748010451876.0,36742.6,36749.6
1748010452988.0,36740.1,36747.1
1748010453389.0,36742.6,36749.6
1748010453789.0,36745.1,36752.1
1748010453988.0,36742.6,36749.6
1748010454384.0,36740.1,36747.1
1748010455251.0,36742.6,36749.6
1748010455448.0,36745.1,36752.1
1748010456148.0,36742.6,36749.6
1748010456749.0,36745.1,36752.1
1748010459927.0,36745.1,36752.1
1748010461436.0,36742.6,36749.6
1748010461643.0,36745.1,36752.1
1748010462228.0,36742.6,36749.6
1748010463211.0,36745.1,36752.1
1748010463409.0,36742.6,36749.6
1748010465013.0,36740.1,36747.1
1748010466263,,
1748010466465.0,36745.1,36752.1
1748010466663.0,36742.6,36749.6
1748010467584.0,36740.1,36747.1
1748010467785.0,36742.6,36749.6
1748010468084.0,36745.1,36752.1
1748010468285.0,36742.6,36749.6
1748010468506.0,36740.1,36747.1
1748010468937.0,36742.6,36749.6
1748010469139.0,36737.6,36744.6
1748010469351.0,36740.1,36747.1
1748010469552.0,36737.6,36744.6
1748010470016.0,36740.1,36747.1
1748010470417.0,36737.6,36744.6
1748010470840.0,36737.6,36744.6
1748010472042.0,36735.1,36742.1
1748010472443.0,36735.1,36742.1
1748010472955.0,36737.6,36744.6
1748010473355.0,36735.1,36742.1
1748010473556.0,36737.6,36744.6
