1748008706099.0,914.29,914.39
1748008706554.0,914.39,914.49
1748008708509.0,914.29,914.39
1748008716070.0,914.19,914.29
1748008728271,,
1748008729541.0,914.29,914.39
1748008729741.0,914.19,914.29
1748008733724.0,914.29,914.39
1748008738565.0,914.19,914.29
1748008738764.0,914.29,914.39
1748008739429.0,914.19,914.29
1748008741788.0,914.09,914.19
1748008742739.0,914.19,914.29
1748008744159.0,914.29,914.39
1748008744358,,
1748008745760.0,914.19,914.29
1748008746243.0,914.29,914.39
1748008746634.0,914.19,914.29
1748008747788.0,914.29,914.39
1748008751381.0,914.39,914.49
1748008752519.0,914.29,914.39
1748008752731.0,914.39,914.49
1748008753656.0,914.49,914.59
1748008753841.0,914.39,914.49
1748008754388.0,914.49,914.59
1748008758185.0,914.39,914.49
1748008759085.0,914.49,914.59
1748008765113.0,914.49,914.59
1748008769352.0,914.39,914.49
1748008769559.0,914.49,914.59
1748008772624,,
1748008772881.0,914.59,914.69
1748008773077,,
1748008774405.0,914.49,914.59
1748008774607.0,914.59,914.69
1748008782054.0,914.69,914.79
1748008787963.0,914.79,914.89
1748008788243.0,914.69,914.79
1748008788558.0,914.79,914.89
1748008788759.0,914.69,914.79
1748008790214.0,914.79,914.89
1748008790414.0,914.69,914.79
1748008790819.0,914.79,914.89
1748008792093.0,914.69,914.79
1748008792642.0,914.79,914.89
1748008793577.0,914.89,914.99
1748008797259.0,914.99,915.09
1748008797544.0,914.89,914.99
1748008798904.0,914.99,915.09
1748008799524,,
1748008799722.0,915.09,915.19
1748008800037.0,914.95,915.05
1748008800454.0,915.05,915.15
1748008801053.0,914.85,914.95
1748008801251.0,914.75,914.85
1748008801458,,
1748008801852.0,914.85,914.95
1748008802961.0,914.95,915.05
1748008803179,,
1748008803851.0,915.15,915.25
1748008804247.0,915.15,915.25
1748008809811.0,915.25,915.35
1748008810785.0,915.15,915.25
1748008811179.0,915.35,915.45
1748008811709.0,915.15,915.25
1748008812057.0,915.25,915.35
1748008813706.0,915.35,915.45
1748008814744.0,915.45,915.55
1748008817121.0,915.25,915.35
1748008817367.0,915.35,915.45
1748008817576.0,915.25,915.35
1748008817766.0,915.35,915.45
1748008818994.0,915.25,915.35
1748008821306.0,915.15,915.25
1748008822218.0,915.25,915.35
1748008822619.0,915.35,915.45
1748008823615.0,915.45,915.55
1748008824329.0,915.65,915.75
1748008825406.0,915.55,915.65
1748008825575.0,915.65,915.75
1748008826466.0,915.55,915.65
1748008827638.0,915.65,915.75
1748008828044.0,915.55,915.65
1748008828690.0,915.65,915.75
1748008829090.0,915.55,915.65
1748008830310.0,915.65,915.75
1748008831732.0,915.75,915.85
1748008832160.0,915.65,915.75
1748008832332.0,915.75,915.85
1748008833237.0,915.85,915.95
1748008834303.0,915.75,915.85
1748008835020.0,915.85,915.95
1748008835660.0,915.75,915.85
1748008837778.0,915.65,915.75
1748008837975,,
1748008838404.0,915.75,915.85
1748008839229,,
1748008839912.0,915.65,915.75
1748008840672.0,915.75,915.85
1748008840870,,
1748008841304.0,915.65,915.75
1748008842510.0,915.75,915.85
1748008843675.0,915.65,915.75
1748008844715.0,915.75,915.85
1748008845112.0,915.65,915.75
1748008846696.0,915.55,915.65
1748008846905.0,915.65,915.75
1748008847920.0,915.55,915.65
1748008848760.0,915.45,915.55
1748008850028.0,915.35,915.45
1748008850868.0,915.25,915.35
1748008851851.0,915.35,915.45
1748008852451.0,915.25,915.35
1748008852727.0,915.35,915.45
1748008852927.0,915.25,915.35
1748008853231.0,915.35,915.45
1748008854605.0,915.25,915.35
1748008854821.0,915.35,915.45
1748008855007.0,915.45,915.55
1748008856780.0,915.35,915.45
1748008860165.0,915.25,915.35
1748008860962.0,915.35,915.45
1748008861364.0,915.25,915.35
1748008862078.0,915.35,915.45
1748008864854.0,915.15,915.25
1748008865259.0,915.05,915.15
1748008865465.0,915.15,915.25
1748008865665.0,915.05,915.15
1748008866545.0,915.15,915.25
1748008867352.0,915.05,915.15
1748008867965.0,915.15,915.25
1748008868981.0,915.05,915.15
1748008869395.0,915.15,915.25
1748008872908.0,915.25,915.35
1748008873494,,
1748008873973.0,915.35,915.45
1748008874930.0,915.45,915.55
1748008875228.0,915.55,915.65
1748008875428.0,915.65,915.75
1748008875963.0,915.75,915.85
1748008876361.0,915.65,915.75
1748008876762.0,915.75,915.85
1748008877645.0,915.65,915.75
1748008877845.0,915.75,915.85
1748008878045.0,915.65,915.75
1748008878869.0,915.75,915.85
1748008879450.0,915.65,915.75
1748008879662.0,915.75,915.85
1748008880695,,
1748008884751.0,915.85,915.95
1748008886743.0,915.95,916.05
1748008888411.0,916.05,916.15
1748008889366,,
1748008890522.0,916.15,916.25
1748008890748.0,916.05,916.15
1748008894554.0,915.95,916.05
1748008894977.0,915.85,915.95
1748008895149.0,915.75,915.85
1748008896377.0,915.85,915.95
1748008900517,,
1748008905727.0,915.75,915.85
1748008906128.0,915.65,915.75
1748008906331,,
1748008907452.0,915.55,915.65
1748008907661.0,915.45,915.55
1748008907953.0,915.55,915.65
1748008908168.0,915.45,915.55
1748008908347.0,915.55,915.65
1748008909409,,
1748008910268,,
1748008911228.0,915.65,915.75
1748008911643.0,915.55,915.65
1748008913450.0,915.65,915.75
1748008914576.0,915.75,915.85
1748008916091.0,915.85,915.95
1748008916781.0,915.85,915.95
1748008917029.0,915.75,915.85
1748008921599.0,915.85,915.95
1748008922296.0,915.75,915.85
1748008922808.0,915.85,915.95
1748008923727.0,915.95,916.05
1748008923928,,
1748008924150.0,915.85,915.95
1748008924673.0,915.95,916.05
1748008925325,,
1748008928893,,
1748008929568.0,916.05,916.15
1748008930426.0,915.95,916.05
1748008932206.0,915.85,915.95
1748008934779.0,915.75,915.85
1748008934978,,
1748008935423.0,915.65,915.75
1748008935821.0,915.75,915.85
1748008936024,,
1748008936222,,
1748008937195.0,915.65,915.75
1748008937925.0,915.75,915.85
1748008941804.0,915.65,915.75
1748008943505.0,915.85,915.95
1748008945492.0,915.75,915.85
1748008945691.0,915.65,915.75
1748008947106.0,915.75,915.85
1748008947306,,
1748008947959,,
1748008949391.0,915.65,915.75
1748008950752.0,915.75,915.85
1748008950952,,
1748008954932.0,915.65,915.75
1748008959580,,
1748008960460.0,915.55,915.65
1748008962252.0,915.65,915.75
1748008965384.0,915.75,915.85
1748008965576.0,915.65,915.75
1748008966261.0,915.55,915.65
1748008968877.0,915.45,915.55
1748008969076.0,915.35,915.45
1748008969475.0,915.45,915.55
1748008969874.0,915.45,915.55
1748008970075.0,915.35,915.45
1748008970442.0,915.45,915.55
1748008971169.0,915.55,915.65
1748008971648.0,915.45,915.55
1748008972796.0,915.55,915.65
1748008973876.0,915.45,915.55
1748008974079.0,915.65,915.75
1748008975626.0,915.75,915.85
1748008976492.0,915.65,915.75
1748008978561,,
1748008979038.0,915.55,915.65
1748008981541.0,915.45,915.55
1748008981746,,
1748008982692.0,915.25,915.35
1748008982899.0,915.35,915.45
1748008983092.0,915.45,915.55
1748008983293,,
1748008983691.0,915.45,915.55
1748008984510.0,915.55,915.65
1748008984709.0,915.45,915.55
1748008984909.0,915.55,915.65
1748008985730.0,915.45,915.55
1748008986181.0,915.35,915.45
1748008986842.0,915.45,915.55
1748008987812.0,915.35,915.45
1748008989718.0,915.45,915.55
1748008990718.0,915.35,915.45
1748008990917.0,915.45,915.55
1748008994067.0,915.45,915.55
1748008996476.0,915.55,915.65
1748008996675,,
1748008997718.0,915.45,915.55
1748008998720.0,915.55,915.65
1748009000332.0,915.65,915.75
1748009001492,,
1748009002297.0,915.75,915.85
1748009006460.0,915.65,915.75
1748009006671,,
1748009009193.0,915.75,915.85
1748009009803.0,915.65,915.75
1748009012071.0,915.75,915.85
1748009012290.0,915.65,915.75
1748009014433.0,915.75,915.85
1748009014829.0,915.65,915.75
1748009015227.0,915.55,915.65
1748009017046,,
1748009017246,,
1748009019275.0,915.45,915.55
1748009019476.0,915.55,915.65
1748009019675,,
1748009020676.0,915.45,915.55
1748009022706.0,915.55,915.65
1748009022904,,
1748009023305.0,915.45,915.55
1748009024178.0,915.55,915.65
1748009026528,,
1748009026730.0,915.45,915.55
1748009028505.0,915.35,915.45
1748009029099.0,915.45,915.55
1748009030658,,
1748009030860.0,915.55,915.65
1748009033952.0,915.65,915.75
1748009036295.0,915.55,915.65
1748009036493,,
1748009037204.0,915.45,915.55
1748009040990,,
1748009041675.0,915.55,915.65
1748009042299.0,915.65,915.75
1748009043141.0,915.55,915.65
1748009043341.0,915.65,915.75
1748009043554,,
1748009043949,,
1748009044157.0,915.55,915.65
1748009044886.0,915.65,915.75
1748009047517.0,915.75,915.85
1748009048095.0,915.65,915.75
1748009048857.0,915.75,915.85
1748009049289,,
1748009049655.0,915.85,915.95
1748009049957.0,915.75,915.85
1748009050163.0,915.85,915.95
1748009052678,,
1748009053582.0,915.75,915.85
1748009053783,,
1748009054229.0,915.65,915.75
1748009054723.0,915.75,915.85
1748009057371.0,915.65,915.75
1748009057867,,
1748009058263.0,915.55,915.65
1748009060749.0,915.45,915.55
1748009061174.0,915.55,915.65
1748009064539.0,915.65,915.75
1748009065162.0,915.55,915.65
1748009065989.0,915.45,915.55
1748009066285.0,915.55,915.65
1748009066805.0,915.45,915.55
1748009068768,,
1748009069263,,
1748009069675.0,915.55,915.65
1748009070991.0,915.45,915.55
1748009072166.0,915.75,915.85
1748009072334.0,915.95,916.05
1748009072533.0,915.85,915.95
1748009072735.0,915.75,915.85
1748009072935.0,915.85,915.95
1748009073554.0,915.75,915.85
1748009074407.0,916.05,916.15
1748009075576,,
1748009075779.0,916.15,916.25
1748009076206.0,916.05,916.15
1748009077389.0,915.95,916.05
1748009079837.0,915.85,915.95
1748009080091,,
1748009080237.0,915.75,915.85
1748009080436.0,915.85,915.95
1748009085162.0,915.95,916.05
1748009085947.0,915.85,915.95
1748009086145,,
1748009087465.0,915.75,915.85
1748009088935.0,915.85,915.95
1748009093721.0,915.75,915.85
1748009093919.0,915.85,915.95
1748009094141.0,915.75,915.85
1748009094318.0,915.85,915.95
1748009096860.0,915.75,915.85
1748009097056.0,915.85,915.95
1748009099165.0,915.75,915.85
1748009099363,,
1748009101097.0,915.85,915.95
1748009101297,,
1748009101899,,
1748009103621.0,915.95,916.05
1748009103905.0,915.85,915.95
1748009104106.0,915.95,916.05
1748009104413.0,915.85,915.95
1748009105631,,
1748009105831.0,915.75,915.85
1748009106032,,
1748009106437.0,915.85,915.95
1748009107175.0,915.75,915.85
1748009107377.0,915.85,915.95
1748009108315.0,915.95,916.05
1748009108515.0,915.85,915.95
1748009114222,,
1748009114423.0,916.05,916.15
1748009115113.0,915.95,916.05
1748009116112,,
1748009117330.0,915.85,915.95
1748009117964.0,915.95,916.05
1748009118578.0,916.05,916.15
1748009118976.0,915.95,916.05
1748009119426.0,916.05,916.15
1748009120828.0,915.95,916.05
1748009124784.0,915.85,915.95
1748009125335,,
1748009125535,,
1748009128538,,
1748009131910,,
1748009133787,,
1748009133987,,
1748009136339.0,915.75,915.85
1748009136938.0,915.85,915.95
1748009138196.0,915.95,916.05
1748009140797.0,915.85,915.95
1748009141198.0,915.95,916.05
1748009142249.0,915.85,915.95
1748009142465.0,915.95,916.05
1748009142863.0,915.85,915.95
1748009144549.0,915.95,916.05
1748009146004.0,915.85,915.95
1748009146632.0,915.75,915.85
1748009147452.0,915.85,915.95
1748009150522.0,915.95,916.05
1748009155779,,
1748009157675.0,915.85,915.95
1748009157851.0,916.45,916.55
1748009158052.0,916.35,916.45
1748009158250.0,916.25,916.35
1748009158471.0,916.15,916.25
1748009158671.0,916.25,916.35
1748009160470.0,916.15,916.25
1748009160760.0,916.25,916.35
1748009160961.0,916.15,916.25
1748009161690.0,916.05,916.15
1748009161888.0,916.15,916.25
1748009162089.0,916.05,916.15
1748009163694,,
1748009167515.0,916.05,916.15
1748009167908.0,915.95,916.05
1748009168657.0,916.05,916.15
1748009170549.0,916.15,916.25
1748009170953.0,916.25,916.35
1748009173536.0,916.35,916.45
1748009173761.0,916.45,916.55
1748009173932.0,916.35,916.45
1748009174352,,
1748009178065.0,916.45,916.55
1748009184966.0,916.35,916.45
1748009185487,,
1748009185889,,
1748009187604.0,916.45,916.55
1748009189188.0,916.35,916.45
1748009189788.0,916.45,916.55
1748009189990.0,916.35,916.45
1748009190218.0,916.45,916.55
1748009196008.0,916.35,916.45
1748009196214.0,916.45,916.55
1748009198291.0,916.35,916.45
1748009203613.0,916.25,916.35
1748009205960.0,916.35,916.45
1748009206358.0,916.35,916.45
1748009206558.0,916.25,916.35
1748009206969.0,916.35,916.45
1748009207839,,
1748009209013.0,916.25,916.35
1748009209864.0,916.35,916.45
1748009210933.0,916.25,916.35
1748009212358,,
1748009213652.0,916.35,916.45
1748009215616,,
1748009216152.0,916.25,916.35
1748009218812.0,916.15,916.25
1748009219012.0,916.25,916.35
1748009222972.0,916.35,916.45
1748009223659.0,916.45,916.55
1748009223857.0,916.35,916.45
1748009224050.0,916.45,916.55
1748009225438.0,916.55,916.65
1748009225639.0,916.45,916.55
1748009227853.0,916.55,916.65
1748009228152.0,916.45,916.55
1748009229643,,
1748009229849.0,916.35,916.45
1748009230581,,
1748009232326,,
1748009234958.0,916.45,916.55
1748009235609.0,916.35,916.45
1748009236347.0,916.25,916.35
1748009237029.0,916.35,916.45
1748009237621.0,916.25,916.35
1748009238607.0,916.15,916.25
1748009238808.0,916.05,916.15
1748009243584.0,916.15,916.25
1748009244179.0,916.05,916.15
1748009248221.0,915.95,916.05
1748009248419.0,916.05,916.15
1748009248782.0,915.95,916.05
1748009249035.0,916.05,916.15
1748009249432.0,915.95,916.05
1748009250549,,
1748009251063.0,916.05,916.15
1748009251253.0,915.95,916.05
1748009253240.0,916.05,916.15
1748009253439,,
1748009261367.0,916.15,916.25
1748009261779.0,916.25,916.35
1748009262771.0,916.15,916.25
1748009262974.0,916.25,916.35
1748009269769,,
1748009270459.0,916.15,916.25
1748009270657.0,916.25,916.35
1748009270857.0,916.15,916.25
1748009271988.0,916.25,916.35
1748009272694.0,916.15,916.25
1748009272897.0,916.25,916.35
1748009273089.0,916.15,916.25
1748009275250.0,916.25,916.35
1748009276399,,
1748009277011.0,916.15,916.25
1748009278453.0,916.05,916.15
1748009279351,,
1748009279832.0,916.15,916.25
1748009281395.0,916.35,916.45
1748009281786.0,916.25,916.35
1748009282005.0,916.35,916.45
1748009284809.0,916.25,916.35
1748009285072.0,916.35,916.45
1748009287324.0,916.25,916.35
1748009287524.0,916.35,916.45
1748009287724.0,916.25,916.35
1748009288014.0,916.35,916.45
1748009289026.0,916.25,916.35
1748009291230.0,916.35,916.45
1748009291429.0,916.25,916.35
1748009293372.0,916.15,916.25
1748009296979.0,916.05,916.15
1748009303199.0,915.95,916.05
1748009303683.0,916.05,916.15
1748009303882.0,915.95,916.05
1748009305510.0,915.85,915.95
1748009307115.0,915.95,916.05
1748009307514.0,915.85,915.95
1748009307713.0,915.95,916.05
1748009308345.0,915.85,915.95
1748009309053.0,915.95,916.05
1748009310818.0,915.85,915.95
1748009311019.0,915.95,916.05
1748009314857.0,916.05,916.15
1748009318808,,
1748009326570.0,915.95,916.05
1748009326769,,
1748009327779.0,915.85,915.95
1748009328181.0,915.95,916.05
1748009328577,,
1748009330760.0,915.85,915.95
1748009331191.0,915.95,916.05
1748009332085,,
1748009332287.0,916.05,916.15
1748009334014.0,916.15,916.25
1748009334239,,
1748009335761.0,916.05,916.15
1748009336480.0,916.15,916.25
1748009342971.0,916.05,916.15
1748009343170.0,916.15,916.25
1748009345829,,
1748009347250.0,916.05,916.15
1748009347671.0,915.95,916.05
1748009347869.0,915.85,915.95
1748009348271.0,915.85,915.95
1748009348470.0,915.95,916.05
1748009348669.0,915.85,915.95
1748009349578,,
1748009349777.0,915.95,916.05
1748009350837.0,916.05,916.15
1748009351083.0,915.95,916.05
1748009355040.0,916.05,916.15
1748009355436.0,915.95,916.05
1748009362104.0,915.95,916.05
1748009362504.0,916.05,916.15
1748009363874.0,915.95,916.05
1748009364283.0,916.05,916.15
1748009364985,,
1748009366834.0,916.15,916.25
1748009367034.0,916.05,916.15
1748009367410.0,916.15,916.25
1748009367606.0,916.05,916.15
1748009370043.0,915.95,916.05
1748009370692.0,916.05,916.15
1748009371953.0,916.25,916.35
1748009372116.0,916.15,916.25
1748009372806.0,916.05,916.15
1748009374420.0,915.95,916.05
1748009378808.0,916.05,916.15
1748009379009.0,915.95,916.05
1748009381279.0,915.85,915.95
1748009392707.0,915.75,915.85
1748009395234,,
1748009397330,,
1748009399445.0,915.65,915.75
1748009399640,,
1748009400012.0,915.68,915.78
1748009400256.0,915.58,915.68
1748009408684.0,915.68,915.78
1748009409529,,
1748009411097.0,915.68,915.78
1748009412118.0,915.78,915.88
1748009412373.0,915.68,915.78
1748009415255.0,915.58,915.68
1748009415559.0,915.68,915.78
1748009415759.0,915.58,915.68
1748009417510,,
1748009417710.0,915.48,915.58
1748009424589.0,915.58,915.68
1748009425003.0,915.48,915.58
1748009425373.0,915.58,915.68
1748009425786.0,915.48,915.58
1748009425987.0,915.58,915.68
1748009427140.0,915.68,915.78
1748009438604.0,915.78,915.88
1748009439406.0,915.68,915.78
1748009440611.0,915.78,915.88
1748009444238.0,915.68,915.78
1748009445783.0,915.78,915.88
1748009446718.0,915.88,915.98
1748009446916.0,915.78,915.88
1748009450048.0,915.88,915.98
1748009452998,,
1748009453400.0,915.68,915.78
1748009455735.0,915.58,915.68
1748009458699.0,915.48,915.58
1748009461016.0,915.38,915.48
1748009461479.0,915.48,915.58
1748009462125.0,915.38,915.48
1748009464325.0,915.48,915.58
1748009464524.0,915.58,915.68
1748009464779.0,915.48,915.58
1748009465380.0,915.28,915.38
1748009465576.0,915.38,915.48
1748009465879,,
1748009466075.0,915.48,915.58
1748009466761.0,915.38,915.48
1748009467332.0,915.48,915.58
1748009474104.0,915.38,915.48
1748009474447.0,915.38,915.48
1748009474669.0,915.48,915.58
1748009475080.0,915.38,915.48
1748009475939.0,915.48,915.58
1748009480765.0,915.58,915.68
1748009480978.0,915.48,915.58
1748009484048.0,915.58,915.68
1748009484791.0,915.48,915.58
1748009487106.0,915.28,915.38
1748009488488.0,915.38,915.48
1748009488946.0,915.28,915.38
1748009490761,,
1748009496672.0,915.38,915.48
1748009496884,,
1748009497097.0,915.48,915.58
1748009498518,,
1748009507880.0,915.58,915.68
1748009509764.0,915.48,915.58
1748009509963.0,915.58,915.68
1748009510786.0,915.48,915.58
1748009516561.0,915.38,915.48
1748009517390.0,915.48,915.58
1748009517591,,
1748009518556,,
1748009527231.0,915.38,915.48
1748009527959.0,915.28,915.38
1748009529682.0,915.38,915.48
1748009529883.0,915.28,915.38
1748009530291.0,915.38,915.48
1748009530492,,
1748009531673.0,915.28,915.38
1748009531986.0,915.38,915.48
1748009534384.0,915.48,915.58
1748009534584.0,915.38,915.48
1748009534787.0,915.48,915.58
1748009534987.0,915.38,915.48
1748009535592.0,915.48,915.58
1748009535786,,
1748009538007.0,915.58,915.68
1748009538209.0,915.68,915.78
1748009538504.0,915.58,915.68
1748009538893.0,915.78,915.88
1748009539092.0,915.88,915.98
1748009539294.0,915.78,915.88
1748009539905.0,915.88,915.98
1748009540124.0,916.08,916.18
1748009540491.0,916.08,916.18
1748009540709.0,916.18,916.28
1748009540921.0,916.08,916.18
1748009541974.0,916.18,916.28
1748009543248.0,916.08,916.18
1748009543554.0,916.18,916.28
1748009543952.0,916.18,916.28
1748009544152.0,916.08,916.18
1748009545399.0,916.18,916.28
1748009546222.0,916.08,916.18
1748009546421.0,916.18,916.28
1748009552581.0,916.28,916.38
1748009552784.0,916.38,916.48
1748009554391,,
1748009554614.0,916.48,916.58
1748009556035.0,916.58,916.68
1748009556856.0,916.48,916.58
1748009557056.0,916.58,916.68
1748009557256.0,916.48,916.58
1748009557456.0,916.58,916.68
1748009559246.0,916.68,916.78
1748009560510,,
1748009563178.0,916.78,916.88
1748009563376.0,916.68,916.78
1748009563773.0,916.78,916.88
1748009563972.0,916.68,916.78
1748009564582.0,916.78,916.88
1748009564784.0,916.68,916.78
1748009566765.0,916.78,916.88
1748009567161.0,916.68,916.78
1748009571117.0,916.58,916.68
1748009571318.0,916.68,916.78
1748009571604.0,916.58,916.68
1748009571805.0,916.68,916.78
1748009574869.0,916.78,916.88
1748009575263,,
1748009575456,,
1748009575942.0,916.88,916.98
1748009576539.0,916.78,916.88
1748009577396.0,916.88,916.98
1748009578105.0,916.78,916.88
1748009579975,,
1748009580168.0,916.68,916.78
1748009581274.0,916.78,916.88
1748009581883.0,916.68,916.78
1748009582108.0,916.78,916.88
1748009582527,,
1748009583105,,
1748009583307.0,916.68,916.78
1748009586235,,
1748009587033.0,916.78,916.88
1748009590273.0,916.68,916.78
1748009590675.0,916.78,916.88
1748009591395.0,916.68,916.78
1748009593180.0,916.58,916.68
1748009593885.0,916.48,916.58
1748009594453.0,916.58,916.68
1748009598432,,
1748009601468.0,916.48,916.58
1748009604906,,
1748009606457.0,916.38,916.48
1748009608265.0,916.28,916.38
1748009608737.0,916.38,916.48
1748009609136.0,916.28,916.38
1748009610634.0,916.18,916.28
1748009611506,,
1748009612600,,
1748009612984.0,916.28,916.38
1748009613187.0,916.18,916.28
1748009616014.0,916.28,916.38
1748009616816.0,916.18,916.28
1748009617265.0,916.08,916.18
1748009619192.0,916.18,916.28
1748009621205.0,916.28,916.38
1748009621409,,
1748009622613.0,916.38,916.48
1748009623911.0,916.28,916.38
1748009624938.0,916.38,916.48
1748009625495.0,916.28,916.38
1748009626221.0,916.38,916.48
1748009626411.0,916.28,916.38
1748009626809.0,916.38,916.48
1748009630735.0,916.28,916.38
1748009632455.0,916.18,916.28
1748009635714.0,916.08,916.18
1748009636185,,
1748009636974.0,915.98,916.08
1748009638755.0,915.88,915.98
1748009638968.0,915.78,915.88
1748009639143.0,915.88,915.98
1748009639544.0,915.78,915.88
1748009639774.0,915.88,915.98
1748009640725.0,915.78,915.88
1748009641125.0,915.88,915.98
1748009642577.0,915.98,916.08
1748009643063.0,915.88,915.98
1748009644208.0,915.98,916.08
1748009644407.0,915.88,915.98
1748009644824.0,915.88,915.98
1748009647219.0,915.98,916.08
1748009647656.0,915.78,915.88
1748009651562.0,915.88,915.98
1748009652009.0,915.98,916.08
1748009653476.0,915.88,915.98
1748009656464.0,915.98,916.08
1748009656688.0,915.88,915.98
1748009657397.0,915.98,916.08
1748009658299.0,915.88,915.98
1748009658872.0,915.78,915.88
1748009659721.0,915.68,915.78
1748009660616.0,915.58,915.68
1748009660819.0,915.48,915.58
1748009661746.0,915.58,915.68
1748009661946.0,915.48,915.58
1748009670339,,
1748009671448.0,915.58,915.68
1748009673336.0,915.68,915.78
1748009674604.0,915.58,915.68
1748009677096.0,915.68,915.78
1748009678610.0,915.78,915.88
1748009679010.0,915.68,915.78
1748009681492.0,915.78,915.88
1748009684985.0,915.88,915.98
1748009685187,,
1748009698187,,
1748009698383.0,915.78,915.88
1748009700279.0,915.68,915.78
1748009700716.0,915.78,915.88
1748009705765.0,915.88,915.98
1748009708270.0,915.78,915.88
1748009708455.0,915.68,915.78
1748009708731.0,915.78,915.88
1748009708930.0,915.68,915.78
1748009709205.0,915.78,915.88
1748009709408.0,915.68,915.78
1748009711654.0,915.58,915.68
1748009712051.0,915.68,915.78
1748009712249.0,915.58,915.68
1748009712681.0,915.68,915.78
1748009712881.0,915.58,915.68
1748009713135.0,915.68,915.78
1748009714486.0,915.58,915.68
1748009715258.0,915.68,915.78
1748009717586.0,915.78,915.88
1748009717787.0,915.68,915.78
1748009721778.0,915.78,915.88
1748009721976.0,915.88,915.98
1748009722378.0,915.98,916.08
1748009723195.0,915.88,915.98
1748009724242.0,915.78,915.88
1748009724823,,
1748009725224.0,915.78,915.88
1748009725425.0,915.68,915.78
1748009726022,,
1748009734254.0,915.58,915.68
1748009734453,,
1748009738466.0,915.68,915.78
1748009740351.0,915.58,915.68
1748009741594.0,915.68,915.78
1748009741796,,
1748009743205.0,915.48,915.58
1748009743417.0,915.38,915.48
1748009744396.0,915.28,915.38
1748009747118.0,915.38,915.48
1748009750304,,
1748009753116.0,915.48,915.58
1748009753315.0,915.38,915.48
1748009755005.0,915.28,915.38
1748009755409.0,915.38,915.48
1748009758413.0,915.48,915.58
1748009758613.0,915.38,915.48
1748009761231.0,915.28,915.38
1748009761429.0,915.38,915.48
1748009761630.0,915.28,915.38
1748009763906.0,915.18,915.28
1748009765747.0,915.08,915.18
1748009765948.0,915.18,915.28
1748009767183,,
1748009770261,,
1748009770439.0,915.28,915.38
1748009771107.0,915.18,915.28
1748009771308.0,915.28,915.38
1748009771914.0,915.18,915.28
1748009772115.0,915.28,915.38
1748009774804.0,915.18,915.28
1748009775006.0,915.28,915.38
1748009775405.0,915.18,915.28
1748009782672.0,915.28,915.38
1748009782851.0,915.38,915.48
1748009783343.0,915.28,915.38
1748009786725,,
1748009787775,,
1748009788507.0,915.18,915.28
1748009790419.0,915.08,915.18
1748009791913.0,915.18,915.28
1748009793012.0,915.08,915.18
1748009795045.0,914.98,915.08
1748009795241.0,915.08,915.18
1748009795437.0,914.98,915.08
1748009796207.0,915.08,915.18
1748009796413.0,914.98,915.08
1748009797667,,
1748009800744.0,915.08,915.18
1748009803636.0,914.98,915.08
1748009805943.0,914.88,914.98
1748009806145.0,914.98,915.08
1748009807461.0,914.88,914.98
1748009811015.0,914.78,914.88
1748009811419,,
1748009815252.0,914.98,915.08
1748009816878,,
1748009818439.0,914.88,914.98
1748009822139.0,914.98,915.08
1748009825673.0,914.88,914.98
1748009832017,,
1748009834978.0,914.78,914.88
1748009837040.0,914.88,914.98
1748009840986.0,914.98,915.08
1748009843039.0,914.88,914.98
1748009843236,,
1748009844035.0,914.98,915.08
1748009845134.0,914.88,914.98
1748009847693.0,914.98,915.08
1748009848082.0,914.88,914.98
1748009848407.0,914.98,915.08
1748009850041.0,914.88,914.98
1748009850242.0,914.98,915.08
1748009853272.0,914.88,914.98
1748009854658.0,914.98,915.08
1748009855069.0,914.88,914.98
1748009855457.0,914.88,914.98
1748009855687.0,914.98,915.08
1748009856569.0,914.88,914.98
1748009856969.0,914.98,915.08
1748009864476.0,915.08,915.18
1748009864657,,
1748009865379.0,914.98,915.08
1748009868930,,
1748009869133.0,914.88,914.98
1748009871527,,
1748009873097,,
1748009874823.0,914.98,915.08
1748009876256.0,914.98,915.08
1748009876538.0,914.88,914.98
1748009876939.0,914.98,915.08
1748009877297.0,914.88,914.98
1748009879977.0,914.78,914.88
1748009880575.0,914.88,914.98
1748009882026,,
1748009883596.0,914.98,915.08
1748009883808.0,914.88,914.98
1748009884974.0,914.98,915.08
1748009885365.0,914.88,914.98
1748009890453,,
1748009895485.0,914.98,915.08
1748009900205.0,914.88,914.98
1748009902078.0,914.98,915.08
1748009902753.0,914.88,914.98
1748009903127.0,914.88,914.98
1748009903325.0,914.98,915.08
1748009903525.0,914.88,914.98
1748009903726.0,914.98,915.08
1748009904127.0,914.88,914.98
1748009904347.0,914.78,914.88
1748009904741.0,914.78,914.88
1748009906873.0,914.78,914.88
1748009907073.0,914.88,914.98
1748009907271.0,914.78,914.88
1748009908506.0,914.88,914.98
1748009912178.0,914.98,915.08
1748009912378.0,914.88,914.98
1748009915008,,
1748009918406.0,914.78,914.88
1748009920203.0,914.88,914.98
1748009921405.0,914.78,914.88
1748009921604.0,914.88,914.98
1748009922828.0,914.78,914.88
1748009923265.0,914.88,914.98
1748009923711.0,914.78,914.88
1748009924366.0,914.88,914.98
1748009924540.0,914.78,914.88
1748009924939.0,914.78,914.88
1748009927493.0,914.68,914.78
1748009928097.0,914.78,914.88
1748009928580.0,914.68,914.78
1748009929024.0,914.78,914.88
1748009929447.0,914.68,914.78
1748009931299.0,914.78,914.88
1748009931479.0,914.68,914.78
1748009932755.0,914.78,914.88
1748009937106.0,914.68,914.78
1748009938320,,
1748009938719.0,914.78,914.88
1748009939945.0,914.68,914.78
1748009940145.0,914.78,914.88
1748009940929,,
1748009943740.0,914.68,914.78
1748009945284.0,914.78,914.88
1748009945682,,
1748009945884.0,914.68,914.78
1748009948348.0,914.78,914.88
1748009966058.0,914.88,914.98
1748009966441.0,914.78,914.88
1748009969747,,
1748009971179.0,914.78,914.88
1748009971953.0,914.68,914.78
1748009974493.0,914.78,914.88
1748009977669.0,914.68,914.78
1748009978599.0,914.78,914.88
1748009979905,,
1748009982426.0,914.68,914.78
1748009983108.0,914.78,914.88
1748009986254.0,914.68,914.78
1748009986455.0,914.78,914.88
1748009987591.0,914.68,914.78
1748009987793,,
1748009991132.0,914.58,914.68
1748009994163.0,914.68,914.78
1748009994361.0,914.58,914.68
1748009998535.0,914.48,914.58
1748009999552.0,914.58,914.68
1748009999751.0,914.48,914.58
1748010000050.0,914.58,914.68
1748010000383,,
1748010001023.0,914.48,914.58
1748010001954.0,914.38,914.48
1748010002154.0,914.48,914.58
1748010003021.0,914.38,914.48
1748010003440.0,914.48,914.58
1748010003661.0,914.38,914.48
1748010004344.0,914.48,914.58
1748010004540.0,914.38,914.48
1748010004854.0,914.48,914.58
1748010005292.0,914.58,914.68
1748010005454.0,914.48,914.58
1748010006495.0,914.38,914.48
1748010007238.0,914.28,914.38
1748010008433.0,914.38,914.48
1748010010755.0,914.48,914.58
1748010011157.0,914.38,914.48
1748010011389.0,914.48,914.58
1748010011588.0,914.38,914.48
1748010013499.0,914.48,914.58
1748010013697.0,914.38,914.48
1748010014096.0,914.48,914.58
1748010014868.0,914.38,914.48
1748010015267.0,914.38,914.48
1748010015467.0,914.48,914.58
1748010016053.0,914.38,914.48
1748010016798.0,914.48,914.58
1748010016991,,
1748010019207.0,914.38,914.48
1748010021072.0,914.48,914.58
1748010022595.0,914.38,914.48
1748010024360.0,914.48,914.58
1748010027843.0,914.58,914.68
1748010028670,,
1748010032303.0,914.48,914.58
1748010032504,,
1748010033143,,
1748010040354.0,914.38,914.48
1748010043366.0,914.48,914.58
1748010045988.0,914.38,914.48
1748010049237.0,914.28,914.38
1748010051010.0,914.18,914.28
1748010051213.0,914.28,914.38
1748010055438.0,914.18,914.28
1748010056249.0,914.28,914.38
1748010058142.0,914.38,914.48
1748010061529.0,914.28,914.38
1748010062127.0,914.38,914.48
1748010062879,,
1748010063368.0,914.28,914.38
1748010067450.0,914.18,914.28
1748010067673.0,914.28,914.38
1748010069577.0,914.18,914.28
1748010070082.0,914.28,914.38
1748010070282,,
1748010071462.0,914.18,914.28
1748010072434,,
1748010075226.0,914.08,914.18
1748010076113,,
1748010077909.0,914.18,914.28
1748010078310.0,914.28,914.38
1748010078508.0,914.18,914.28
1748010079256.0,914.28,914.38
1748010079455.0,914.18,914.28
1748010080071.0,914.28,914.38
1748010082455.0,914.18,914.28
1748010082653.0,914.28,914.38
1748010082851.0,914.18,914.28
1748010084081.0,914.08,914.18
1748010084293.0,914.18,914.28
1748010084488,,
1748010096753.0,914.28,914.38
1748010098164.0,914.18,914.28
1748010100386,,
1748010101965.0,914.28,914.38
1748010102440.0,914.18,914.28
1748010104335.0,914.28,914.38
1748010106336.0,914.18,914.28
1748010108273.0,914.28,914.38
1748010109785.0,914.38,914.48
1748010109995.0,914.28,914.38
1748010110184.0,914.38,914.48
1748010117148.0,914.48,914.58
1748010120346.0,914.58,914.68
1748010122122.0,914.68,914.78
1748010122325.0,914.58,914.68
1748010122531.0,914.68,914.78
1748010123840.0,914.78,914.88
1748010124185.0,914.68,914.78
1748010124673.0,914.78,914.88
1748010125114.0,914.88,914.98
1748010125915.0,914.78,914.88
1748010126463.0,914.88,914.98
1748010126663.0,914.78,914.88
1748010127245.0,914.88,914.98
1748010128305.0,914.98,915.08
1748010128505.0,914.88,914.98
1748010128769.0,914.98,915.08
1748010129832.0,915.08,915.18
1748010130244.0,915.18,915.28
1748010131835.0,915.28,915.38
1748010133139,,
1748010137004.0,915.38,915.48
1748010137515.0,915.48,915.58
1748010140476.0,915.38,915.48
1748010143678.0,915.28,915.38
1748010145566.0,915.38,915.48
1748010146228.0,915.28,915.38
1748010146497.0,915.38,915.48
1748010146788.0,915.28,915.38
1748010147126.0,915.38,915.48
1748010151118.0,915.48,915.58
1748010152224.0,915.38,915.48
1748010158764.0,915.28,915.38
1748010159612.0,915.18,915.28
1748010159805.0,915.08,915.18
1748010160876.0,915.18,915.28
1748010166644.0,915.08,915.18
1748010166992.0,915.18,915.28
1748010167194.0,914.88,914.98
1748010167416.0,914.98,915.08
1748010168140,,
1748010171424.0,915.08,915.18
1748010171633.0,914.98,915.08
1748010173056.0,915.08,915.18
1748010173251,,
1748010176042,,
1748010177990.0,915.18,915.28
1748010178326.0,915.08,915.18
1748010179305.0,914.98,915.08
1748010182009.0,915.08,915.18
1748010183098.0,915.18,915.28
1748010183295,,
1748010183504.0,915.08,915.18
1748010184228.0,915.18,915.28
1748010188123.0,915.28,915.38
1748010188320,,
1748010189652.0,915.38,915.48
1748010190825,,
1748010191744.0,915.48,915.58
1748010191957,,
1748010192143.0,915.58,915.68
1748010196269.0,915.48,915.58
1748010196792.0,915.58,915.68
1748010198962,,
1748010204395.0,915.68,915.78
1748010205091.0,915.58,915.68
1748010205630.0,915.68,915.78
1748010206261,,
1748010207140.0,915.78,915.88
1748010207718,,
1748010208718.0,915.68,915.78
1748010208918.0,915.78,915.88
1748010210195.0,915.88,915.98
1748010210594.0,915.78,915.88
1748010210796.0,915.88,915.98
1748010210995.0,915.78,915.88
1748010218684.0,915.68,915.78
1748010220577,,
1748010225114.0,915.58,915.68
1748010231891.0,915.48,915.58
1748010232091.0,915.58,915.68
1748010238578.0,915.48,915.58
1748010238843.0,915.58,915.68
1748010245238.0,915.68,915.78
1748010246235.0,915.58,915.68
1748010246995.0,915.68,915.78
1748010252836.0,915.78,915.88
1748010253303.0,915.68,915.78
1748010254475.0,915.78,915.88
1748010254670.0,915.68,915.78
1748010254868.0,915.78,915.88
1748010255388.0,915.68,915.78
1748010255763.0,915.78,915.88
1748010258107.0,915.68,915.78
1748010262331.0,915.78,915.88
1748010263566.0,915.68,915.78
1748010263775.0,915.58,915.68
1748010265205.0,915.68,915.78
1748010271215.0,915.58,915.68
1748010277653.0,915.48,915.58
1748010278447.0,915.58,915.68
1748010281984.0,915.68,915.78
1748010286283.0,915.78,915.88
1748010295684.0,915.68,915.78
1748010297166.0,915.78,915.88
1748010304262,,
1748010306181.0,915.78,915.88
1748010308351.0,915.68,915.78
1748010315889.0,915.78,915.88
1748010316222.0,915.68,915.78
1748010316446.0,915.78,915.88
1748010316823.0,915.68,915.78
1748010318260.0,915.58,915.68
1748010319704.0,915.68,915.78
1748010322929.0,915.78,915.88
1748010324348.0,915.68,915.78
1748010324780.0,915.78,915.88
1748010327458.0,915.88,915.98
1748010327659.0,915.78,915.88
1748010332559.0,915.88,915.98
1748010333820.0,915.78,915.88
1748010336115.0,915.88,915.98
1748010336517.0,915.78,915.88
1748010339158.0,915.88,915.98
1748010345007,,
1748010345404.0,915.98,916.08
1748010353099.0,916.08,916.18
1748010361059.0,916.18,916.28
1748010363325.0,916.08,916.18
1748010363524.0,916.18,916.28
1748010365364.0,916.08,916.18
1748010365761.0,916.18,916.28
1748010369623.0,916.08,916.18
1748010376772.0,915.98,916.08
1748010382089.0,915.88,915.98
1748010382489.0,915.98,916.08
1748010383064.0,915.88,915.98
1748010383264.0,915.98,916.08
1748010383731.0,915.88,915.98
1748010385717.0,915.98,916.08
1748010386436.0,915.88,915.98
1748010386933.0,915.98,916.08
1748010387193.0,915.88,915.98
1748010387587.0,915.78,915.88
1748010390396.0,915.68,915.78
1748010391090.0,915.78,915.88
1748010391548.0,915.68,915.78
1748010392955.0,915.78,915.88
1748010393156.0,915.68,915.78
1748010397781.0,915.58,915.68
1748010399315.0,915.68,915.78
1748010400766.0,915.58,915.68
1748010400990,,
1748010401189,,
1748010404432.0,915.68,915.78
1748010404630.0,915.58,915.68
1748010409616,,
1748010410555.0,915.48,915.58
1748010411119.0,915.58,915.68
1748010411825.0,915.48,915.58
1748010412798.0,915.58,915.68
1748010420284.0,915.48,915.58
1748010421175.0,915.58,915.68
1748010425806.0,915.48,915.58
1748010426005,,
1748010427931.0,915.58,915.68
1748010431585.0,915.68,915.78
1748010431803,,
1748010433863.0,915.78,915.88
1748010434473.0,915.68,915.78
1748010435277.0,915.78,915.88
1748010435875,,
1748010436076.0,915.68,915.78
1748010437428.0,915.78,915.88
1748010438249.0,915.68,915.78
1748010438428.0,915.78,915.88
1748010438643.0,915.68,915.78
1748010439807.0,915.78,915.88
1748010440720.0,915.68,915.78
1748010441292.0,915.78,915.88
1748010445582.0,915.68,915.78
1748010446823.0,915.78,915.88
1748010447629,,
1748010448778.0,915.88,915.98
1748010449721,,
1748010450549.0,915.78,915.88
1748010454611.0,915.68,915.78
1748010455436.0,915.78,915.88
1748010456880,,
1748010466478.0,915.88,915.98
1748010466665.0,915.78,915.88
1748010469229.0,915.68,915.78
1748010480505.0,915.58,915.68
1748010482856,,
1748010483060.0,915.48,915.58
1748010483254,,
1748010484294,,
1748010485415.0,915.38,915.48
1748010486738.0,915.48,915.58
1748010486936,,
1748010487649.0,915.38,915.48
1748010488568.0,915.48,915.58
1748010488968.0,915.38,915.48
1748010490819.0,915.28,915.38
1748010491831.0,915.18,915.28
1748010492034.0,915.28,915.38
1748010493137.0,915.38,915.48
1748010493313,,
1748010493914,,
1748010499306.0,915.28,915.38
1748010500069.0,915.38,915.48
1748010503818.0,915.28,915.38
1748010506028.0,915.18,915.28
1748010506525.0,915.28,915.38
1748010506702.0,915.18,915.28
1748010507818.0,915.28,915.38
1748010509354.0,915.18,915.28
1748010511436,,
1748010512113.0,915.28,915.38
1748010514125.0,915.18,915.28
1748010514351,,
1748010514999.0,915.08,915.18
1748010515727.0,915.18,915.28
1748010515979.0,915.28,915.38
1748010516782.0,915.18,915.28
1748010516968.0,915.28,915.38
1748010517453.0,915.18,915.28
1748010517651.0,915.28,915.38
1748010518414.0,915.18,915.28
1748010520637.0,915.18,915.28
1748010526222.0,915.08,915.18
1748010528447.0,914.98,915.08
1748010533274,,
1748010537495.0,915.08,915.18
1748010538389,,
1748010541929.0,915.18,915.28
1748010543861.0,915.08,915.18
1748010548063.0,914.98,915.08
1748010548414.0,915.08,915.18
1748010551756,,
1748010552190.0,914.98,915.08
1748010552381.0,915.08,915.18
1748010555054.0,914.98,915.08
1748010555250.0,915.08,915.18
1748010555448,,
1748010561668.0,914.98,915.08
1748010563306,,
1748010568432.0,915.08,915.18
1748010569018.0,914.98,915.08
1748010569388.0,915.08,915.18
1748010570382.0,914.98,915.08
1748010576631.0,915.08,915.18
1748010577042.0,915.18,915.28
1748010578514.0,915.28,915.38
1748010578710.0,915.18,915.28
1748010578923.0,915.28,915.38
1748010579145.0,915.18,915.28
1748010579421.0,915.28,915.38
1748010579624.0,915.18,915.28
1748010580753.0,915.28,915.38
1748010580954.0,915.18,915.28
1748010584840.0,915.28,915.38
1748010585041,,
1748010587732.0,915.38,915.48
1748010587929.0,915.28,915.38
1748010596146.0,915.18,915.28
1748010597482.0,915.28,915.38
1748010600055.0,915.27,915.37
1748010600598,,
1748010601699.0,915.37,915.47
1748010601917,,
1748010603971.0,915.27,915.37
1748010607315.0,915.37,915.47
1748010608022.0,915.27,915.37
1748010611543.0,915.37,915.47
1748010612326.0,915.27,915.37
1748010612609.0,915.37,915.47
1748010615915.0,915.47,915.57
1748010616116.0,915.37,915.47
1748010618543.0,915.47,915.57
1748010622035.0,915.37,915.47
1748010623768.0,915.47,915.57
1748010627206.0,915.37,915.47
1748010628042.0,915.47,915.57
1748010628243.0,915.37,915.47
1748010628446.0,915.47,915.57
1748010630135.0,915.37,915.47
1748010631237.0,915.27,915.37
1748010632810.0,915.17,915.27
1748010632997.0,915.27,915.37
1748010636698.0,915.37,915.47
1748010639977.0,915.47,915.57
1748010641430.0,915.37,915.47
1748010641798.0,915.47,915.57
1748010643122.0,915.57,915.67
1748010643733.0,915.67,915.77
1748010646276.0,915.77,915.87
1748010654515,,
1748010658927,,
1748010660358.0,915.67,915.77
1748010660560,,
1748010661251.0,915.57,915.67
1748010661747.0,915.67,915.77
1748010665525,,
1748010667737.0,915.57,915.67
1748010675698.0,915.47,915.57
1748010698804.0,915.37,915.47
1748010700119.0,915.47,915.57
1748010702414.0,915.37,915.47
1748010703154.0,915.47,915.57
1748010704510,,
1748010706897.0,915.57,915.67
1748010712172.0,915.47,915.57
1748010712562.0,915.57,915.67
1748010713099.0,915.47,915.57
1748010713695,,
1748010721268.0,915.57,915.67
1748010721467.0,915.47,915.57
1748010723822.0,915.57,915.67
1748010724740.0,915.47,915.57
1748010724939.0,915.57,915.67
1748010725183.0,915.47,915.57
1748010730672.0,915.57,915.67
1748010730863.0,915.47,915.57
1748010731082.0,915.57,915.67
1748010733943.0,915.67,915.77
1748010734143.0,915.57,915.67
1748010738022.0,915.47,915.57
1748010738876.0,915.57,915.67
1748010739267,,
1748010740527.0,915.67,915.77
1748010741009.0,915.57,915.67
1748010741205.0,915.67,915.77
1748010741404.0,915.57,915.67
1748010745183,,
1748010745608.0,915.67,915.77
1748010745839.0,915.57,915.67
1748010746749.0,915.67,915.77
1748010746947.0,915.57,915.67
1748010751139.0,915.67,915.77
1748010758095.0,915.77,915.87
1748010758293,,
1748010761282.0,915.67,915.77
1748010762583.0,915.77,915.87
1748010762762.0,915.67,915.77
1748010767897.0,915.77,915.87
1748010772504.0,915.87,915.97
1748010773477.0,915.77,915.87
1748010774628.0,915.87,915.97
1748010775265.0,915.77,915.87
1748010775713.0,915.87,915.97
1748010776950.0,915.77,915.87
1748010779241,,
1748010779441.0,915.67,915.77
1748010782614.0,915.77,915.87
1748010783968,,
1748010789843.0,915.67,915.77
1748010790023,,
1748010791009,,
1748010793194.0,915.77,915.87
1748010793393,,
1748010796514.0,915.67,915.77
1748010796715.0,915.77,915.87
1748010812585.0,915.87,915.97
1748010813273.0,915.77,915.87
1748010813474.0,915.87,915.97
1748010814229.0,915.77,915.87
1748010815042.0,915.87,915.97
1748010815526.0,915.77,915.87
1748010816603.0,915.97,916.07
1748010821037.0,916.07,916.17
1748010827970,,
1748010828170.0,916.17,916.27
1748010839913.0,916.27,916.37
1748010841985.0,916.37,916.47
1748010843156.0,916.27,916.37
1748010844184,,
1748010844982.0,916.17,916.27
1748010845179,,
1748010855512.0,916.07,916.17
1748010858309.0,916.17,916.27
1748010865347.0,916.27,916.37
1748010868070.0,916.37,916.47
1748010870205,,
1748010873615,,
1748010873817.0,916.27,916.37
1748010876818.0,916.37,916.47
1748010877127.0,916.27,916.37
1748010877325.0,916.37,916.47
1748010878492.0,916.27,916.37
1748010880251.0,916.37,916.47
1748010880455,,
1748010885611.0,916.47,916.57
1748010885809.0,916.37,916.47
1748010886680.0,916.47,916.57
1748010886874.0,916.37,916.47
1748010887554.0,916.47,916.57
1748010888759.0,916.37,916.47
1748010889481.0,916.47,916.57
1748010891591.0,916.37,916.47
1748010891792,,
1748010898226,,
1748010899209,,
1748010900204.0,916.47,916.57
1748010900604.0,916.37,916.47
1748010901828.0,916.27,916.37
1748010902966.0,916.37,916.47
1748010903165,,
1748010905358,,
1748010905759.0,916.27,916.37
1748010907578,,
1748010909863.0,916.37,916.47
1748010910148.0,916.27,916.37
1748010913808.0,916.27,916.37
1748010914551.0,916.37,916.47
1748010914949.0,916.27,916.37
1748010915584,,
1748010920620.0,916.17,916.27
1748010921817.0,916.27,916.37
1748010929962.0,916.17,916.27
1748010930166,,
1748010930587.0,916.07,916.17
1748010930912.0,916.17,916.27
1748010931112,,
1748010931312,,
1748010933534,,
1748010935505.0,916.27,916.37
1748010939288.0,916.17,916.27
1748010939689,,
1748010942187.0,916.07,916.17
1748010942387.0,916.17,916.27
1748010942975,,
1748010951077.0,916.27,916.37
1748010952297.0,916.17,916.27
1748010954423.0,916.27,916.37
1748010960419.0,916.17,916.27
1748010960620.0,916.27,916.37
1748010961463,,
1748010967502.0,916.17,916.27
1748010967937,,
1748010968406.0,916.27,916.37
1748010969090.0,916.17,916.27
1748010970425.0,916.27,916.37
1748010974238,,
1748010975766.0,916.37,916.47
1748010977198.0,916.27,916.37
1748010977396.0,916.37,916.47
1748010977975,,
1748010983947.0,916.17,916.27
1748010984346.0,916.17,916.27
1748010984541.0,916.27,916.37
1748010988198.0,916.37,916.47
1748010988620.0,916.37,916.47
1748010989039.0,916.27,916.37
1748010989242,,
1748010990642.0,916.17,916.27
1748010991029.0,916.27,916.37
1748010991230.0,916.17,916.27
1748010992379.0,916.07,916.17
1748010992589,,
1748010994128.0,916.17,916.27
1748010999296.0,916.27,916.37
1748011001369.0,916.27,916.37
1748011003714.0,916.37,916.47
1748011003913,,
1748011004319.0,916.27,916.37
1748011004514.0,916.37,916.47
1748011004916.0,916.27,916.37
1748011005604.0,916.37,916.47
1748011007833.0,916.47,916.57
1748011009168,,
1748011012931.0,916.57,916.67
1748011015585.0,916.67,916.77
1748011016468.0,916.57,916.67
1748011020580,,
1748011032118.0,916.67,916.77
1748011035679.0,916.57,916.67
1748011037713,,
1748011038094.0,916.47,916.57
1748011039810,,
1748011041758.0,916.57,916.67
1748011042641.0,916.47,916.57
1748011046575,,
1748011047377.0,916.37,916.47
1748011051906.0,916.27,916.37
1748011052611.0,916.17,916.27
1748011053065.0,916.27,916.37
1748011053281.0,916.37,916.47
1748011054797.0,916.37,916.47
1748011056396,,
1748011059276.0,916.27,916.37
1748011059464,,
1748011066885.0,916.37,916.47
1748011072029,,
1748011074787.0,916.47,916.57
1748011075730.0,916.37,916.47
1748011075931.0,916.47,916.57
1748011076331.0,916.37,916.47
1748011080763,,
1748011082658.0,916.27,916.37
1748011085387.0,916.37,916.47
1748011086417.0,916.47,916.57
1748011088353.0,916.37,916.47
1748011088767.0,916.37,916.47
1748011088974.0,916.47,916.57
1748011089168.0,916.37,916.47
1748011089655.0,916.47,916.57
1748011093243.0,916.37,916.47
1748011094961.0,916.47,916.57
1748011104770.0,916.57,916.67
1748011105410.0,916.47,916.57
1748011108381.0,916.57,916.67
1748011110599,,
1748011114566.0,916.47,916.57
1748011115890.0,916.37,916.47
1748011116071.0,916.47,916.57
1748011117092,,
1748011118905.0,916.37,916.47
1748011127859.0,916.27,916.37
1748011129681.0,916.17,916.27
1748011129882.0,916.27,916.37
1748011130295.0,916.17,916.27
1748011130484,,
1748011133157.0,916.07,916.17
1748011133355.0,916.17,916.27
1748011135383.0,916.27,916.37
1748011135787,,
1748011139399.0,916.37,916.47
1748011139598.0,916.27,916.37
1748011142115.0,916.37,916.47
1748011142815.0,916.27,916.37
1748011143092.0,916.37,916.47
1748011143797.0,916.27,916.37
1748011145123.0,916.37,916.47
1748011146829,,
1748011147309,,
1748011159217.0,916.47,916.57
1748011159430.0,916.37,916.47
1748011168112.0,916.27,916.37
1748011168311,,
1748011170731.0,916.17,916.27
1748011171097.0,916.27,916.37
1748011172384.0,916.17,916.27
1748011172585,,
1748011175397.0,916.27,916.37
1748011177793.0,916.17,916.27
1748011178650.0,916.17,916.27
1748011179272.0,916.27,916.37
1748011185547.0,916.17,916.27
1748011190080,,
1748011190344.0,916.17,916.27
1748011194553.0,916.27,916.37
1748011196043.0,916.07,916.17
1748011196699.0,916.17,916.27
1748011200104.0,916.04,916.14
1748011200411.0,915.94,916.04
1748011200605,,
1748011201575.0,915.84,915.94
1748011201978.0,915.94,916.04
1748011202861.0,915.84,915.94
1748011203029.0,915.94,916.04
1748011203332.0,915.84,915.94
1748011204035.0,915.94,916.04
1748011204355.0,915.84,915.94
1748011206431.0,915.74,915.84
1748011206736.0,915.84,915.94
1748011208013.0,915.94,916.04
1748011208212.0,915.84,915.94
1748011209221.0,915.94,916.04
1748011209422.0,915.84,915.94
1748011209621.0,915.94,916.04
1748011212840.0,915.84,915.94
1748011214187.0,915.94,916.04
1748011214787.0,915.84,915.94
1748011215615.0,915.94,916.04
1748011216693.0,916.04,916.14
1748011216892.0,915.94,916.04
1748011219026.0,916.04,916.14
1748011220372.0,916.14,916.24
1748011220840,,
1748011221327.0,916.24,916.34
1748011223038,,
1748011223422.0,916.34,916.44
1748011224531.0,916.44,916.54
1748011227818,,
1748011230529.0,916.54,916.64
1748011230935,,
1748011235143.0,916.44,916.54
1748011237603.0,916.54,916.64
1748011237807,,
1748011238587.0,916.64,916.74
1748011239643,,
1748011249686.0,916.54,916.64
1748011255005.0,916.44,916.54
1748011255972.0,916.54,916.64
1748011257645.0,916.44,916.54
1748011257864,,
1748011259059,,
1748011261190,,
1748011266327,,
1748011268257,,
1748011271669.0,916.54,916.64
1748011274379.0,916.54,916.64
1748011274709.0,916.44,916.54
1748011276987.0,916.34,916.44
1748011280620.0,916.44,916.54
1748011281094.0,916.54,916.64
1748011282243.0,916.44,916.54
1748011290398.0,916.54,916.64
1748011293148.0,916.44,916.54
1748011293519.0,916.54,916.64
1748011296530.0,916.44,916.54
1748011300249.0,916.54,916.64
1748011300646.0,916.44,916.54
1748011301483.0,916.54,916.64
1748011302083.0,916.44,916.54
1748011302321.0,916.54,916.64
1748011302968.0,916.44,916.54
1748011311994.0,916.54,916.64
1748011316485.0,916.44,916.54
1748011321027,,
1748011321230.0,916.34,916.44
1748011322471.0,916.44,916.54
1748011324381.0,916.54,916.64
1748011324578.0,916.44,916.54
1748011327070,,
1748011331109.0,916.34,916.44
1748011334162.0,916.24,916.34
1748011334363.0,916.14,916.24
1748011334763.0,916.04,916.14
1748011336405.0,915.94,916.04
1748011336800.0,916.04,916.14
1748011337262.0,916.14,916.24
1748011337662.0,916.04,916.14
1748011339098.0,915.94,916.04
1748011339719,,
1748011340347.0,916.04,916.14
1748011340948.0,916.14,916.24
1748011341184.0,916.04,916.14
1748011341899.0,916.14,916.24
1748011347266.0,916.04,916.14
1748011348104.0,916.14,916.24
1748011349684.0,916.04,916.14
1748011350144.0,916.14,916.24
1748011353115.0,916.04,916.14
1748011353306.0,916.14,916.24
1748011353694.0,916.04,916.14
1748011354464.0,916.14,916.24
1748011355086.0,916.04,916.14
1748011356443.0,916.14,916.24
1748011360318.0,916.04,916.14
1748011360519.0,916.14,916.24
1748011366261.0,916.04,916.14
1748011371439.0,916.14,916.24
1748011371637.0,916.04,916.14
1748011372374.0,916.14,916.24
1748011372573.0,916.04,916.14
1748011373373.0,916.14,916.24
1748011373573.0,916.04,916.14
1748011375284.0,916.14,916.24
1748011377119.0,916.04,916.14
1748011377313.0,916.14,916.24
1748011379360.0,916.04,916.14
1748011379561.0,915.94,916.04
1748011379761.0,916.04,916.14
1748011379961.0,915.94,916.04
1748011380159,,
1748011380447,,
1748011382500.0,916.04,916.14
1748011383439.0,916.14,916.24
1748011383635,,
1748011385244.0,916.04,916.14
1748011392820,,
1748011394760,,
1748011402253.0,916.14,916.24
1748011407970.0,916.24,916.34
1748011408589.0,916.34,916.44
1748011409480.0,916.44,916.54
1748011409881.0,916.34,916.44
1748011410595.0,916.44,916.54
1748011410791.0,916.34,916.44
1748011413049.0,916.44,916.54
1748011426059,,
1748011432982.0,916.54,916.64
1748011433809.0,916.44,916.54
1748011437136.0,916.54,916.64
1748011437331.0,916.44,916.54
1748011440904,,
1748011443823,,
1748011445290.0,916.34,916.44
1748011447239.0,916.44,916.54
1748011447840.0,916.34,916.44
1748011448482.0,916.44,916.54
1748011450266.0,916.34,916.44
1748011451226.0,916.44,916.54
1748011452403.0,916.54,916.64
1748011453303.0,916.44,916.54
1748011455594.0,916.34,916.44
1748011457219.0,916.44,916.54
1748011457436.0,916.34,916.44
1748011457696.0,916.44,916.54
1748011458093.0,916.34,916.44
1748011460334.0,916.44,916.54
1748011460533.0,916.34,916.44
1748011469094.0,916.44,916.54
1748011469368.0,916.34,916.44
1748011470752.0,916.44,916.54
1748011470947.0,916.34,916.44
1748011471527.0,916.34,916.44
1748011471868.0,916.44,916.54
1748011473193.0,916.34,916.44
1748011479506.0,916.14,916.24
1748011480487,,
1748011489164.0,916.24,916.34
1748011490494,,
1748011494226.0,916.14,916.24
1748011494623.0,916.24,916.34
1748011496900,,
1748011500556,,
1748011503911.0,916.34,916.44
1748011516307.0,916.44,916.54
1748011516706.0,916.54,916.64
1748011519814.0,916.44,916.54
1748011522439.0,916.34,916.44
1748011522639,,
1748011523051.0,916.44,916.54
1748011528995.0,916.54,916.64
1748011529193,,
1748011529920.0,916.44,916.54
1748011530569.0,916.54,916.64
1748011530964.0,916.44,916.54
1748011531342.0,916.54,916.64
1748011536302.0,916.44,916.54
1748011537119.0,916.54,916.64
1748011539832.0,916.64,916.74
1748011542367,,
1748011551217.0,916.74,916.84
1748011551469.0,916.84,916.94
1748011554697.0,916.74,916.84
1748011554895,,
1748011555327,,
1748011556799.0,916.84,916.94
1748011557639.0,916.74,916.84
1748011557843,,
1748011559124.0,916.64,916.74
1748011560466,,
1748011563809.0,916.74,916.84
1748011564007.0,916.64,916.74
1748011568269.0,916.54,916.64
1748011568645,,
1748011569067.0,916.64,916.74
1748011569267.0,916.54,916.64
1748011569467.0,916.64,916.74
1748011570805,,
1748011572520.0,916.54,916.64
1748011573266.0,916.64,916.74
1748011574444.0,916.54,916.64
1748011575445.0,916.64,916.74
1748011576320.0,916.54,916.64
1748011576989.0,916.64,916.74
1748011577187,,
1748011583321.0,916.74,916.84
1748011584113.0,916.64,916.74
1748011584313,,
1748011586749,,
1748011589671.0,916.74,916.84
1748011590408,,
1748011590727.0,916.64,916.74
1748011590925.0,916.74,916.84
1748011591126.0,916.64,916.74
1748011591326.0,916.74,916.84
1748011594784.0,916.64,916.74
1748011594984.0,916.74,916.84
1748011595185.0,916.64,916.74
1748011595383.0,916.74,916.84
1748011603897.0,916.64,916.74
1748011604105,,
1748011604671.0,916.74,916.84
1748011607910.0,916.84,916.94
1748011608110,,
1748011610765,,
1748011611973.0,916.74,916.84
1748011612174.0,916.84,916.94
1748011616084.0,916.74,916.84
1748011619119.0,916.84,916.94
1748011620203.0,916.74,916.84
1748011623391,,
1748011628512.0,916.84,916.94
1748011628710,,
1748011633659.0,916.94,917.04
1748011633860.0,916.84,916.94
1748011635692.0,916.94,917.04
1748011636113,,
1748011636429.0,917.04,917.14
1748011639146,,
1748011639363.0,917.14,917.24
1748011641282,,
1748011642615.0,917.24,917.34
1748011644428.0,917.14,917.24
1748011644663.0,917.24,917.34
1748011646609.0,917.14,917.24
1748011647674,,
1748011648416,,
1748011649239.0,917.24,917.34
1748011649432.0,917.14,917.24
1748011650818,,
1748011653129.0,917.04,917.14
1748011659452.0,916.94,917.04
1748011660318.0,917.04,917.14
1748011660511,,
1748011661606.0,916.94,917.04
1748011662299.0,917.04,917.14
1748011665404.0,916.94,917.04
1748011665598.0,917.04,917.14
1748011665796.0,916.94,917.04
1748011668182.0,916.84,916.94
1748011669197.0,916.94,917.04
1748011672382.0,917.04,917.14
1748011673058.0,916.94,917.04
1748011673456.0,917.04,917.14
1748011673717.0,916.94,917.04
1748011673960.0,917.04,917.14
1748011674356.0,916.94,917.04
1748011680382.0,916.74,916.84
1748011680603.0,916.84,916.94
1748011681004,,
1748011682909.0,916.74,916.84
1748011683177.0,916.84,916.94
1748011683376.0,916.74,916.84
1748011683803,,
1748011685096,,
1748011686177.0,916.84,916.94
1748011686379.0,916.74,916.84
1748011687943.0,916.84,916.94
1748011688159.0,916.74,916.84
1748011688365.0,916.84,916.94
1748011691152.0,916.74,916.84
1748011691339.0,916.84,916.94
1748011691539.0,916.74,916.84
1748011691737.0,916.84,916.94
1748011692219.0,916.74,916.84
1748011696160.0,916.84,916.94
1748011697387.0,916.74,916.84
1748011697563.0,916.84,916.94
1748011702349.0,916.94,917.04
1748011702730.0,916.84,916.94
1748011703780,,
1748011709596.0,916.94,917.04
1748011710220.0,916.84,916.94
1748011710418.0,916.94,917.04
1748011712741,,
1748011713175.0,917.04,917.14
1748011722233,,
1748011723569.0,916.94,917.04
1748011723766,,
1748011729152.0,917.04,917.14
1748011729351.0,916.94,917.04
1748011729891.0,917.04,917.14
1748011730086.0,916.94,917.04
1748011730286.0,917.04,917.14
1748011736251.0,916.94,917.04
1748011739457.0,917.04,917.14
1748011739657.0,916.94,917.04
1748011740138.0,917.04,917.14
1748011749199.0,917.14,917.24
1748011751967,,
1748011752505.0,917.24,917.34
1748011753528,,
1748011756230,,
1748011759376.0,917.14,917.24
1748011759567.0,917.24,917.34
1748011761723,,
1748011762104.0,917.14,917.24
1748011762448.0,917.24,917.34
1748011762647.0,917.14,917.24
1748011765670.0,917.04,917.14
1748011766461.0,916.94,917.04
1748011768712.0,917.04,917.14
1748011770428.0,916.94,917.04
1748011770626,,
1748011772040.0,917.04,917.14
1748011772241.0,916.94,917.04
1748011774543.0,917.04,917.14
1748011775413,,
1748011783187.0,916.94,917.04
1748011784218.0,917.04,917.14
1748011784947.0,916.94,917.04
1748011787431.0,917.04,917.14
1748011787625.0,916.94,917.04
1748011789687.0,917.04,917.14
1748011791627.0,916.94,917.04
1748011791850.0,917.04,917.14
1748011792639.0,916.94,917.04
1748011792860,,
1748011793795.0,917.04,917.14
1748011795231.0,916.94,917.04
1748011795428,,
1748011798341.0,916.84,916.94
1748011798545.0,916.94,917.04
1748011800020.0,916.99,917.09
1748011800404.0,916.89,916.99
1748011800603,,
1748011801463.0,916.99,917.09
1748011804243.0,916.89,916.99
1748011804444,,
1748011805664.0,916.99,917.09
1748011806076.0,916.89,916.99
1748011806272,,
1748011807779.0,916.79,916.89
1748011808528.0,916.89,916.99
1748011809410.0,916.99,917.09
1748011810514.0,916.89,916.99
1748011810842.0,916.99,917.09
1748011813792.0,916.89,916.99
1748011813999.0,916.79,916.89
1748011820549.0,916.69,916.79
1748011820751,,
1748011821349.0,916.59,916.69
1748011821549.0,916.69,916.79
1748011822039.0,916.59,916.69
1748011822564.0,916.49,916.59
1748011825337.0,916.39,916.49
1748011825537.0,916.49,916.59
1748011826609.0,916.39,916.49
1748011826805.0,916.49,916.59
1748011827004.0,916.39,916.49
1748011827431.0,916.49,916.59
1748011827965.0,916.39,916.49
1748011828324.0,916.49,916.59
1748011828522.0,916.39,916.49
1748011830073.0,916.29,916.39
1748011833739,,
1748011834039.0,916.19,916.29
1748011834404.0,916.09,916.19
1748011834919.0,916.19,916.29
1748011835820.0,916.09,916.19
1748011836805,,
1748011838420,,
1748011839752.0,915.99,916.09
1748011840982.0,916.09,916.19
1748011841182.0,916.19,916.29
1748011842883.0,916.09,916.19
1748011845432.0,916.19,916.29
1748011846035.0,916.29,916.39
1748011848360.0,916.39,916.49
1748011848718.0,916.29,916.39
1748011848919,,
1748011850042,,
1748011850241.0,916.19,916.29
1748011851070.0,916.29,916.39
1748011851551.0,916.19,916.29
1748011851751,,
1748011852377.0,916.29,916.39
1748011852811.0,916.19,916.29
1748011854021.0,916.29,916.39
1748011855109.0,916.19,916.29
1748011855307,,
1748011855915.0,916.29,916.39
1748011856116.0,916.19,916.29
1748011859205.0,916.09,916.19
1748011859619,,
1748011860329,,
1748011861779.0,916.19,916.29
1748011861962.0,916.09,916.19
1748011863598.0,915.99,916.09
1748011863798.0,916.09,916.19
1748011866303.0,915.99,916.09
1748011869845,,
1748011872727.0,915.89,915.99
1748011873124,,
1748011880363.0,915.99,916.09
1748011882943.0,915.89,915.99
1748011884069.0,915.99,916.09
1748011884958,,
1748011885348.0,916.09,916.19
1748011886583.0,915.99,916.09
1748011886776.0,916.09,916.19
1748011886983.0,915.99,916.09
1748011887181.0,916.09,916.19
1748011887382.0,915.99,916.09
1748011888808.0,916.09,916.19
1748011889610.0,915.99,916.09
1748011890007.0,916.09,916.19
1748011892513.0,916.19,916.29
1748011893111,,
1748011894109.0,916.09,916.19
1748011894326.0,916.19,916.29
1748011894527.0,916.09,916.19
1748011897305.0,916.19,916.29
1748011902637.0,916.29,916.39
1748011903326.0,916.19,916.29
1748011903525.0,916.29,916.39
1748011904452.0,916.19,916.29
1748011904657.0,916.29,916.39
1748011905613.0,916.19,916.29
1748011910573.0,916.29,916.39
1748011913445.0,916.39,916.49
1748011914914.0,916.49,916.59
1748011915684.0,916.59,916.69
1748011917057.0,916.49,916.59
1748011922650.0,916.39,916.49
1748011922878,,
1748011923409.0,916.29,916.39
1748011923608.0,916.39,916.49
1748011923810.0,916.29,916.39
1748011924409.0,916.39,916.49
1748011925665.0,916.49,916.59
1748011925886.0,916.39,916.49
1748011928518,,
1748011928779.0,916.29,916.39
1748011929958.0,916.39,916.49
1748011930757.0,916.29,916.39
1748011931684.0,916.39,916.49
1748011933380.0,916.49,916.59
1748011933568.0,916.39,916.49
1748011934724.0,916.29,916.39
1748011936573,,
1748011936785.0,916.19,916.29
1748011936985.0,916.29,916.39
1748011937184.0,916.19,916.29
1748011937917.0,916.29,916.39
1748011938813.0,916.19,916.29
1748011939014.0,916.29,916.39
1748011939252.0,916.39,916.49
1748011939477.0,916.49,916.59
1748011941977,,
1748011942190.0,916.39,916.49
1748011944321.0,916.29,916.39
1748011945424,,
1748011952450.0,916.39,916.49
1748011953133.0,916.29,916.39
1748011953641.0,916.39,916.49
1748011954804.0,916.29,916.39
1748011961811.0,916.39,916.49
1748011962204.0,916.29,916.39
1748011966915.0,916.39,916.49
1748011973256.0,916.29,916.39
1748011973456.0,916.39,916.49
1748011976849.0,916.29,916.39
1748011978573.0,916.39,916.49
1748011979323.0,916.29,916.39
1748011985278.0,916.39,916.49
1748011988360.0,916.29,916.39
1748011992174.0,916.19,916.29
1748011992377.0,916.29,916.39
1748011992573.0,916.19,916.29
1748011993155.0,916.29,916.39
1748011993356.0,916.19,916.29
1748011993555.0,916.29,916.39
1748011995467.0,916.19,916.29
1748011995708,,
1748011995909.0,916.29,916.39
1748011997172,,
1748012000021,,
1748012000237.0,916.39,916.49
1748012004884.0,916.49,916.59
1748012005077.0,916.39,916.49
1748012007969.0,916.49,916.59
1748012010071,,
1748012011411.0,916.59,916.69
1748012012319,,
1748012012860.0,916.69,916.79
1748012013260.0,916.59,916.69
1748012013744.0,916.69,916.79
1748012013945.0,916.59,916.69
1748012014144.0,916.69,916.79
1748012014347.0,916.59,916.69
1748012014544.0,916.69,916.79
1748012014751.0,916.59,916.69
1748012016305.0,916.69,916.79
1748012016516.0,916.59,916.69
1748012017790.0,916.69,916.79
1748012018571.0,916.59,916.69
1748012021163.0,916.69,916.79
1748012022392.0,916.59,916.69
1748012023236.0,916.69,916.79
1748012023403.0,916.59,916.69
1748012024393.0,916.69,916.79
1748012025454.0,916.59,916.69
1748012026007.0,916.69,916.79
1748012026220.0,916.59,916.69
1748012028066,,
1748012035118,,
1748012037836.0,916.69,916.79
1748012038328.0,916.59,916.69
1748012041962.0,916.49,916.59
1748012042366,,
1748012044854,,
1748012045681.0,916.59,916.69
1748012064221.0,916.69,916.79
1748012070540.0,916.59,916.69
1748012073114.0,916.49,916.59
1748012073292.0,916.39,916.49
1748012074188.0,916.49,916.59
1748012074386.0,916.39,916.49
1748012075735.0,916.49,916.59
1748012076445.0,916.39,916.49
1748012082256,,
1748012083169.0,916.29,916.39
1748012087171,,
1748012089128.0,916.19,916.29
1748012093538.0,916.29,916.39
1748012094554.0,916.19,916.29
1748012099318.0,916.29,916.39
1748012100380.0,916.19,916.29
1748012100580.0,916.29,916.39
1748012104524.0,916.19,916.29
1748012106605.0,916.29,916.39
1748012110249.0,916.19,916.29
1748012113221.0,916.29,916.39
1748012113421.0,916.19,916.29
1748012116652,,
1748012123306,,
1748012123858.0,916.29,916.39
1748012124078.0,916.39,916.49
1748012125141.0,916.29,916.39
1748012126980.0,916.39,916.49
1748012127927,,
1748012128857.0,916.49,916.59
1748012129084.0,916.39,916.49
1748012129808.0,916.49,916.59
1748012129995.0,916.39,916.49
1748012130216.0,916.49,916.59
1748012143737.0,916.39,916.49
1748012143937,,
1748012153909.0,916.39,916.49
1748012156198.0,916.49,916.59
1748012156396.0,916.39,916.49
1748012157476.0,916.49,916.59
1748012162642.0,916.39,916.49
1748012162848.0,916.29,916.39
1748012163083.0,916.19,916.29
1748012163641.0,916.29,916.39
1748012164721.0,916.39,916.49
1748012164923.0,916.29,916.39
1748012169229.0,916.39,916.49
1748012169628.0,916.49,916.59
1748012170511.0,916.39,916.49
1748012170711.0,916.49,916.59
1748012171416,,
1748012171616.0,916.59,916.69
1748012175518.0,916.69,916.79
1748012175925,,
1748012184660.0,916.49,916.59
1748012185807,,
1748012187479.0,916.39,916.49
1748012188624.0,916.49,916.59
1748012189040.0,916.39,916.49
1748012197799.0,916.29,916.39
1748012198693.0,916.39,916.49
1748012200223.0,916.29,916.39
1748012201408.0,916.39,916.49
1748012203482.0,916.29,916.39
1748012203676,,
1748012205638,,
1748012207716.0,916.29,916.39
1748012208722.0,916.39,916.49
1748012221536.0,916.29,916.39
1748012221881.0,916.39,916.49
1748012223624.0,916.29,916.39
1748012224114,,
1748012229480.0,916.39,916.49
1748012229678,,
1748012231563,,
1748012236151.0,916.49,916.59
1748012236345,,
1748012239258.0,916.39,916.49
1748012239818.0,916.49,916.59
1748012240019.0,916.39,916.49
1748012240697.0,916.49,916.59
1748012241804.0,916.39,916.49
1748012244071.0,916.49,916.59
1748012247663.0,916.59,916.69
1748012250249,,
1748012252337.0,916.49,916.59
1748012252529.0,916.59,916.69
1748012259447.0,916.49,916.59
1748012262805.0,916.59,916.69
1748012263281.0,916.49,916.59
1748012266559.0,916.39,916.49
1748012270945.0,916.49,916.59
1748012276413.0,916.39,916.49
1748012276819.0,916.49,916.59
1748012280384.0,916.39,916.49
1748012280581.0,916.49,916.59
1748012281217.0,916.39,916.49
1748012281619.0,916.29,916.39
1748012286097.0,916.39,916.49
1748012295155.0,916.29,916.39
1748012295554.0,916.19,916.29
1748012299993.0,916.29,916.39
1748012300497.0,916.19,916.29
1748012301668.0,916.29,916.39
1748012304540,,
1748012308047.0,916.39,916.49
1748012308605.0,916.29,916.39
1748012310284.0,916.39,916.49
1748012318123.0,916.19,916.29
1748012318646.0,916.29,916.39
1748012318844,,
1748012328981,,
1748012329177.0,916.19,916.29
1748012330982.0,916.29,916.39
1748012332898.0,916.19,916.29
1748012335022.0,916.29,916.39
1748012340741,,
1748012341543.0,916.39,916.49
1748012341749.0,916.29,916.39
1748012343046.0,916.39,916.49
1748012343836.0,916.39,916.49
1748012349414.0,916.49,916.59
1748012349692.0,916.39,916.49
1748012350305.0,916.49,916.59
1748012353529.0,916.39,916.49
1748012358904,,
1748012363170.0,916.29,916.39
1748012363368,,
1748012379326.0,916.39,916.49
1748012379723.0,916.29,916.39
1748012379925.0,916.39,916.49
1748012380555.0,916.29,916.39
1748012380849.0,916.39,916.49
1748012382992.0,916.29,916.39
1748012384028.0,916.39,916.49
1748012387653.0,916.29,916.39
1748012396344,,
1748012400028.0,916.33,916.43
1748012400265.0,916.53,916.63
1748012400896.0,916.43,916.53
1748012401112.0,916.53,916.63
1748012401495.0,916.63,916.73
1748012401890.0,916.53,916.63
1748012402089.0,916.43,916.53
1748012402687.0,916.53,916.63
1748012402881.0,916.63,916.73
1748012403083.0,916.73,916.83
1748012403282.0,916.93,917.03
1748012403683.0,916.73,916.83
1748012404094,,
1748012404286.0,916.63,916.73
1748012404507,,
1748012404685.0,916.53,916.63
1748012405211.0,916.63,916.73
1748012407676.0,916.73,916.83
1748012408630.0,916.63,916.73
1748012408829,,
1748012410923.0,916.53,916.63
1748012415633,,
1748012416055.0,916.43,916.53
1748012416260.0,916.53,916.63
1748012416776.0,916.43,916.53
1748012417508.0,916.23,916.33
1748012417913,,
1748012418868.0,916.13,916.23
1748012419468.0,916.23,916.33
1748012422673.0,916.43,916.53
1748012423898.0,916.33,916.43
1748012430380.0,916.43,916.53
1748012430578.0,916.33,916.43
1748012430780.0,916.43,916.53
1748012431716.0,916.53,916.63
1748012432515.0,916.43,916.53
1748012432916.0,916.53,916.63
1748012433115.0,916.43,916.53
1748012433315.0,916.53,916.63
1748012434283,,
1748012435444.0,916.63,916.73
1748012435641.0,916.53,916.63
1748012436978.0,916.43,916.53
1748012437176.0,916.33,916.43
1748012437585.0,916.33,916.43
1748012438688.0,916.43,916.53
1748012441121.0,916.33,916.43
1748012441947.0,916.43,916.53
1748012448842.0,916.33,916.43
1748012457661.0,916.43,916.53
1748012458864.0,916.33,916.43
1748012459513,,
1748012460751.0,916.43,916.53
1748012462488.0,916.53,916.63
1748012462686.0,916.43,916.53
1748012463234.0,916.53,916.63
1748012463949.0,916.43,916.53
1748012464403,,
1748012469518.0,916.33,916.43
1748012470292.0,916.23,916.33
1748012471466.0,916.33,916.43
1748012471950,,
1748012472532.0,916.23,916.33
1748012472733.0,916.33,916.43
1748012474549.0,916.23,916.33
1748012477908.0,916.33,916.43
1748012478391.0,916.23,916.33
1748012479157.0,916.33,916.43
1748012479348.0,916.23,916.33
1748012479957.0,916.33,916.43
1748012480163.0,916.23,916.33
1748012481865.0,916.13,916.23
1748012485131.0,916.23,916.33
1748012486889.0,916.13,916.23
1748012487388.0,916.23,916.33
1748012496221.0,916.33,916.43
1748012496423.0,916.23,916.33
1748012497055.0,916.33,916.43
1748012497616.0,916.43,916.53
1748012497914.0,916.33,916.43
1748012498626.0,916.43,916.53
1748012499225.0,916.33,916.43
1748012500203.0,916.43,916.53
1748012501093.0,916.33,916.43
1748012501291.0,916.43,916.53
1748012501536.0,916.33,916.43
1748012504576.0,916.23,916.33
1748012507037.0,916.33,916.43
1748012507430,,
1748012508819.0,916.23,916.33
1748012509403.0,916.33,916.43
1748012509582.0,916.23,916.33
1748012509795.0,916.33,916.43
1748012512324.0,916.43,916.53
1748012512524.0,916.33,916.43
1748012518724.0,916.23,916.33
1748012519886.0,916.33,916.43
1748012520295,,
1748012524584.0,916.23,916.33
1748012526921.0,916.13,916.23
1748012527322.0,916.03,916.13
1748012527555.0,916.13,916.23
1748012531406,,
1748012534166,,
1748012534567.0,916.13,916.23
1748012537227.0,916.03,916.13
1748012537443,,
1748012539291,,
1748012547867.0,916.13,916.23
1748012548084.0,916.23,916.33
1748012548728.0,916.13,916.23
1748012549094.0,916.23,916.33
1748012550658.0,916.33,916.43
1748012551457.0,916.23,916.33
1748012552494.0,916.33,916.43
1748012553317.0,916.23,916.33
1748012554156.0,916.33,916.43
1748012566717.0,916.43,916.53
1748012568428.0,916.33,916.43
1748012569891.0,916.43,916.53
1748012574521.0,916.33,916.43
1748012574732,,
1748012575993,,
1748012577369.0,916.23,916.33
1748012577568,,
1748012578784,,
1748012584542.0,916.33,916.43
1748012589497.0,916.23,916.33
1748012592841.0,916.33,916.43
1748012593040.0,916.23,916.33
1748012593342.0,916.33,916.43
1748012593520.0,916.23,916.33
1748012593718.0,916.33,916.43
1748012594211.0,916.23,916.33
1748012596395.0,916.33,916.43
1748012597071.0,916.23,916.33
1748012597270.0,916.33,916.43
1748012598185.0,916.23,916.33
1748012598561.0,916.33,916.43
1748012598972,,
1748012599196.0,916.43,916.53
1748012599691.0,916.53,916.63
1748012600097,,
1748012601381.0,916.63,916.73
1748012601554,,
1748012603300,,
1748012604485.0,916.53,916.63
1748012604685.0,916.63,916.73
1748012607962,,
1748012608494,,
1748012612336.0,916.43,916.53
1748012612663.0,916.53,916.63
1748012613791.0,916.43,916.53
1748012614298.0,916.53,916.63
1748012614890.0,916.43,916.53
1748012615837.0,916.53,916.63
1748012628446.0,916.43,916.53
1748012628791.0,916.53,916.63
1748012629315.0,916.43,916.53
1748012629645.0,916.53,916.63
1748012630263.0,916.43,916.53
1748012636028,,
1748012636817.0,916.53,916.63
1748012638749.0,916.63,916.73
1748012639969.0,916.53,916.63
1748012640169.0,916.63,916.73
1748012641468.0,916.53,916.63
1748012641868.0,916.53,916.63
1748012642900.0,916.63,916.73
1748012643491.0,916.53,916.63
1748012644558.0,916.63,916.73
1748012644958.0,916.53,916.63
1748012645157,,
1748012645821.0,916.63,916.73
1748012646224.0,916.73,916.83
1748012648951.0,916.63,916.73
1748012654237.0,916.73,916.83
1748012654986.0,916.83,916.93
1748012658117.0,916.93,917.03
1748012660505.0,917.03,917.13
1748012662443.0,916.93,917.03
1748012662843.0,917.03,917.13
1748012664384.0,916.93,917.03
1748012664784.0,917.03,917.13
1748012665207.0,916.93,917.03
1748012666584,,
1748012679469.0,916.83,916.93
1748012680903.0,916.93,917.03
1748012687602.0,916.83,916.93
1748012692142.0,916.73,916.83
1748012693274.0,916.63,916.73
1748012693694,,
1748012693895.0,916.73,916.83
1748012697130.0,916.63,916.73
1748012697338.0,916.53,916.63
1748012697743.0,916.63,916.73
1748012699684.0,916.53,916.63
1748012700814.0,916.43,916.53
1748012702144.0,916.53,916.63
1748012702549.0,916.43,916.53
1748012702765.0,916.53,916.63
1748012705286.0,916.43,916.53
1748012705496.0,916.53,916.63
1748012712678.0,916.43,916.53
1748012713536,,
1748012715915.0,916.53,916.63
1748012716594.0,916.63,916.73
1748012717765.0,916.73,916.83
1748012718422.0,916.63,916.73
1748012718619.0,916.73,916.83
1748012719437,,
1748012721456.0,916.83,916.93
1748012723668.0,916.73,916.83
1748012727675,,
1748012730656.0,916.63,916.73
1748012736651.0,916.53,916.63
1748012736851.0,916.63,916.73
1748012737612.0,916.53,916.63
1748012738013.0,916.63,916.73
1748012738279.0,916.53,916.63
1748012743679.0,916.43,916.53
1748012744836.0,916.33,916.43
1748012745033.0,916.43,916.53
1748012745234.0,916.33,916.43
1748012749634.0,916.23,916.33
1748012750289.0,916.13,916.23
1748012753988.0,916.03,916.13
1748012755497.0,916.13,916.23
1748012756628.0,916.03,916.13
1748012757894.0,916.13,916.23
1748012759506.0,916.03,916.13
1748012763917.0,916.13,916.23
1748012764875.0,916.23,916.33
1748012769948.0,916.13,916.23
1748012770171,,
1748012772394.0,916.23,916.33
1748012772596.0,916.13,916.23
1748012773414.0,916.03,916.13
1748012773612.0,916.13,916.23
1748012776459.0,916.03,916.13
1748012782356.0,916.13,916.23
1748012782938.0,916.03,916.13
1748012787486.0,915.93,916.03
1748012790834.0,915.83,915.93
1748012794226.0,915.73,915.83
1748012795458.0,915.83,915.93
1748012795659,,
1748012798092.0,915.73,915.83
1748012798735.0,915.83,915.93
1748012798930.0,915.73,915.83
1748012801129.0,915.83,915.93
1748012801976.0,915.73,915.83
1748012802462.0,915.83,915.93
1748012802661.0,915.73,915.83
1748012804676.0,915.83,915.93
1748012804876.0,915.73,915.83
1748012805389.0,915.83,915.93
1748012805830.0,915.73,915.83
1748012806064.0,915.83,915.93
1748012808689.0,915.93,916.03
1748012809196.0,915.83,915.93
1748012810253.0,915.93,916.03
1748012810426,,
1748012814564.0,915.83,915.93
1748012822038.0,915.93,916.03
1748012823352.0,915.83,915.93
1748012823549.0,915.93,916.03
1748012824095.0,915.83,915.93
1748012824294.0,915.93,916.03
1748012826875.0,915.83,915.93
1748012835915.0,916.03,916.13
1748012836160.0,915.93,916.03
1748012837385.0,916.03,916.13
1748012837584.0,915.93,916.03
1748012838020,,
1748012839292.0,915.83,915.93
1748012840705.0,915.93,916.03
1748012863305.0,915.83,915.93
1748012863603.0,915.93,916.03
1748012863869.0,915.83,915.93
1748012864175.0,915.93,916.03
1748012864519.0,915.83,915.93
1748012864718.0,915.93,916.03
1748012865028.0,915.83,915.93
1748012865230.0,915.93,916.03
1748012866049.0,915.83,915.93
1748012867859.0,915.93,916.03
1748012868058.0,915.83,915.93
1748012871731.0,915.93,916.03
1748012871955.0,915.83,915.93
1748012873185,,
1748012873930,,
1748012874646.0,915.73,915.83
1748012875113.0,915.83,915.93
1748012880425,,
1748012882681.0,915.93,916.03
1748012882880.0,915.83,915.93
1748012883490.0,915.93,916.03
1748012886798,,
1748012892714,,
1748012892915.0,916.03,916.13
1748012894394.0,915.93,916.03
1748012898176.0,916.03,916.13
1748012899492.0,915.93,916.03
1748012899703,,
1748012913628.0,916.03,916.13
1748012916017.0,915.93,916.03
1748012919143.0,916.03,916.13
1748012923839.0,915.93,916.03
1748012924031,,
1748012927604.0,916.03,916.13
1748012928109.0,915.93,916.03
1748012929304.0,915.83,915.93
1748012931877.0,915.93,916.03
1748012932095.0,915.83,915.93
1748012937105.0,915.93,916.03
1748012937959.0,915.83,915.93
1748012944704.0,915.93,916.03
1748012946087.0,916.03,916.13
1748012947326.0,915.93,916.03
1748012949737.0,916.03,916.13
1748012950047.0,915.93,916.03
1748012951063.0,916.03,916.13
1748012951787.0,915.93,916.03
1748012952621.0,916.03,916.13
1748012953756.0,915.93,916.03
1748012955268.0,916.03,916.13
1748012955467.0,915.93,916.03
1748012958215.0,916.03,916.13
1748012958605.0,915.93,916.03
1748012958852.0,916.03,916.13
1748012959052.0,915.93,916.03
1748012960326.0,916.03,916.13
1748012961209.0,916.13,916.23
1748012961406,,
1748012963938.0,916.03,916.13
1748012964966.0,915.93,916.03
1748012966972.0,916.03,916.13
1748012967203.0,915.93,916.03
1748012968339.0,915.83,915.93
1748012968740.0,915.93,916.03
1748012969437.0,916.03,916.13
1748012970642,,
1748012973011.0,916.13,916.23
1748012974286.0,916.23,916.33
1748012975344.0,916.33,916.43
1748012976397.0,916.23,916.33
1748012977575.0,916.33,916.43
1748012978522.0,916.23,916.33
1748012980897.0,916.33,916.43
1748012981105,,
1748012983419.0,916.23,916.33
1748012986316.0,916.33,916.43
1748012987855.0,916.23,916.33
1748012988136.0,916.33,916.43
1748012988543.0,916.23,916.33
1748012989088.0,916.33,916.43
1748012993356.0,916.23,916.33
1748012994099.0,916.33,916.43
1748012994506.0,916.23,916.33
1748012994706.0,916.33,916.43
1748012995526.0,916.43,916.53
1748012995718.0,916.53,916.63
1748012998284,,
1748012998683.0,916.43,916.53
1748013000138,,
1748013001152,,
1748013003552.0,916.51,916.61
1748013004360.0,916.41,916.51
1748013005986.0,916.51,916.61
1748013006186.0,916.41,916.51
1748013006386.0,916.51,916.61
1748013006588,,
1748013011047.0,916.61,916.71
1748013011244.0,916.51,916.61
1748013016272.0,916.41,916.51
1748013016474.0,916.51,916.61
1748013017371.0,916.41,916.51
1748013024875.0,916.31,916.41
1748013025679.0,916.41,916.51
1748013033017.0,916.31,916.41
1748013033250.0,916.41,916.51
1748013034197.0,916.31,916.41
1748013034595.0,916.41,916.51
1748013043600.0,916.51,916.61
1748013044644.0,916.61,916.71
1748013044830.0,916.51,916.61
1748013048947.0,916.41,916.51
1748013049148.0,916.51,916.61
1748013051436.0,916.41,916.51
1748013052450.0,916.31,916.41
1748013052620,,
1748013052821.0,916.21,916.31
1748013053023.0,916.31,916.41
1748013053469.0,916.21,916.31
1748013057241.0,916.31,916.41
1748013057440,,
1748013060262.0,916.21,916.31
1748013060817.0,916.31,916.41
1748013063294.0,916.21,916.31
1748013064562.0,916.11,916.21
1748013067530.0,916.21,916.31
1748013076505.0,916.11,916.21
1748013079757.0,916.01,916.11
1748013079965,,
1748013080193.0,916.11,916.21
1748013086451.0,916.01,916.11
1748013088660.0,916.11,916.21
1748013090280.0,916.01,916.11
1748013096463.0,916.11,916.21
1748013096663.0,916.01,916.11
1748013096911.0,916.11,916.21
1748013097818.0,916.21,916.31
1748013098068.0,916.11,916.21
1748013100357,,
1748013104455.0,916.21,916.31
1748013110845.0,916.11,916.21
1748013111044.0,916.21,916.31
1748013115415.0,916.11,916.21
1748013115612.0,916.21,916.31
1748013118334.0,916.31,916.41
1748013119902.0,916.21,916.31
1748013120121.0,916.31,916.41
1748013123315.0,916.41,916.51
1748013123713.0,916.51,916.61
1748013124120.0,916.41,916.51
1748013124797.0,916.51,916.61
1748013125210.0,916.41,916.51
1748013127516.0,916.51,916.61
1748013128923.0,916.41,916.51
1748013129365.0,916.51,916.61
1748013129583.0,916.41,916.51
1748013133969.0,916.51,916.61
1748013134434.0,916.41,916.51
1748013134632.0,916.51,916.61
1748013138686.0,916.41,916.51
1748013138970.0,916.51,916.61
1748013141587.0,916.41,916.51
1748013141979.0,916.51,916.61
1748013142378.0,916.41,916.51
1748013143610.0,916.31,916.41
1748013143806.0,916.41,916.51
1748013144633.0,916.31,916.41
1748013146743.0,916.41,916.51
1748013146943.0,916.31,916.41
1748013147503.0,916.21,916.31
1748013147702.0,916.31,916.41
1748013148515.0,916.21,916.31
1748013163714,,
1748013170232.0,916.31,916.41
1748013172321.0,916.21,916.31
1748013173476.0,916.31,916.41
1748013176131.0,916.21,916.31
1748013176329.0,916.31,916.41
1748013177471.0,916.21,916.31
1748013177673,,
1748013178637.0,916.11,916.21
1748013187170,,
1748013190235,,
1748013191107.0,916.01,916.11
1748013193211,,
1748013193440.0,915.91,916.01
1748013194446.0,916.01,916.11
1748013194639.0,915.91,916.01
1748013198904.0,915.81,915.91
1748013200659.0,915.91,916.01
1748013201073.0,915.81,915.91
1748013202493.0,915.91,916.01
1748013203263.0,915.81,915.91
1748013203714,,
1748013204429.0,915.71,915.81
1748013204980.0,915.81,915.91
1748013205511.0,915.71,915.81
1748013207684.0,915.81,915.91
1748013211902.0,915.71,915.81
1748013213600.0,915.61,915.71
1748013213799.0,915.51,915.61
1748013213993.0,915.41,915.51
1748013214395.0,915.51,915.61
1748013215653,,
1748013220422,,
1748013220622.0,915.61,915.71
1748013221077.0,915.51,915.61
1748013225979,,
1748013233626.0,915.61,915.71
1748013233820.0,915.51,915.61
1748013245167,,
1748013247117.0,915.51,915.61
1748013248998,,
1748013252687.0,915.61,915.71
1748013253663,,
1748013253866.0,915.71,915.81
1748013254259.0,915.61,915.71
1748013254462.0,915.71,915.81
1748013254658.0,915.61,915.71
1748013257163,,
1748013261275.0,915.71,915.81
1748013262109.0,915.61,915.71
1748013267603,,
1748013269438.0,915.71,915.81
1748013269638.0,915.61,915.71
1748013269844.0,915.71,915.81
1748013271643.0,915.81,915.91
1748013278882.0,915.91,916.01
1748013279106.0,916.01,916.11
1748013283173.0,915.91,916.01
1748013283740.0,915.81,915.91
1748013284375.0,915.91,916.01
1748013288889.0,916.01,916.11
1748013289127.0,915.91,916.01
1748013290723.0,916.01,916.11
1748013291122.0,915.91,916.01
1748013291469.0,916.01,916.11
1748013292375.0,915.91,916.01
1748013293228.0,916.01,916.11
1748013295197.0,915.91,916.01
1748013295397.0,916.01,916.11
1748013296403,,
1748013298807,,
1748013300078.0,915.91,916.01
1748013301042.0,916.01,916.11
1748013303322,,
1748013306924.0,915.91,916.01
1748013307746.0,916.01,916.11
1748013308148.0,915.91,916.01
1748013310810.0,915.81,915.91
1748013311011.0,915.91,916.01
1748013312059.0,915.81,915.91
1748013312478.0,915.91,916.01
1748013312677.0,915.81,915.91
1748013312877.0,915.91,916.01
1748013313983.0,915.81,915.91
1748013314184.0,915.91,916.01
1748013316671,,
1748013317095.0,915.81,915.91
1748013317525.0,915.91,916.01
1748013317705.0,915.81,915.91
1748013320172.0,915.71,915.81
1748013320560.0,915.61,915.71
1748013320772.0,915.71,915.81
1748013320963.0,915.61,915.71
1748013321158.0,915.71,915.81
1748013321560.0,915.81,915.91
1748013322683.0,915.91,916.01
1748013322886.0,915.81,915.91
1748013323371.0,915.91,916.01
1748013325205.0,915.81,915.91
1748013330144,,
1748013348168.0,915.71,915.81
1748013349813.0,915.61,915.71
1748013351973.0,915.71,915.81
1748013360241.0,915.91,916.01
1748013361392.0,915.81,915.91
1748013361873.0,915.91,916.01
1748013362073.0,915.81,915.91
1748013362689.0,915.91,916.01
1748013363079,,
1748013364080.0,916.01,916.11
1748013364276.0,915.91,916.01
1748013364474.0,916.01,916.11
1748013365292.0,915.91,916.01
1748013369625.0,915.81,915.91
1748013369824.0,915.91,916.01
1748013371741.0,915.81,915.91
1748013373478.0,915.91,916.01
1748013373878.0,915.81,915.91
1748013374876.0,915.71,915.81
1748013376002.0,915.81,915.91
1748013377923.0,915.91,916.01
1748013385251.0,916.01,916.11
1748013386032,,
1748013394507.0,916.11,916.21
1748013394706.0,916.01,916.11
1748013401347.0,916.11,916.21
1748013404291.0,916.01,916.11
1748013404490.0,916.11,916.21
1748013405143.0,916.01,916.11
1748013405895.0,916.11,916.21
1748013406805.0,916.01,916.11
1748013410067.0,915.91,916.01
1748013413867.0,916.01,916.11
1748013414386.0,915.91,916.01
1748013414585,,
1748013415197.0,916.01,916.11
1748013418253,,
1748013420522.0,916.01,916.11
1748013421848.0,916.11,916.21
1748013422065.0,916.01,916.11
1748013428728.0,916.11,916.21
1748013433521.0,916.01,916.11
1748013433720,,
1748013439702,,
1748013442695.0,916.11,916.21
1748013442898.0,916.01,916.11
1748013443100.0,916.11,916.21
1748013443303.0,916.01,916.11
1748013462719,,
1748013463756.0,915.91,916.01
1748013464566.0,916.01,916.11
1748013469623,,
1748013470224,,
1748013471066,,
1748013471266.0,916.01,916.11
1748013473439,,
1748013480927.0,916.11,916.21
1748013481606,,
1748013484480,,
1748013485018.0,916.21,916.31
1748013485538,,
1748013485977.0,916.11,916.21
1748013488632.0,916.21,916.31
1748013488831.0,916.11,916.21
1748013489231,,
1748013490104,,
1748013491396.0,916.21,916.31
1748013491597.0,916.11,916.21
1748013494983.0,916.21,916.31
1748013496940.0,916.11,916.21
1748013506144.0,916.21,916.31
1748013508994,,
1748013515070.0,916.11,916.21
1748013515265.0,916.21,916.31
1748013515750.0,916.11,916.21
1748013515951.0,916.21,916.31
1748013523162.0,916.31,916.41
1748013524262.0,916.21,916.31
1748013524827.0,916.31,916.41
1748013528519.0,916.41,916.51
1748013528932.0,916.31,916.41
1748013529130.0,916.41,916.51
1748013543483.0,916.51,916.61
1748013543672.0,916.41,916.51
1748013544074.0,916.51,916.61
1748013545445.0,916.41,916.51
1748013548731.0,916.51,916.61
1748013550019,,
1748013550221.0,916.41,916.51
1748013550582.0,916.51,916.61
1748013550992.0,916.41,916.51
1748013551192.0,916.51,916.61
1748013551391.0,916.41,916.51
1748013557317,,
1748013557513,,
1748013558232.0,916.31,916.41
1748013558803.0,916.41,916.51
1748013559816.0,916.31,916.41
1748013560012,,
1748013560472.0,916.41,916.51
1748013560837.0,916.31,916.41
1748013561037.0,916.41,916.51
1748013561235.0,916.31,916.41
1748013561436.0,916.41,916.51
1748013563504.0,916.31,916.41
1748013563705.0,916.41,916.51
1748013564347.0,916.31,916.41
1748013565334.0,916.41,916.51
1748013571404,,
1748013576334.0,916.31,916.41
1748013576725.0,916.41,916.51
1748013577057.0,916.31,916.41
1748013578898,,
1748013594651.0,916.21,916.31
1748013594890.0,916.31,916.41
1748013596205.0,916.21,916.31
1748013598884,,
1748013600032.0,916.22,916.32
1748013600380,,
1748013604628.0,916.12,916.22
1748013605029.0,916.22,916.32
1748013610294.0,916.32,916.42
1748013611088,,
1748013611258.0,916.22,916.32
1748013612147.0,916.32,916.42
1748013613313,,
1748013617242.0,916.42,916.52
1748013625708,,
1748013625889.0,916.52,916.62
1748013632269.0,916.42,916.52
1748013633836.0,916.52,916.62
1748013639288,,
1748013641475.0,916.62,916.72
1748013644161.0,916.52,916.62
1748013644378.0,916.42,916.52
1748013645018.0,916.52,916.62
1748013646248.0,916.42,916.52
1748013646819,,
1748013664053.0,916.52,916.62
1748013664569.0,916.42,916.52
1748013668046.0,916.52,916.62
1748013668242.0,916.42,916.52
1748013669688.0,916.52,916.62
1748013671639,,
1748013675784.0,916.42,916.52
1748013675950,,
1748013676157.0,916.32,916.42
1748013676756.0,916.42,916.52
1748013684404.0,916.52,916.62
1748013685213.0,916.42,916.52
1748013697464.0,916.52,916.62
1748013698014.0,916.42,916.52
1748013705387,,
1748013705608.0,916.52,916.62
1748013709052.0,916.42,916.52
1748013710858.0,916.52,916.62
1748013713011.0,916.42,916.52
1748013714079.0,916.52,916.62
1748013716789.0,916.42,916.52
1748013716988.0,916.52,916.62
1748013719075.0,916.42,916.52
1748013720187,,
1748013720388.0,916.32,916.42
1748013720764.0,916.42,916.52
1748013721163,,
1748013722206.0,916.52,916.62
1748013722969,,
1748013725563.0,916.62,916.72
1748013725973,,
1748013728902.0,916.52,916.62
1748013729137.0,916.62,916.72
1748013729303.0,916.52,916.62
1748013729502.0,916.62,916.72
1748013730493.0,916.52,916.62
1748013735036,,
1748013742107,,
1748013749445,,
1748013755211.0,916.62,916.72
1748013767166.0,916.72,916.82
1748013767857.0,916.62,916.72
1748013768057.0,916.72,916.82
1748013768257.0,916.62,916.72
1748013771132.0,916.72,916.82
1748013772310.0,916.62,916.72
1748013772534.0,916.72,916.82
1748013773657,,
1748013778185.0,916.82,916.92
1748013780535.0,916.72,916.82
1748013780734,,
1748013784146.0,916.62,916.72
1748013787370.0,916.72,916.82
1748013788958,,
1748013790607.0,916.62,916.72
1748013797749,,
1748013801495.0,916.72,916.82
1748013803586.0,916.62,916.72
1748013804145.0,916.72,916.82
1748013804738.0,916.62,916.72
1748013804936.0,916.72,916.82
1748013806403,,
1748013819084,,
1748013819374.0,916.82,916.92
1748013820535.0,916.72,916.82
1748013822287,,
1748013828135.0,916.62,916.72
1748013828346.0,916.52,916.62
1748013837829.0,916.42,916.52
1748013838651.0,916.52,916.62
1748013845196.0,916.62,916.72
1748013845787.0,916.52,916.62
1748013846446.0,916.62,916.72
1748013846674.0,916.52,916.62
1748013847438.0,916.62,916.72
1748013847638.0,916.52,916.62
1748013847837.0,916.62,916.72
1748013848236.0,916.52,916.62
1748013851986.0,916.62,916.72
1748013853248.0,916.52,916.62
1748013856176,,
1748013856576.0,916.42,916.52
1748013859896.0,916.52,916.62
1748013861880.0,916.42,916.52
1748013862080,,
1748013862405,,
1748013862615.0,916.32,916.42
1748013865738.0,916.42,916.52
1748013872109,,
1748013873858.0,916.32,916.42
1748013874053.0,916.42,916.52
1748013876190.0,916.32,916.42
1748013876402.0,916.42,916.52
1748013881811.0,916.32,916.42
1748013882002.0,916.42,916.52
1748013885041.0,916.42,916.52
1748013888099.0,916.32,916.42
1748013888297.0,916.42,916.52
1748013888610.0,916.32,916.42
1748013888811.0,916.42,916.52
1748013889011.0,916.32,916.42
1748013889216.0,916.42,916.52
1748013893573.0,916.32,916.42
1748013893772,,
1748013900258,,
1748013903637,,
1748013903866.0,916.22,916.32
1748013904091.0,916.32,916.42
1748013904558.0,916.42,916.52
1748013904842.0,916.32,916.42
1748013910575,,
1748013917157.0,916.22,916.32
1748013917355.0,916.32,916.42
1748013918665.0,916.22,916.32
1748013920228.0,916.12,916.22
1748013921053,,
1748013921255.0,916.22,916.32
1748013921689.0,916.12,916.22
1748013923946.0,916.02,916.12
1748013926070.0,916.12,916.22
1748013929362.0,916.02,916.12
1748013929746.0,916.12,916.22
1748013930945,,
1748013936180.0,916.22,916.32
1748013936593.0,916.12,916.22
1748013938010.0,916.22,916.32
1748013938785,,
1748013943860.0,916.12,916.22
1748013950355,,
1748013950718.0,916.02,916.12
1748013950918,,
1748013956346,,
1748013960839.0,916.12,916.22
1748013961717,,
1748013964983.0,916.22,916.32
1748013968647.0,916.32,916.42
1748013968841.0,916.22,916.32
1748013973694.0,916.32,916.42
1748013976644.0,916.22,916.32
1748013978990,,
1748013988829.0,916.12,916.22
1748013990067.0,916.22,916.32
1748013991699.0,916.12,916.22
1748013991897.0,916.22,916.32
1748013992370.0,916.12,916.22
1748013994210.0,916.22,916.32
1748013994436.0,916.12,916.22
1748014000608,,
1748014000811.0,916.22,916.32
1748014004910.0,916.32,916.42
1748014009240.0,916.22,916.32
1748014021176.0,916.12,916.22
1748014024889.0,916.22,916.32
1748014025309.0,916.32,916.42
1748014027251.0,916.22,916.32
1748014028478.0,916.32,916.42
1748014028677,,
1748014029184.0,916.22,916.32
1748014029706,,
1748014029907.0,916.32,916.42
1748014031664.0,916.22,916.32
1748014037398.0,916.32,916.42
1748014037595,,
1748014043176.0,916.42,916.52
1748014043575.0,916.42,916.52
1748014046426.0,916.32,916.42
1748014046624.0,916.42,916.52
1748014047185.0,916.32,916.42
1748014047585.0,916.32,916.42
1748014054072.0,916.42,916.52
1748014059743,,
1748014060202.0,916.32,916.42
1748014060401.0,916.42,916.52
1748014064854.0,916.32,916.42
1748014065069,,
1748014070397.0,916.22,916.32
1748014070765.0,916.22,916.32
1748014074535.0,916.12,916.22
1748014076259.0,916.22,916.32
1748014076556.0,916.12,916.22
1748014077427,,
1748014080187.0,916.22,916.32
1748014081389.0,916.12,916.22
1748014081818.0,916.22,916.32
1748014082098.0,916.12,916.22
1748014082554.0,916.22,916.32
1748014082869.0,916.12,916.22
1748014083068.0,916.22,916.32
1748014088399.0,916.12,916.22
1748014088604,,
1748014089983,,
1748014090770,,
1748014091948.0,916.22,916.32
1748014096311.0,916.12,916.22
1748014097189.0,916.22,916.32
1748014100721.0,916.12,916.22
1748014100921.0,916.22,916.32
1748014102583.0,916.12,916.22
1748014110635.0,916.02,916.12
1748014110834,,
1748014111910,,
1748014117118.0,915.92,916.02
1748014117843.0,916.02,916.12
1748014119137,,
1748014123094,,
1748014131226.0,916.12,916.22
1748014131776.0,916.02,916.12
1748014132146.0,916.12,916.22
1748014133003,,
1748014133179.0,916.22,916.32
1748014133693.0,916.32,916.42
1748014135104.0,916.22,916.32
1748014135300,,
1748014138312.0,916.32,916.42
1748014138646.0,916.22,916.32
1748014140254.0,916.12,916.22
1748014143667.0,916.22,916.32
1748014145978.0,916.12,916.22
1748014147756.0,916.22,916.32
1748014148049.0,916.12,916.22
1748014148525.0,916.22,916.32
1748014150311,,
1748014150511,,
1748014151186,,
1748014152271.0,916.12,916.22
1748014156249.0,916.02,916.12
1748014159051.0,916.12,916.22
1748014159451.0,916.02,916.12
1748014159650.0,916.12,916.22
1748014161155,,
1748014162027.0,916.02,916.12
1748014162255,,
1748014170041.0,916.12,916.22
1748014170812,,
1748014172242.0,916.22,916.32
1748014173803.0,916.12,916.22
1748014176726.0,916.02,916.12
1748014178059.0,916.12,916.22
1748014179736,,
1748014179936,,
1748014180151.0,916.02,916.12
1748014180346.0,916.12,916.22
1748014181835.0,916.02,916.12
1748014183226,,
1748014184452.0,915.92,916.02
1748014184656.0,916.02,916.12
1748014185050.0,915.92,916.02
1748014186571.0,916.02,916.12
1748014186772.0,915.92,916.02
1748014190070.0,916.02,916.12
1748014190258.0,915.92,916.02
1748014190465.0,916.02,916.12
1748014191255,,
1748014192573.0,916.12,916.22
1748014195075,,
1748014195267,,
1748014198240.0,916.22,916.32
1748014199245,,
1748014199564.0,916.32,916.42
1748014199762,,
1748014199959.0,916.22,916.32
1748014200061.0,916.12,916.42
1748014200258.0,915.87,916.17
1748014200362.0,915.97,916.27
1748014200626.0,915.87,916.17
1748014200826,,
1748014201225,,
1748014204054,,
1748014204887.0,915.97,916.27
1748014205086,,
1748014207766,,
1748014208785,,
1748014210289,,
1748014212118.0,915.87,916.17
1748014213337.0,915.97,916.27
1748014214043.0,915.87,916.17
1748014215527.0,915.97,916.27
1748014216264.0,915.87,916.17
1748014216836.0,915.97,916.27
1748014217023,,
1748014219819.0,916.07,916.37
1748014220103.0,915.97,916.27
1748014220494,,
1748014222348.0,915.87,916.17
1748014225935.0,915.97,916.27
1748014226802.0,915.87,916.17
1748014235234,,
1748014238024,,
1748014238224,,
1748014242215.0,915.97,916.27
1748014242410,,
1748014244502.0,915.87,916.17
1748014245019.0,915.97,916.27
1748014246813,,
1748014248777.0,915.87,916.17
1748014255739.0,915.97,916.27
1748014256547.0,915.87,916.17
1748014258033.0,915.97,916.27
1748014261079.0,916.07,916.37
1748014261594.0,916.17,916.47
1748014262750.0,916.07,916.37
1748014266875.0,916.17,916.47
1748014267075,,
1748014267475,,
1748014269777.0,916.07,916.37
1748014269979,,
1748014270376.0,916.17,916.47
1748014270578.0,916.27,916.57
1748014271390,,
1748014271590,,
1748014274322.0,916.37,916.67
1748014274736.0,916.27,916.57
1748014277443.0,916.37,916.67
1748014277637.0,916.27,916.57
1748014278159.0,916.37,916.67
1748014281624,,
1748014282599.0,916.57,916.87
1748014282778.0,916.47,916.77
1748014284509.0,916.37,916.67
1748014284794.0,916.47,916.77
1748014285234,,
1748014285887.0,916.57,916.87
1748014305116.0,916.47,916.77
1748014307774.0,916.57,916.87
1748014308976.0,916.47,916.77
1748014313873.0,916.37,916.67
1748014314065.0,916.47,916.77
1748014314265,,
1748014314466.0,916.57,916.87
1748014317311.0,916.67,916.97
1748014317512.0,916.57,916.87
1748014320366.0,916.67,916.97
1748014325104.0,916.57,916.87
1748014325303,,
1748014332820,,
1748014335820.0,916.67,916.97
1748014336453,,
1748014352248,,
1748014352443,,
1748014353302.0,916.57,916.87
1748014357287.0,916.67,916.97
1748014357853.0,916.57,916.87
1748014359185.0,916.67,916.97
1748014360716.0,916.57,916.87
1748014363297,,
1748014363965.0,916.37,916.67
1748014364165.0,916.47,916.77
1748014366284,,
1748014366479,,
1748014368452.0,916.27,916.57
1748014368652,,
1748014368859.0,916.37,916.67
1748014369828.0,916.27,916.57
1748014372833.0,916.17,916.47
1748014373442.0,916.27,916.57
1748014374279,,
1748014375271,,
1748014379777,,
1748014380227.0,916.37,916.67
1748014380413,,
1748014381244.0,916.27,916.57
1748014381443.0,916.37,916.67
1748014381642.0,916.27,916.57
1748014383449.0,916.37,916.67
1748014383771.0,916.27,916.57
1748014384165.0,916.37,916.67
1748014384524.0,916.27,916.57
1748014386620.0,916.37,916.67
1748014386823.0,916.27,916.57
1748014387027.0,916.37,916.67
1748014387643.0,916.27,916.57
1748014390856,,
1748014393076.0,916.17,916.47
1748014406196.0,916.07,916.37
1748014427148,,
1748014441702.0,916.17,916.47
1748014442637,,
1748014446293.0,916.27,916.57
1748014456428,,
1748014457061.0,916.37,916.67
1748014459593.0,916.57,916.87
1748014459796.0,916.47,916.77
1748014459994,,
1748014461587.0,916.37,916.67
1748014463689,,
1748014464205,,
1748014465111,,
1748014466433.0,916.27,916.57
1748014468372.0,916.17,916.47
1748014468773.0,916.27,916.57
1748014469243.0,916.37,916.67
1748014469492,,
1748014469716.0,916.27,916.57
1748014469887.0,916.37,916.67
1748014470285.0,916.47,916.77
1748014472007,,
1748014473209.0,916.67,916.97
1748014473409.0,916.57,916.87
1748014473891,,
1748014474594,,
1748014474795,,
1748014474996.0,916.67,916.97
1748014476968,,
1748014478370,,
1748014478710.0,916.57,916.87
1748014482237.0,916.47,916.77
1748014483443.0,916.37,916.67
1748014483643.0,916.47,916.77
1748014484038.0,916.37,916.67
1748014484241.0,916.47,916.77
1748014485044,,
1748014486656,,
1748014487840.0,916.57,916.87
1748014489274,,
1748014489816.0,916.67,916.97
1748014490413.0,916.57,916.87
1748014490611,,
1748014492037.0,916.47,916.77
1748014492237.0,916.57,916.87
1748014492991,,
1748014493681,,
1748014493883.0,916.67,916.97
1748014495058.0,916.57,916.87
1748014495249,,
1748014496026.0,916.67,916.97
1748014496224.0,916.57,916.87
1748014497045.0,916.47,916.77
1748014497243.0,916.57,916.87
1748014497444,,
1748014498095,,
1748014498886,,
1748014499104,,
1748014499287,,
1748014499492,,
1748014499694.0,916.67,916.97
1748014499885.0,916.57,916.87
1748014500086.0,916.77,917.07
1748014500285,,
1748014501024.0,916.87,917.17
1748014505003.0,916.97,917.27
1748014507045,,
1748014507238.0,916.87,917.17
1748014507441.0,916.77,917.07
1748014508567.0,916.67,916.97
1748014508785,,
1748014509164,,
1748014509675,,
1748014509855,,
1748014510085.0,916.57,916.87
1748014510859,,
1748014512270,,
1748014512906,,
1748014513212.0,916.47,916.77
1748014513448,,
1748014514172.0,916.27,916.57
1748014515479,,
1748014516931,,
1748014517093.0,916.37,916.67
1748014518125.0,916.47,916.77
1748014518806.0,916.37,916.67
1748014521780,,
1748014521980.0,916.47,916.77
1748014522723,,
1748014523830.0,916.37,916.67
1748014525411.0,916.47,916.77
1748014525607.0,916.57,916.87
1748014528872,,
1748014529074.0,916.67,916.97
1748014529630.0,916.47,916.77
1748014533997.0,916.57,916.87
1748014540879.0,916.47,916.77
1748014544069.0,916.37,916.67
1748014549492.0,916.47,916.77
1748014550319.0,916.37,916.67
1748014550737.0,916.47,916.77
1748014551583,,
1748014553349.0,916.37,916.67
1748014554391,,
1748014555425.0,916.47,916.77
1748014556430,,
1748014556631,,
1748014556840.0,916.57,916.87
1748014557563.0,916.47,916.77
1748014558555.0,916.57,916.87
1748014558754,,
1748014559718.0,916.47,916.77
1748014560408.0,916.57,916.87
1748014561746,,
1748014562455.0,916.67,916.97
1748014563414.0,916.57,916.87
1748014564411,,
1748014564610,,
1748014568175.0,916.67,916.97
1748014569399.0,916.57,916.87
1748014570121.0,916.67,916.97
1748014573957,,
1748014579784.0,916.57,916.87
1748014579981,,
1748014581388.0,916.67,916.97
1748014581587,,
1748014587457.0,916.57,916.87
1748014588253,,
1748014590994.0,916.47,916.77
1748014591421.0,916.57,916.87
1748014593789,,
1748014598481.0,916.67,916.97
1748014601447.0,916.77,917.07
1748014601646.0,916.67,916.97
1748014605803.0,916.77,917.07
1748014609846,,
1748014613833.0,916.87,917.17
1748014614531,,
1748014615350.0,916.77,917.07
1748014618524,,
1748014619126.0,916.87,917.17
1748014621002.0,916.77,917.07
1748014621242.0,916.87,917.17
1748014623054.0,916.77,917.07
1748014623252.0,916.87,917.17
1748014625681,,
1748014626053.0,916.97,917.27
1748014626274.0,916.87,917.17
1748014626450.0,916.97,917.27
1748014627077,,
1748014627282.0,917.07,917.37
1748014627475,,
1748014627997.0,917.17,917.47
1748014630138.0,917.27,917.57
1748014630525.0,917.17,917.47
1748014631631,,
1748014633879.0,917.27,917.57
1748014635064.0,917.37,917.67
1748014635260.0,917.27,917.57
1748014635887.0,917.17,917.47
1748014636257.0,917.27,917.57
1748014636466,,
1748014639661.0,917.17,917.47
1748014639877.0,917.27,917.57
1748014640865.0,917.17,917.47
1748014645295,,
1748014646780,,
1748014655697.0,917.27,917.57
1748014656307.0,917.37,917.67
1748014656659.0,917.27,917.57
1748014656838,,
1748014661171.0,917.17,917.47
1748014661373.0,917.27,917.57
1748014673675.0,917.17,917.47
1748014674208.0,917.27,917.57
1748014674705.0,917.17,917.47
1748014674908.0,917.27,917.57
1748014675703,,
1748014680253.0,917.47,917.77
1748014681698.0,917.57,917.87
1748014682458,,
1748014682844,,
1748014684216,,
1748014685012.0,917.47,917.77
1748014685231.0,917.57,917.87
1748014692232,,
1748014692430.0,917.47,917.77
1748014692877.0,917.57,917.87
1748014693074,,
1748014694265.0,917.47,917.77
1748014697854.0,917.37,917.67
1748014698044,,
1748014699817.0,917.27,917.57
1748014700586.0,917.37,917.67
1748014701317.0,917.47,917.77
1748014703216.0,917.37,917.67
1748014706403.0,917.47,917.77
1748014706605,,
1748014707210.0,917.37,917.67
1748014707823.0,917.47,917.77
1748014709484.0,917.37,917.67
1748014712873,,
1748014714189.0,917.27,917.57
1748014714367.0,917.37,917.67
1748014719068.0,917.27,917.57
1748014719267,,
1748014719781.0,917.17,917.47
1748014722189.0,917.07,917.37
1748014726332.0,917.17,917.47
1748014726533,,
1748014727345.0,917.07,917.37
1748014727745,,
1748014728074.0,916.97,917.27
1748014729959,,
1748014732561.0,916.87,917.17
1748014732938.0,916.97,917.27
1748014733681.0,916.87,917.17
1748014742840.0,916.77,917.07
1748014745052,,
1748014747850.0,916.67,916.97
1748014750163.0,916.57,916.87
1748014755707.0,916.67,916.97
1748014760557.0,916.57,916.87
1748014760758,,
1748014762274,,
1748014764994.0,916.67,916.97
1748014765990.0,916.77,917.07
1748014770704.0,916.67,916.97
1748014777076,,
1748014785914.0,916.57,916.87
1748014792162,,
1748014800665.0,916.67,916.97
1748014800864.0,916.77,917.07
1748014801061,,
1748014803302.0,916.87,917.17
1748014808840.0,916.97,917.27
1748014810223.0,916.87,917.17
1748014818625.0,916.77,917.07
1748014819525.0,916.67,916.97
1748014819973.0,916.77,917.07
1748014823435.0,916.67,916.97
1748014823707.0,916.77,917.07
1748014823905.0,916.67,916.97
1748014824931.0,916.77,917.07
1748014828772.0,916.87,917.17
1748014829499.0,916.77,917.07
1748014831304.0,916.87,917.17
1748014832667.0,916.97,917.27
1748014840966.0,917.07,917.37
1748014842120.0,916.97,917.27
1748014850770.0,916.87,917.17
1748014854202.0,916.97,917.27
1748014860320.0,917.07,917.37
1748014861669.0,916.97,917.27
1748014861870.0,916.87,917.17
1748014863821.0,916.97,917.27
1748014864221.0,916.87,917.17
1748014866146.0,916.97,917.27
1748014867463.0,916.87,917.17
1748014867662.0,916.97,917.27
1748014868686.0,916.87,917.17
1748014870579.0,916.77,917.07
1748014871236.0,916.87,917.17
1748014871707.0,916.97,917.27
1748014874899.0,916.87,917.17
1748014875315.0,916.67,916.97
1748014879002.0,916.77,917.07
1748014882111.0,916.67,916.97
1748014886135.0,916.77,917.07
1748014886331,,
1748014889445.0,916.87,917.17
1748014889647.0,916.77,917.07
1748014896120.0,916.87,917.17
1748014896803.0,916.97,917.27
1748014898123.0,916.87,917.17
1748014906147.0,916.97,917.27
1748014909162.0,916.87,917.17
1748014936856,,
1748014939960.0,916.77,917.07
1748014940164.0,916.87,917.17
1748014943384.0,916.97,917.27
1748014943781.0,916.87,917.17
1748014944503.0,916.87,917.17
1748014946147.0,916.97,917.27
1748014946347.0,916.87,917.17
1748014950602,,
1748014954654.0,916.97,917.27
1748014959403.0,916.87,917.17
1748014968223.0,916.97,917.27
1748014969296.0,917.07,917.37
1748014973315.0,917.17,917.47
1748014980971.0,917.27,917.57
1748014981541.0,917.17,917.47
1748014994717.0,917.07,917.37
1748015011929.0,917.17,917.47
1748015015518.0,917.17,917.47
1748015031902.0,917.27,917.57
