None,,
None,,
1748210407379.0,9865.1,9870.1
1748210407479.0,9865.2,9870.2
1748210408252.0,9865.1,9870.1
1748210408352.0,9864.9,9869.9
1748210412832.0,9865.1,9870.1
1748210413131.0,9864.9,9869.9
1748210418434.0,9865.0,9870.0
1748210418561.0,9865.1,9870.1
1748210419094.0,9865.2,9870.2
1748210423668.0,9865.4,9870.4
1748210426969.0,9865.1,9870.1
1748210427068.0,9864.9,9869.9
1748210430077.0,9865.2,9870.2
1748210430350.0,9864.9,9869.9
1748210430499.0,9865.0,9870.0
1748210431544.0,9865.2,9870.2
1748210436892.0,9864.5,9869.5
1748210436992.0,9864.6,9869.6
1748210437420.0,9864.7,9869.7
1748210438054.0,9864.8,9869.8
1748210438155.0,9864.7,9869.7
1748210438959.0,9864.8,9869.8
1748210439059.0,9864.7,9869.7
1748210441231.0,9864.6,9869.6
1748210444290.0,9864.7,9869.7
1748210445017.0,9864.6,9869.6
1748210445207.0,9864.7,9869.7
1748210445519.0,9864.6,9869.6
1748210445934.0,9864.7,9869.7
1748210446131.0,9864.6,9869.6
1748210446434.0,9864.7,9869.7
1748210446636.0,9864.6,9869.6
1748210447437.0,9864.7,9869.7
1748210447655.0,9864.6,9869.6
1748210454385.0,9864.7,9869.7
1748210454585.0,9864.7,9869.7
1748210460083.0,9864.6,9869.6
1748210460183.0,9864.7,9869.7
1748210460677.0,9864.7,9869.7
1748210464063.0,9864.6,9869.6
1748210465061.0,9864.7,9869.7
1748210465162.0,9864.6,9869.6
1748210466515.0,9864.7,9869.7
1748210466615.0,9864.6,9869.6
1748210475482.0,9864.7,9869.7
1748210477434.0,9864.7,9869.7
1748210483518.0,9864.7,9869.7
1748210488848.0,9864.7,9869.7
1748210489872.0,9864.6,9869.6
1748210489972.0,9864.7,9869.7
1748210492509.0,9864.8,9869.8
1748210496919.0,9864.7,9869.7
1748210498173.0,9864.8,9869.8
1748210502040.0,9864.6,9869.6
1748210502737.0,9864.7,9869.7
1748210502944.0,9864.6,9869.6
1748210522690.0,9864.5,9869.5
1748210530399.0,9864.0,9869.0
1748210532265.0,9864.1,9869.1
1748210533287.0,9864.0,9869.0
1748210548685.0,9864.0,9869.0
1748210559378.0,9864.1,9869.1
1748210560473.0,9864.1,9869.1
1748210562432.0,9864.0,9869.0
1748210565549.0,9864.1,9869.1
1748210569071.0,9864.0,9869.0
1748210570129.0,9864.1,9869.1
1748210572389.0,9864.0,9869.0
1748210577076.0,9864.1,9869.1
1748210577177.0,9864.0,9869.0
1748210577324.0,9863.9,9868.9
1748210577425.0,9864.0,9869.0
1748210583350.0,9864.1,9869.1
1748210588592.0,9864.2,9869.2
1748210588891.0,9864.1,9869.1
1748210601524.0,9864.0,9869.0
1748210611447.0,9863.9,9868.9
1748210611649.0,9864.0,9869.0
1748210619085.0,9863.9,9868.9
1748210625597.0,9864.0,9869.0
1748210626053.0,9863.9,9868.9
1748210626316.0,9864.0,9869.0
1748210626580.0,9863.9,9868.9
1748210626682.0,9864.0,9869.0
1748210626890.0,9863.9,9868.9
1748210626986.0,9864.0,9869.0
1748210637420.0,9864.1,9869.1
1748210658935.0,9864.2,9869.2
1748210660972.0,9864.3,9869.3
1748210661072.0,9864.4,9869.4
1748210661541.0,9864.5,9869.5
1748210661641.0,9864.4,9869.4
1748210661740.0,9864.5,9869.5
1748210662042.0,9864.4,9869.4
1748210663442.0,9864.3,9869.3
1748210664045.0,9864.4,9869.4
1748210671914.0,9864.3,9869.3
1748210673132.0,9864.4,9869.4
1748210673332.0,9864.3,9869.3
1748210673432.0,9864.4,9869.4
1748210673700.0,9864.5,9869.5
1748210673800.0,9864.4,9869.4
1748210674383.0,9864.5,9869.5
1748210678062.0,9864.4,9869.4
1748210679141.0,9864.5,9869.5
1748210679241.0,9864.4,9869.4
1748210682439.0,9864.3,9869.3
1748210686146.0,9864.4,9869.4
1748210686246.0,9864.5,9869.5
1748210687208.0,9864.4,9869.4
1748210687882.0,9864.5,9869.5
1748210691310.0,9864.4,9869.4
1748210691773.0,9864.5,9869.5
1748210692307.0,9864.4,9869.4
1748210694645.0,9864.5,9869.5
1748210694883.0,9864.5,9869.5
1748210695184.0,9864.6,9869.6
1748210696006.0,9864.5,9869.5
1748210696106.0,9864.6,9869.6
1748210696481.0,9864.8,9869.8
1748210696894,,
1748210700235.0,9864.7,9869.7
1748210700335.0,9864.8,9869.8
1748210701129.0,9864.7,9869.7
1748210701437.0,9864.8,9869.8
1748210701536.0,9864.7,9869.7
1748210702151.0,9864.8,9869.8
1748210702381.0,9864.8,9869.8
1748210702580.0,9864.7,9869.7
1748210703276.0,9864.8,9869.8
1748210705154.0,9864.9,9869.9
1748210705255.0,9865.2,9870.2
1748210705533.0,9865.3,9870.3
1748210706235.0,9865.1,9870.1
1748210706335.0,9865.0,9870.0
1748210706722.0,9865.1,9870.1
1748210707130.0,9865.4,9870.4
1748210707364.0,9865.6,9870.6
1748210707464.0,9865.8,9870.8
1748210708731.0,9865.6,9870.6
1748210708832.0,9865.5,9870.5
1748210708931.0,9865.6,9870.6
1748210709031.0,9865.8,9870.8
1748210711237.0,9865.6,9870.6
1748210712198.0,9865.8,9870.8
1748210712497.0,9865.6,9870.6
1748210713209.0,9865.8,9870.8
1748210713410.0,9865.6,9870.6
1748210714484.0,9865.8,9870.8
1748210715046.0,9866.0,9871.0
1748210716249.0,9865.9,9870.9
1748210724672.0,9866.0,9871.0
1748210740690.0,9866.1,9871.1
1748210740990.0,9866.0,9871.0
1748210816875.0,9867.0,9872.0
1748210816975.0,9867.3,9872.3
1748210817179.0,9867.1,9872.1
1748210817275.0,9866.8,9871.8
1748210817413.0,9867.1,9872.1
1748210818496.0,9867.5,9872.5
1748210818596.0,9868.0,9873.0
1748210818739.0,9867.8,9872.8
1748210818839.0,9867.7,9872.7
1748210818945.0,9867.8,9872.8
1748210823157.0,9867.2,9872.2
1748210823258.0,9867.0,9872.0
1748210828144,,
1748210828269.0,9867.4,9872.4
1748210828369.0,9867.3,9872.3
1748210829562.0,9867.0,9872.0
1748210829662.0,9867.3,9872.3
1748210830870.0,9867.3,9872.3
1748210831683.0,9867.5,9872.5
1748210832687.0,9867.0,9872.0
1748210835010.0,9866.8,9871.8
1748210836685.0,9866.3,9871.3
1748210836785.0,9865.5,9870.5
1748210836885.0,9865.6,9870.6
1748210843548.0,9865.8,9870.8
1748210847470.0,9866.3,9871.3
1748210849250.0,9866.1,9871.1
1748210849783.0,9866.0,9871.0
1748210850061.0,9866.1,9871.1
1748210852886.0,9865.5,9870.5
1748210852989.0,9865.8,9870.8
1748210855317,,
1748210858578.0,9866.0,9871.0
1748210858972.0,9866.1,9871.1
1748210859724.0,9866.3,9871.3
1748210861965.0,9866.0,9871.0
1748210862403.0,9866.1,9871.1
1748210862988.0,9866.0,9871.0
1748210865398.0,9865.9,9870.9
1748210865806.0,9865.8,9870.8
1748210865907.0,9866.1,9871.1
1748210866673.0,9866.2,9871.2
1748210866773.0,9866.1,9871.1
1748210867730.0,9866.2,9871.2
1748210867830.0,9866.1,9871.1
1748210869626.0,9866.0,9871.0
1748210870292.0,9866.1,9871.1
1748210870393.0,9866.0,9871.0
1748210874339.0,9866.1,9871.1
1748210875113.0,9866.0,9871.0
1748210877838.0,9866.1,9871.1
1748210879963.0,9866.0,9871.0
1748210882836.0,9866.1,9871.1
1748210888234.0,9866.4,9871.4
1748210888633.0,9866.9,9871.9
1748210895008.0,9866.7,9871.7
1748210895307.0,9866.4,9871.4
1748210895691.0,9866.7,9871.7
1748210896656.0,9866.9,9871.9
1748210899188.0,9866.6,9871.6
1748210900164.0,9866.4,9871.4
1748210925182.0,9866.7,9871.7
1748210926778.0,9866.4,9871.4
1748210927131.0,9866.4,9871.4
1748210927435.0,9866.1,9871.1
1748210927683.0,9866.2,9871.2
1748210927784.0,9866.4,9871.4
1748210928075.0,9866.4,9871.4
1748210928175.0,9866.2,9871.2
1748210928777.0,9866.1,9871.1
1748210929567.0,9866.2,9871.2
1748210929665.0,9866.1,9871.1
1748210931179.0,9865.8,9870.8
1748210931870.0,9865.5,9870.5
1748210931970.0,9865.8,9870.8
1748210940681.0,9865.9,9870.9
1748210940782.0,9866.0,9871.0
1748210941679.0,9865.9,9870.9
1748210941779.0,9866.0,9871.0
1748210941956.0,9866.1,9871.1
1748210942443.0,9866.1,9871.1
1748210942829.0,9866.1,9871.1
1748210942955.0,9866.2,9871.2
1748210945598.0,9866.3,9871.3
1748210945698.0,9866.1,9871.1
1748210948025.0,9866.0,9871.0
1748210955010.0,9865.8,9870.8
1748210967162.0,9866.1,9871.1
1748210974088.0,9866.4,9871.4
1748210974189.0,9865.5,9870.5
1748210974456.0,9865.9,9870.9
1748210976899.0,9866.1,9871.1
1748210977687.0,9866.4,9871.4
1748210977787.0,9866.7,9871.7
1748210977988.0,9866.7,9871.7
1748210978088.0,9866.6,9871.6
1748210978298.0,9866.6,9871.6
1748210978409.0,9866.7,9871.7
1748210984197.0,9867.0,9872.0
1748210984495.0,9867.3,9872.3
1748210985251,,
1748210986049.0,9867.0,9872.0
1748210986251.0,9867.3,9872.3
1748210986542.0,9868.1,9873.1
1748210987976.0,9868.2,9873.2
1748210988362.0,9867.9,9872.9
1748210988462.0,9867.3,9872.3
1748210989011.0,9867.4,9872.4
1748210989111.0,9867.6,9872.6
1748210989644.0,9867.8,9872.8
1748210989743.0,9867.6,9872.6
1748210991849.0,9867.8,9872.8
1748210992058.0,9867.6,9872.6
1748210992258.0,9867.1,9872.1
1748210992434.0,9867.4,9872.4
1748210992540.0,9867.6,9872.6
1748210995265.0,9867.5,9872.5
1748210995366.0,9867.1,9872.1
1748210995634.0,9867.0,9872.0
1748210999436.0,9866.1,9871.1
1748210999535.0,9865.8,9870.8
1748211000158.0,9865.3,9870.3
1748211001761.0,9865.1,9870.1
1748211001860.0,9864.5,9869.5
1748211001998.0,9864.4,9869.4
1748211002522.0,9864.5,9869.5
1748211002623.0,9864.3,9869.3
1748211003133.0,9864.4,9869.4
1748211003234.0,9864.6,9869.6
1748211004565.0,9864.3,9869.3
1748211004665.0,9863.8,9868.8
1748211004998.0,9863.6,9868.6
1748211005321.0,9863.8,9868.8
1748211005521.0,9863.7,9868.7
1748211005621.0,9863.8,9868.8
1748211005830.0,9863.6,9868.6
1748211005929.0,9863.5,9868.5
1748211006269.0,9863.1,9868.1
1748211006484.0,9862.9,9867.9
1748211008116.0,9863.0,9868.0
1748211008766.0,9862.9,9867.9
1748211008885.0,9863.1,9868.1
1748211011063.0,9862.9,9867.9
1748211011357.0,9863.1,9868.1
1748211012092.0,9862.9,9867.9
1748211012663.0,9863.1,9868.1
1748211013900.0,9862.9,9867.9
1748211014168.0,9863.1,9868.1
1748211015845.0,9863.2,9868.2
1748211016045.0,9862.9,9867.9
1748211018766.0,9863.1,9868.1
1748211019537.0,9863.1,9868.1
1748211019637.0,9863.0,9868.0
1748211020400.0,9863.2,9868.2
1748211020501.0,9863.7,9868.7
1748211021673.0,9863.6,9868.6
1748211021773.0,9863.7,9868.7
1748211022359.0,9863.8,9868.8
1748211023515.0,9864.0,9869.0
1748211024659.0,9864.0,9869.0
1748211024876.0,9863.5,9868.5
1748211025874.0,9863.4,9868.4
1748211025974.0,9863.2,9868.2
1748211028034.0,9863.1,9868.1
1748211028504.0,9863.4,9868.4
1748211028604.0,9863.2,9868.2
1748211030009.0,9863.4,9868.4
1748211031758.0,9863.5,9868.5
1748211032871.0,9863.6,9868.6
1748211032971.0,9863.8,9868.8
1748211035715.0,9863.9,9868.9
1748211038775.0,9864.2,9869.2
1748211039075.0,9863.5,9868.5
1748211041749.0,9863.2,9868.2
1748211048120.0,9863.4,9868.4
1748211048221.0,9863.7,9868.7
1748211048437.0,9863.6,9868.6
1748211048537.0,9863.5,9868.5
1748211050965.0,9863.7,9868.7
1748211051065.0,9863.5,9868.5
1748211051264.0,9863.6,9868.6
1748211051863.0,9863.5,9868.5
1748211051962.0,9863.6,9868.6
1748211052064.0,9863.3,9868.3
1748211052888.0,9863.4,9868.4
1748211055369.0,9861.9,9866.9
1748211055469.0,9861.3,9866.3
1748211056404.0,9861.0,9866.0
1748211056906.0,9861.0,9866.0
1748211057007.0,9861.1,9866.1
1748211057432.0,9861.3,9866.3
1748211058912.0,9861.5,9866.5
1748211059167.0,9861.0,9866.0
1748211059384.0,9860.8,9865.8
1748211059484.0,9860.3,9865.3
1748211060108.0,9860.0,9865.0
1748211060208.0,9860.1,9865.1
1748211060836.0,9860.0,9865.0
1748211061138.0,9860.5,9865.5
1748211061997.0,9860.6,9865.6
1748211062197.0,9860.5,9865.5
1748211062658.0,9860.6,9865.6
1748211064139.0,9861.3,9866.3
1748211069321.0,9861.0,9866.0
1748211069422.0,9861.3,9866.3
1748211069566.0,9861.2,9866.2
1748211069805.0,9861.0,9866.0
1748211070783.0,9861.0,9866.0
1748211072124.0,9861.3,9866.3
1748211072325.0,9862.5,9867.5
1748211072687.0,9862.4,9867.4
1748211075011.0,9862.0,9867.0
1748211079080.0,9862.5,9867.5
1748211080063.0,9862.6,9867.6
1748211080162.0,9862.5,9867.5
1748211080405.0,9862.9,9867.9
1748211080505.0,9863.5,9868.5
1748211081086.0,9863.6,9868.6
1748211081186.0,9864.0,9869.0
1748211084707.0,9863.5,9868.5
1748211085468.0,9863.6,9868.6
1748211085569.0,9864.0,9869.0
1748211086226.0,9863.9,9868.9
1748211086325.0,9863.4,9868.4
1748211086425.0,9863.1,9868.1
1748211086610.0,9863.6,9868.6
1748211089938.0,9863.7,9868.7
1748211090037.0,9863.2,9868.2
1748211092545.0,9862.5,9867.5
1748211093673.0,9862.3,9867.3
1748211097340.0,9862.0,9867.0
1748211100038.0,9862.1,9867.1
1748211100138.0,9861.8,9866.8
1748211100508.0,9862.0,9867.0
1748211102495.0,9862.6,9867.6
1748211105011.0,9862.0,9867.0
1748211106083.0,9861.8,9866.8
1748211108024.0,9862.1,9867.1
1748211112931.0,9862.5,9867.5
1748211118094.0,9863.0,9868.0
1748211121327.0,9863.1,9868.1
1748211121428.0,9862.8,9867.8
1748211121784.0,9863.5,9868.5
1748211123468.0,9863.6,9868.6
1748211123566.0,9863.5,9868.5
1748211134747.0,9863.0,9868.0
1748211135022.0,9863.5,9868.5
1748211135122.0,9863.3,9868.3
1748211136394.0,9863.5,9868.5
1748211140102.0,9863.5,9868.5
1748211143401.0,9864.0,9869.0
1748211149571.0,9864.1,9869.1
1748211150008.0,9864.5,9869.5
1748211156191.0,9864.0,9869.0
1748211156529.0,9863.9,9868.9
1748211156631.0,9863.5,9868.5
1748211156731,,
1748211156933,,
1748211157607.0,9863.6,9868.6
1748211157706.0,9864.1,9869.1
1748211158694.0,9864.2,9869.2
1748211159004.0,9864.3,9869.3
1748211159103.0,9864.5,9869.5
1748211159915.0,9864.3,9869.3
1748211160292.0,9864.5,9869.5
1748211162484.0,9864.3,9869.3
1748211163676.0,9864.5,9869.5
1748211165091.0,9864.0,9869.0
1748211166889.0,9864.2,9869.2
1748211173264.0,9864.5,9869.5
1748211173366.0,9864.4,9869.4
1748211174768.0,9864.5,9869.5
1748211174866.0,9864.4,9869.4
1748211178850.0,9864.0,9869.0
1748211180008.0,9864.1,9869.1
1748211180640.0,9864.2,9869.2
1748211183145.0,9864.4,9869.4
1748211183353.0,9864.4,9869.4
1748211184176.0,9864.0,9869.0
1748211184612.0,9864.1,9869.1
1748211185022.0,9864.9,9869.9
1748211185225.0,9864.9,9869.9
1748211186289.0,9865.0,9870.0
1748211187222.0,9864.8,9869.8
1748211189764.0,9864.6,9869.6
1748211189865.0,9864.5,9869.5
1748211192647.0,9864.0,9869.0
1748211193426.0,9864.4,9869.4
1748211194010.0,9864.1,9869.1
1748211194111.0,9864.0,9869.0
1748211194387.0,9864.1,9869.1
1748211195008.0,9864.4,9869.4
1748211195207.0,9863.6,9868.6
1748211197328.0,9863.3,9868.3
1748211197702.0,9863.4,9868.4
1748211197932.0,9863.5,9868.5
1748211199137.0,9863.1,9868.1
1748211199238.0,9863.0,9868.0
1748211199454.0,9863.1,9868.1
1748211199689.0,9863.5,9868.5
1748211204129.0,9863.0,9868.0
1748211204710.0,9862.9,9867.9
1748211204810.0,9862.5,9867.5
1748211210045.0,9862.4,9867.4
1748211210516.0,9862.3,9867.3
1748211210616.0,9861.5,9866.5
1748211210905.0,9862.1,9867.1
1748211212309.0,9861.6,9866.6
1748211212410.0,9862.1,9867.1
1748211213313.0,9862.3,9867.3
1748211214426.0,9862.0,9867.0
1748211222540.0,9861.8,9866.8
1748211223161.0,9862.0,9867.0
1748211226755.0,9861.9,9866.9
1748211226854.0,9861.8,9866.8
1748211230188.0,9862.0,9867.0
1748211230287.0,9862.4,9867.4
1748211230838.0,9862.5,9867.5
1748211232440.0,9862.6,9867.6
1748211232540.0,9862.8,9867.8
1748211232983.0,9862.9,9867.9
1748211233188.0,9862.8,9867.8
1748211233287.0,9862.6,9867.6
1748211233582.0,9862.5,9867.5
1748211234201.0,9861.3,9866.3
1748211236572.0,9861.5,9866.5
1748211240249.0,9861.4,9866.4
1748211240349.0,9861.3,9866.3
1748211242335.0,9860.5,9865.5
1748211244919.0,9860.6,9865.6
1748211245019.0,9860.5,9865.5
1748211245632.0,9860.6,9865.6
1748211245733.0,9860.5,9865.5
1748211247597.0,9860.3,9865.3
1748211251847.0,9860.6,9865.6
1748211251947.0,9860.9,9865.9
1748211252690.0,9861.0,9866.0
1748211252791.0,9861.3,9866.3
1748211252990.0,9861.1,9866.1
1748211253091.0,9861.0,9866.0
1748211253416.0,9861.1,9866.1
1748211253517.0,9861.3,9866.3
1748211254591.0,9861.1,9866.1
1748211254691.0,9861.0,9866.0
1748211254948.0,9860.6,9865.6
1748211255048.0,9860.5,9865.5
1748211255493.0,9860.8,9865.8
1748211255593.0,9861.0,9866.0
1748211256999.0,9860.8,9865.8
1748211257365.0,9861.0,9866.0
1748211259415.0,9860.8,9865.8
1748211259514.0,9861.0,9866.0
1748211263467.0,9860.9,9865.9
1748211263667.0,9860.5,9865.5
1748211263941.0,9860.7,9865.7
1748211266271.0,9860.8,9865.8
1748211266471.0,9859.7,9864.7
1748211267366.0,9860.0,9865.0
1748211268043.0,9860.0,9865.0
1748211269131.0,9860.1,9865.1
1748211269232.0,9860.0,9865.0
1748211271395.0,9860.1,9865.1
1748211274274.0,9860.0,9865.0
1748211279539.0,9860.2,9865.2
1748211281537.0,9860.4,9865.4
1748211281636.0,9860.3,9865.3
1748211281736.0,9860.8,9865.8
1748211283756.0,9860.7,9865.7
1748211283956.0,9860.0,9865.0
1748211294551.0,9859.8,9864.8
1748211295266.0,9860.0,9865.0
1748211297129.0,9859.8,9864.8
1748211297227.0,9859.9,9864.9
1748211299163.0,9859.9,9864.9
1748211300008.0,9859.8,9864.8
1748211300109.0,9860.0,9865.0
1748211300279.0,9859.8,9864.8
1748211300957.0,9860.0,9865.0
1748211302836.0,9860.7,9865.7
1748211303490.0,9860.8,9865.8
1748211303679.0,9860.7,9865.7
1748211304041.0,9860.5,9865.5
1748211307477.0,9860.9,9865.9
1748211314098.0,9860.5,9865.5
1748211314203.0,9860.4,9865.4
1748211314404.0,9860.3,9865.3
1748211314800.0,9860.4,9865.4
1748211315009.0,9860.3,9865.3
1748211322135.0,9860.5,9865.5
1748211332157.0,9860.5,9865.5
1748211345009.0,9860.3,9865.3
1748211345297.0,9860.6,9865.6
1748211345396.0,9860.5,9865.5
1748211357156.0,9860.4,9865.4
1748211357256.0,9860.3,9865.3
1748211358851.0,9860.8,9865.8
1748211359988.0,9860.9,9865.9
1748211360187.0,9861.1,9866.1
1748211360289.0,9861.3,9866.3
1748211374560.0,9861.4,9866.4
1748211374804.0,9861.4,9866.4
1748211374904.0,9861.3,9866.3
1748211376264,,
1748211378272.0,9861.4,9866.4
1748211380261.0,9861.3,9866.3
1748211384565.0,9861.4,9866.4
1748211384664.0,9861.3,9866.3
1748211402132.0,9861.0,9866.0
1748211406278.0,9861.1,9866.1
1748211413733.0,9861.0,9866.0
1748211413833.0,9860.6,9865.6
1748211416785.0,9860.3,9865.3
1748211417173.0,9860.2,9865.2
1748211417272.0,9860.1,9865.1
1748211420012.0,9860.3,9865.3
1748211429818.0,9860.6,9865.6
1748211429918.0,9860.8,9865.8
1748211432640.0,9861.3,9866.3
1748211465011.0,9861.5,9866.5
1748211473698.0,9861.8,9866.8
1748211473900.0,9862.5,9867.5
1748211474756.0,9862.6,9867.6
1748211474932.0,9862.5,9867.5
1748211475034.0,9863.0,9868.0
1748211480495.0,9863.6,9868.6
1748211480595.0,9863.7,9868.7
1748211481804.0,9863.3,9868.3
1748211483670.0,9863.4,9868.4
1748211483832.0,9863.3,9868.3
1748211485620.0,9863.5,9868.5
1748211485820.0,9863.5,9868.5
1748211489680.0,9863.5,9868.5
1748211503410.0,9863.6,9868.6
1748211505211.0,9864.1,9869.1
1748211505311.0,9864.3,9869.3
1748211552849.0,9864.0,9869.0
1748211553954.0,9864.1,9869.1
1748211554053.0,9864.3,9869.3
1748211562862.0,9864.0,9869.0
1748211563145.0,9863.9,9868.9
1748211563245.0,9863.8,9868.8
1748211569117.0,9864.0,9869.0
1748211570888.0,9864.3,9869.3
1748211578750.0,9864.8,9869.8
1748211582647.0,9865.0,9870.0
1748211591148.0,9865.1,9870.1
1748211591248.0,9865.6,9870.6
1748211599585.0,9865.6,9870.6
1748211601620.0,9865.9,9870.9
1748211601724.0,9865.6,9870.6
1748211602534.0,9865.7,9870.7
1748211602633.0,9865.9,9870.9
1748211606526.0,9866.0,9871.0
1748211606626.0,9866.2,9871.2
1748211609626.0,9866.2,9871.2
1748211610930.0,9866.5,9871.5
1748211615095.0,9867.0,9872.0
1748211617045.0,9867.5,9872.5
1748211617904.0,9867.8,9872.8
1748211618002.0,9867.7,9872.7
1748211618235.0,9868.2,9873.2
1748211620150.0,9868.0,9873.0
1748211620250.0,9868.2,9873.2
1748211620956.0,9868.5,9873.5
1748211622926.0,9868.8,9873.8
1748211623153.0,9869.9,9874.9
1748211623782.0,9870.0,9875.0
1748211624156.0,9869.9,9874.9
1748211624256.0,9869.8,9874.8
1748211625124.0,9869.9,9874.9
1748211625224.0,9869.8,9874.8
1748211627511.0,9869.0,9874.0
1748211627659.0,9869.1,9874.1
1748211630012.0,9868.3,9873.3
1748211630411.0,9868.2,9873.2
1748211635251.0,9867.9,9872.9
1748211635351.0,9868.0,9873.0
1748211638950.0,9867.9,9872.9
1748211641285.0,9868.2,9873.2
1748211643292.0,9868.5,9873.5
1748211643850.0,9868.4,9873.4
1748211645007.0,9868.2,9873.2
1748211648753.0,9868.3,9873.3
1748211648853.0,9868.2,9873.2
1748211649940.0,9868.3,9873.3
1748211650040.0,9868.7,9873.7
1748211660008.0,9868.5,9873.5
1748211668432.0,9870.3,9875.3
1748211669965.0,9870.4,9875.4
1748211670066.0,9870.9,9875.9
1748211674458.0,9870.6,9875.6
1748211681462.0,9870.1,9875.1
1748211690009.0,9869.9,9874.9
1748211694077.0,9870.3,9875.3
1748211695130.0,9870.6,9875.6
1748211702865.0,9870.7,9875.7
1748211702965.0,9870.9,9875.9
1748211714889,,
1748211715145.0,9871.0,9876.0
1748211715245.0,9871.2,9876.2
1748211720088.0,9870.8,9875.8
1748211722197,,
1748211730878.0,9870.6,9875.6
1748211736338.0,9870.9,9875.9
1748211738185.0,9870.6,9875.6
1748211744593.0,9870.7,9875.7
1748211744692.0,9870.6,9875.6
1748211748486.0,9870.4,9875.4
1748211749804.0,9870.6,9875.6
1748211751692.0,9870.4,9875.4
1748211751968.0,9870.6,9875.6
1748211752424.0,9870.3,9875.3
1748211752524.0,9870.4,9875.4
1748211755546.0,9870.3,9875.3
1748211755646.0,9870.4,9875.4
1748211758637.0,9870.6,9875.6
1748211759280.0,9870.7,9875.7
1748211759379.0,9870.6,9875.6
1748211761540.0,9870.4,9875.4
1748211765313.0,9870.4,9875.4
1748211766811.0,9870.6,9875.6
1748211767542.0,9870.4,9875.4
1748211767838.0,9870.4,9875.4
1748211767937.0,9870.6,9875.6
1748211768461.0,9870.6,9875.6
1748211771982.0,9870.9,9875.9
1748211772151.0,9870.8,9875.8
1748211774227.0,9870.9,9875.9
1748211775114.0,9870.6,9875.6
1748211783133,,
1748211783441,,
1748211783845,,
1748211783945.0,9870.4,9875.4
1748211787581.0,9870.6,9875.6
1748211793474.0,9870.3,9875.3
1748211799798.0,9870.6,9875.6
1748211799901.0,9870.3,9875.3
1748211801035.0,9870.4,9875.4
1748211801135.0,9870.3,9875.3
1748211801629.0,9870.4,9875.4
1748211802116.0,9870.6,9875.6
1748211803201.0,9870.8,9875.8
1748211803301.0,9870.9,9875.9
1748211803401.0,9870.8,9875.8
1748211809424.0,9870.6,9875.6
1748211816295.0,9870.8,9875.8
1748211816653.0,9870.6,9875.6
1748211834582.0,9870.5,9875.5
1748211834683.0,9870.6,9875.6
1748211834818.0,9870.5,9875.5
1748211835908.0,9870.3,9875.3
1748211836009,,
1748211840685.0,9870.4,9875.4
1748211840785.0,9870.3,9875.3
1748211841285.0,9870.6,9875.6
1748211841387.0,9870.3,9875.3
1748211842298.0,9870.0,9875.0
1748211846899.0,9869.7,9874.7
1748211848196.0,9869.3,9874.3
1748211849094.0,9869.5,9874.5
1748211849395.0,9869.4,9874.4
1748211849740.0,9869.3,9874.3
1748211849941.0,9869.7,9874.7
1748211850039.0,9869.6,9874.6
1748211850340.0,9869.7,9874.7
1748211850441.0,9869.6,9874.6
1748211850640.0,9869.3,9874.3
1748211850878.0,9869.7,9874.7
1748211851079.0,9869.4,9874.4
1748211851279.0,9869.7,9874.7
1748211851578.0,9869.7,9874.7
1748211851679.0,9869.6,9874.6
1748211851879.0,9869.4,9874.4
1748211852184.0,9869.0,9874.0
1748211852430.0,9869.1,9874.1
1748211855007.0,9869.3,9874.3
1748211856540.0,9869.2,9874.2
1748211857177.0,9869.1,9874.1
1748211857277.0,9869.3,9874.3
1748211859351.0,9869.5,9874.5
1748211863271.0,9869.8,9874.8
1748211863472.0,9870.3,9875.3
1748211864600.0,9870.0,9875.0
1748211866964.0,9869.8,9874.8
1748211868426.0,9869.5,9874.5
1748211868610.0,9869.6,9874.6
1748211870006.0,9870.0,9875.0
1748211870760.0,9870.1,9875.1
1748211870860.0,9870.3,9875.3
1748211871604.0,9870.3,9875.3
1748211877632.0,9870.0,9875.0
1748211879605.0,9869.9,9874.9
1748211879705.0,9869.8,9874.8
1748211880421.0,9869.9,9874.9
1748211880521.0,9869.8,9874.8
1748211882374.0,9869.9,9874.9
1748211882473.0,9869.8,9874.8
1748211883337.0,9869.9,9874.9
1748211883436.0,9869.3,9874.3
1748211883536.0,9869.5,9874.5
1748211886977.0,9869.4,9874.4
1748211887077.0,9869.3,9874.3
1748211887828.0,9869.5,9874.5
1748211890165.0,9868.8,9873.8
1748211891932.0,9869.0,9874.0
1748211892034.0,9868.8,9873.8
1748211893493.0,9869.1,9874.1
1748211894432.0,9869.8,9874.8
1748211894789.0,9869.4,9874.4
1748211895160.0,9869.3,9874.3
1748211895260.0,9869.5,9874.5
1748211896127.0,9869.5,9874.5
1748211896594.0,9869.6,9874.6
1748211896693.0,9869.8,9874.8
1748211902149.0,9870.3,9875.3
1748211903867.0,9870.4,9875.4
1748211903965.0,9870.6,9875.6
1748211909195.0,9870.7,9875.7
1748211909295.0,9870.8,9875.8
1748211909793.0,9870.7,9875.7
1748211910470.0,9870.9,9875.9
1748211910669.0,9870.8,9875.8
1748211910970.0,9870.7,9875.7
1748211911170.0,9870.9,9875.9
1748211911374.0,9870.8,9875.8
1748211911774.0,9870.6,9875.6
1748211912026.0,9870.9,9875.9
1748211912303.0,9870.7,9875.7
1748211912503.0,9870.7,9875.7
1748211912660.0,9870.8,9875.8
1748211913175.0,9870.9,9875.9
1748211920715.0,9870.6,9875.6
1748211925270.0,9870.4,9875.4
1748211925571.0,9870.3,9875.3
1748211925671.0,9870.4,9875.4
1748211925797.0,9870.3,9875.3
1748211925896.0,9870.4,9875.4
1748211926296.0,9870.4,9875.4
1748211926396.0,9870.6,9875.6
1748211927902.0,9870.3,9875.3
1748211928137.0,9870.3,9875.3
1748211928691.0,9870.4,9875.4
1748211928790.0,9870.3,9875.3
1748211929465.0,9870.0,9875.0
1748211931911.0,9870.0,9875.0
1748211932411.0,9870.0,9875.0
1748211932676.0,9870.0,9875.0
1748211932980.0,9870.3,9875.3
1748211933282.0,9870.0,9875.0
1748211933524.0,9870.1,9875.1
1748211933624.0,9870.0,9875.0
1748211934024.0,9870.3,9875.3
1748211934124.0,9870.1,9875.1
1748211934427.0,9870.3,9875.3
1748211935629.0,9870.0,9875.0
1748211936080.0,9870.0,9875.0
1748211944900.0,9870.0,9875.0
1748211945300.0,9870.1,9875.1
1748211945500.0,9870.0,9875.0
1748211945855.0,9870.1,9875.1
1748211946055.0,9870.0,9875.0
1748211946521.0,9870.0,9875.0
1748211947516.0,9870.0,9875.0
1748211953638.0,9869.9,9874.9
1748211953739.0,9869.8,9874.8
1748211958455.0,9869.5,9874.5
1748211960010.0,9869.7,9874.7
1748211960118.0,9869.6,9874.6
1748211960914.0,9869.3,9874.3
1748211961114.0,9869.6,9874.6
1748211961314.0,9869.7,9874.7
1748211961648.0,9869.8,9874.8
1748211961748.0,9869.9,9874.9
1748211962729.0,9869.8,9874.8
1748211962969.0,9869.9,9874.9
1748211963267.0,9869.8,9874.8
1748211963464.0,9869.9,9874.9
1748211963566.0,9870.0,9875.0
1748211964338.0,9870.0,9875.0
1748211964581.0,9870.0,9875.0
1748211964781.0,9869.9,9874.9
1748211964881.0,9870.0,9875.0
1748211965626.0,9869.9,9874.9
1748211967663.0,9869.8,9874.8
1748211968328.0,9870.0,9875.0
1748211968426.0,9869.9,9874.9
1748211971329.0,9869.3,9874.3
1748211972417.0,9869.3,9874.3
1748211985929.0,9868.3,9873.3
1748211986030.0,9868.0,9873.0
1748211986131.0,9867.8,9872.8
1748211989060.0,9867.7,9872.7
1748211989455.0,9867.8,9872.8
1748211990192.0,9867.5,9872.5
1748211990292.0,9867.6,9872.6
1748211990921.0,9867.7,9872.7
1748211992145.0,9867.8,9872.8
1748211992246.0,9867.7,9872.7
1748211992828.0,9867.7,9872.7
1748211994256.0,9867.4,9872.4
1748211994354.0,9867.0,9872.0
1748211995310.0,9867.1,9872.1
1748211995409.0,9867.0,9872.0
1748211998177.0,9867.3,9872.3
1748211998276.0,9867.2,9872.2
1748211998580.0,9866.9,9871.9
1748211998768.0,9866.7,9871.7
1748211998969.0,9866.6,9871.6
1748211999068.0,9866.7,9871.7
1748211999568.0,9866.7,9871.7
1748211999769.0,9866.7,9871.7
1748211999869.0,9866.5,9871.5
1748212000069.0,9866.8,9871.8
1748212008999.0,9867.3,9872.3
1748212013200.0,9867.2,9872.2
1748212013299.0,9867.1,9872.1
1748212016189.0,9867.3,9872.3
1748212016421.0,9866.8,9871.8
1748212016720.0,9867.0,9872.0
1748212017219.0,9867.0,9872.0
1748212017517.0,9867.0,9872.0
1748212017817.0,9867.0,9872.0
1748212018066.0,9866.8,9871.8
1748212018166.0,9866.9,9871.9
1748212018266.0,9867.0,9872.0
1748212018717.0,9866.9,9871.9
1748212018816.0,9866.8,9871.8
1748212019045.0,9866.6,9871.6
1748212019145.0,9865.8,9870.8
1748212019445.0,9865.9,9870.9
1748212019545.0,9866.0,9871.0
1748212020060.0,9865.9,9870.9
1748212020262.0,9865.9,9870.9
1748212020360.0,9866.0,9871.0
1748212020663.0,9865.8,9870.8
1748212021388.0,9865.9,9870.9
1748212023502.0,9865.7,9870.7
1748212023601.0,9865.3,9870.3
1748212024710.0,9865.2,9870.2
1748212025010.0,9865.3,9870.3
1748212026533.0,9865.9,9870.9
1748212026633.0,9865.8,9870.8
1748212027015.0,9866.0,9871.0
1748212027213.0,9866.0,9871.0
1748212027881.0,9866.0,9871.0
1748212028376.0,9865.6,9870.6
1748212028578.0,9865.5,9870.5
1748212028810.0,9865.5,9870.5
1748212029310.0,9865.5,9870.5
1748212029619.0,9865.5,9870.5
1748212033545.0,9865.8,9870.8
1748212033744.0,9865.8,9870.8
1748212036026.0,9865.7,9870.7
1748212036124.0,9865.8,9870.8
1748212044624.0,9865.7,9870.7
1748212044824.0,9865.3,9870.3
1748212046625.0,9865.1,9870.1
1748212046725.0,9864.8,9869.8
1748212046934.0,9864.9,9869.9
1748212050011.0,9864.8,9869.8
1748212051618.0,9864.8,9869.8
1748212051733.0,9865.0,9870.0
1748212054539.0,9864.9,9869.9
1748212054638.0,9864.8,9869.8
1748212055359.0,9865.0,9870.0
1748212056931.0,9864.8,9869.8
1748212057134.0,9864.9,9869.9
1748212057232.0,9865.4,9870.4
1748212057331.0,9865.5,9870.5
1748212060213.0,9865.8,9870.8
1748212062287.0,9866.1,9871.1
1748212062386.0,9866.0,9871.0
1748212062586.0,9866.1,9871.1
1748212063055.0,9866.0,9871.0
1748212066421.0,9865.8,9870.8
1748212066688.0,9865.9,9870.9
1748212067031.0,9865.8,9870.8
1748212067131.0,9866.0,9871.0
1748212070824.0,9865.8,9870.8
1748212071583.0,9866.0,9871.0
1748212071683.0,9865.8,9870.8
1748212072719.0,9865.8,9870.8
1748212073655.0,9865.9,9870.9
1748212073754.0,9865.8,9870.8
1748212074325.0,9865.9,9870.9
1748212074916.0,9865.8,9870.8
1748212078319.0,9865.9,9870.9
1748212079886.0,9866.0,9871.0
1748212080086.0,9865.9,9870.9
1748212080211.0,9865.8,9870.8
1748212099201.0,9866.3,9871.3
1748212099301.0,9866.6,9871.6
1748212099755.0,9866.5,9871.5
1748212099855.0,9866.6,9871.6
1748212101999.0,9866.5,9871.5
1748212102098.0,9866.4,9871.4
1748212103174.0,9866.5,9871.5
1748212103275.0,9866.6,9871.6
1748212106786.0,9865.4,9870.4
1748212106885.0,9865.3,9870.3
1748212108951.0,9865.6,9870.6
1748212109052.0,9865.5,9870.5
1748212109518.0,9865.4,9870.4
1748212110129.0,9865.0,9870.0
1748212110328.0,9865.2,9870.2
1748212110718.0,9865.1,9870.1
1748212113852.0,9865.0,9870.0
1748212117239.0,9865.3,9870.3
1748212117339.0,9865.2,9870.2
1748212117440.0,9865.0,9870.0
1748212119062.0,9865.1,9870.1
1748212119162.0,9865.3,9870.3
1748212120363.0,9865.0,9870.0
1748212120668.0,9865.1,9870.1
1748212120968.0,9865.1,9870.1
1748212121167.0,9865.1,9870.1
1748212121269.0,9865.3,9870.3
1748212121394.0,9865.2,9870.2
1748212121669.0,9865.3,9870.3
1748212122111.0,9865.3,9870.3
1748212122395.0,9865.2,9870.2
1748212122560.0,9865.1,9870.1
1748212123647.0,9865.0,9870.0
1748212123760.0,9865.3,9870.3
1748212123996.0,9865.0,9870.0
1748212124238.0,9865.1,9870.1
1748212124980.0,9865.2,9870.2
1748212125080.0,9865.1,9870.1
1748212137278.0,9865.0,9870.0
1748212137484.0,9865.1,9870.1
1748212139406.0,9865.2,9870.2
1748212145267.0,9865.0,9870.0
1748212145472.0,9864.5,9869.5
1748212145790.0,9864.7,9869.7
1748212146910.0,9864.7,9869.7
1748212147307.0,9864.6,9869.6
1748212147407.0,9864.7,9869.7
1748212147508.0,9864.5,9869.5
1748212149281.0,9864.7,9869.7
1748212153634.0,9864.5,9869.5
1748212153794.0,9864.6,9869.6
1748212154193.0,9864.7,9869.7
1748212154393.0,9864.5,9869.5
1748212157746.0,9864.6,9869.6
1748212158226.0,9864.5,9869.5
1748212159343.0,9864.7,9869.7
1748212159442.0,9864.6,9869.6
1748212159642.0,9864.7,9869.7
1748212161009.0,9864.6,9869.6
1748212161109.0,9864.5,9869.5
1748212164103.0,9864.7,9869.7
1748212164675.0,9864.5,9869.5
1748212164775.0,9864.7,9869.7
1748212169270.0,9864.5,9869.5
1748212169370.0,9864.7,9869.7
1748212169708.0,9864.5,9869.5
1748212170116.0,9864.6,9869.6
1748212170216.0,9864.5,9869.5
1748212173460.0,9864.6,9869.6
1748212173559.0,9864.5,9869.5
1748212178564.0,9864.1,9869.1
1748212178665.0,9864.0,9869.0
1748212184764.0,9863.7,9868.7
1748212185064.0,9863.5,9868.5
1748212194619.0,9863.0,9868.0
1748212198175.0,9863.2,9868.2
1748212198787.0,9863.0,9868.0
1748212199565.0,9863.2,9868.2
1748212200111.0,9863.0,9868.0
1748212200211.0,9863.1,9868.1
1748212202267.0,9863.0,9868.0
1748212207499.0,9863.1,9868.1
1748212207600.0,9863.0,9868.0
1748212209420.0,9863.2,9868.2
1748212210503.0,9863.0,9868.0
1748212211882.0,9862.4,9867.4
1748212211980.0,9862.2,9867.2
1748212215008.0,9862.4,9867.4
1748212218780.0,9862.0,9867.0
1748212222005.0,9861.6,9866.6
1748212222251.0,9861.6,9866.6
1748212223322.0,9861.7,9866.7
1748212223420.0,9861.6,9866.6
1748212226037.0,9861.4,9866.4
1748212226959.0,9861.2,9866.2
1748212227060.0,9861.1,9866.1
1748212227160.0,9861.2,9866.2
1748212229202.0,9861.7,9866.7
1748212232296.0,9861.8,9866.8
1748212232395.0,9862.1,9867.1
1748212236393.0,9862.5,9867.5
1748212236619.0,9862.6,9867.6
1748212236794.0,9862.5,9867.5
1748212236998.0,9862.7,9867.7
1748212237274.0,9862.5,9867.5
1748212237378.0,9862.7,9867.7
1748212238111.0,9862.5,9867.5
1748212240007.0,9862.1,9867.1
1748212240569.0,9862.0,9867.0
1748212240770.0,9861.9,9866.9
1748212241416.0,9862.1,9867.1
1748212241994.0,9862.2,9867.2
1748212245012.0,9862.7,9867.7
1748212246096.0,9862.4,9867.4
1748212246195.0,9862.7,9867.7
1748212246409.0,9862.6,9867.6
1748212246728.0,9862.7,9867.7
1748212246827.0,9862.4,9867.4
1748212247237.0,9862.6,9867.6
1748212248324.0,9862.5,9867.5
1748212248524.0,9862.4,9867.4
1748212248624.0,9862.6,9867.6
1748212249401.0,9862.3,9867.3
1748212249501.0,9862.5,9867.5
1748212254387.0,9862.6,9867.6
1748212254588.0,9862.6,9867.6
1748212254688.0,9862.5,9867.5
1748212254890.0,9862.5,9867.5
1748212255166.0,9862.5,9867.5
1748212255601.0,9862.6,9867.6
1748212255900.0,9862.7,9867.7
1748212256797.0,9862.6,9867.6
1748212256898.0,9862.5,9867.5
1748212267960.0,9861.7,9866.7
1748212268061.0,9861.2,9866.2
1748212270393.0,9860.9,9865.9
1748212270493.0,9860.7,9865.7
1748212277513.0,9861.7,9866.7
1748212280435.0,9861.4,9866.4
1748212280770.0,9861.7,9866.7
1748212283958.0,9861.5,9866.5
1748212284056.0,9861.7,9866.7
1748212285695.0,9861.5,9866.5
1748212286531.0,9861.7,9866.7
1748212289660.0,9861.6,9866.6
1748212289759.0,9861.5,9866.5
1748212290394.0,9861.2,9866.2
1748212291224.0,9861.3,9866.3
1748212291474.0,9861.2,9866.2
1748212292184.0,9861.2,9866.2
1748212293754.0,9861.3,9866.3
1748212293854.0,9861.2,9866.2
1748212293953.0,9861.3,9866.3
1748212294094.0,9861.2,9866.2
1748212294540.0,9861.5,9866.5
1748212294640.0,9861.4,9866.4
1748212294739.0,9861.2,9866.2
1748212301955.0,9861.3,9866.3
1748212302056.0,9861.4,9866.4
1748212305007.0,9861.2,9866.2
1748212308869.0,9861.2,9866.2
1748212310246.0,9861.3,9866.3
1748212310445.0,9861.4,9866.4
1748212310698.0,9861.5,9866.5
1748212310957.0,9861.3,9866.3
1748212311057.0,9861.4,9866.4
1748212314547.0,9861.4,9866.4
1748212317173.0,9861.7,9866.7
1748212319075.0,9862.0,9867.0
1748212319176.0,9861.9,9866.9
1748212320121.0,9862.0,9867.0
1748212320221.0,9861.8,9866.8
1748212320322.0,9861.9,9866.9
1748212320654.0,9861.9,9866.9
1748212321411.0,9862.0,9867.0
1748212321608.0,9861.9,9866.9
1748212322160.0,9861.8,9866.8
1748212322360.0,9861.9,9866.9
1748212322559.0,9861.8,9866.8
1748212323055.0,9861.7,9866.7
1748212323355.0,9861.8,9866.8
1748212323639.0,9861.6,9866.6
1748212323839.0,9861.7,9866.7
1748212324139.0,9861.7,9866.7
1748212324947.0,9861.8,9866.8
1748212325047.0,9861.9,9866.9
1748212325897.0,9861.7,9866.7
1748212325997.0,9861.8,9866.8
1748212326097.0,9861.7,9866.7
1748212326296.0,9861.8,9866.8
1748212326397.0,9861.7,9866.7
1748212326917.0,9861.9,9866.9
1748212327131.0,9861.9,9866.9
1748212327364.0,9862.0,9867.0
1748212327463.0,9861.9,9866.9
1748212327662.0,9861.7,9866.7
1748212328683.0,9861.8,9866.8
1748212328982.0,9861.8,9866.8
1748212329282.0,9861.8,9866.8
1748212329382.0,9861.7,9866.7
1748212329931.0,9861.6,9866.6
1748212330030.0,9861.7,9866.7
1748212330231.0,9861.7,9866.7
1748212332350.0,9861.7,9866.7
1748212334330.0,9861.8,9866.8
1748212334430.0,9861.7,9866.7
1748212334632.0,9861.8,9866.8
1748212334732.0,9861.7,9866.7
1748212334989.0,9861.8,9866.8
1748212335087.0,9861.7,9866.7
1748212335372.0,9861.8,9866.8
1748212335471.0,9861.7,9866.7
1748212336628.0,9861.7,9866.7
1748212336828.0,9861.8,9866.8
1748212337028.0,9861.7,9866.7
1748212337228.0,9861.7,9866.7
1748212337528.0,9861.7,9866.7
1748212338028.0,9861.7,9866.7
1748212338558.0,9861.8,9866.8
1748212338658.0,9861.7,9866.7
1748212339313.0,9861.8,9866.8
1748212339514.0,9861.7,9866.7
1748212339920.0,9861.7,9866.7
1748212340472.0,9861.7,9866.7
1748212340573.0,9861.8,9866.8
1748212340768.0,9861.7,9866.7
1748212340867.0,9861.8,9866.8
1748212341067.0,9861.7,9866.7
1748212344808.0,9861.8,9866.8
1748212345108.0,9861.7,9866.7
1748212345308.0,9861.8,9866.8
1748212345709.0,9861.8,9866.8
1748212346064.0,9861.7,9866.7
1748212346500.0,9861.7,9866.7
1748212346973.0,9861.8,9866.8
1748212347174.0,9861.7,9866.7
1748212350993.0,9861.8,9866.8
1748212351293.0,9861.8,9866.8
1748212353127.0,9861.7,9866.7
1748212354462.0,9861.8,9866.8
1748212354828.0,9861.7,9866.7
1748212354928.0,9861.8,9866.8
1748212355229.0,9861.7,9866.7
1748212355529.0,9861.8,9866.8
1748212355679.0,9861.7,9866.7
1748212355979.0,9861.7,9866.7
1748212356079.0,9861.8,9866.8
1748212356480.0,9861.8,9866.8
1748212357053.0,9861.7,9866.7
1748212357590.0,9861.7,9866.7
1748212359251.0,9861.8,9866.8
1748212359452.0,9861.8,9866.8
1748212359779.0,9861.8,9866.8
1748212360114.0,9861.7,9866.7
1748212360313.0,9861.8,9866.8
1748212361056.0,9861.7,9866.7
1748212362122.0,9861.8,9866.8
1748212362423.0,9861.8,9866.8
1748212362521.0,9861.7,9866.7
1748212362721.0,9861.9,9866.9
1748212362822.0,9862.3,9867.3
1748212363022.0,9862.2,9867.2
1748212363223.0,9862.3,9867.3
1748212363322.0,9862.2,9867.2
1748212364095.0,9862.3,9867.3
1748212364295.0,9862.2,9867.2
1748212364596.0,9862.2,9867.2
1748212365154.0,9862.1,9867.1
1748212365545.0,9861.8,9866.8
1748212365646.0,9861.7,9866.7
1748212365891.0,9861.9,9866.9
1748212367474.0,9861.7,9866.7
1748212367574.0,9862.0,9867.0
1748212367774.0,9861.7,9866.7
1748212367896.0,9862.0,9867.0
1748212368097.0,9861.9,9866.9
1748212369649.0,9862.0,9867.0
1748212369748.0,9861.8,9866.8
1748212369978.0,9862.0,9867.0
1748212370079.0,9861.7,9866.7
1748212370264.0,9862.0,9867.0
1748212370361.0,9861.9,9866.9
1748212370885.0,9862.0,9867.0
1748212370985.0,9861.9,9866.9
1748212371084.0,9862.0,9867.0
1748212371384.0,9861.9,9866.9
1748212371585.0,9861.8,9866.8
1748212372019.0,9862.2,9867.2
1748212372118.0,9862.3,9867.3
1748212372321.0,9862.3,9867.3
1748212372421.0,9862.2,9867.2
1748212372719.0,9862.3,9867.3
1748212373054.0,9862.2,9867.2
1748212373391.0,9862.2,9867.2
1748212373717.0,9862.3,9867.3
1748212373816.0,9862.2,9867.2
1748212374016.0,9862.2,9867.2
1748212374115.0,9862.3,9867.3
1748212374314.0,9862.2,9867.2
1748212374515.0,9862.2,9867.2
1748212374615.0,9862.3,9867.3
1748212375054.0,9862.2,9867.2
1748212375418.0,9862.3,9867.3
1748212375519.0,9862.2,9867.2
1748212375727.0,9862.3,9867.3
1748212375950.0,9862.3,9867.3
1748212376051.0,9862.2,9867.2
1748212377798.0,9861.7,9866.7
1748212381554.0,9861.7,9866.7
1748212381654.0,9861.6,9866.6
1748212393174.0,9861.9,9866.9
1748212393275.0,9862.0,9867.0
1748212393473.0,9861.9,9866.9
1748212393643.0,9862.0,9867.0
1748212394180.0,9862.0,9867.0
1748212394379.0,9861.9,9866.9
1748212395009.0,9861.7,9866.7
1748212395346.0,9862.0,9867.0
1748212395446.0,9861.7,9866.7
1748212395675.0,9861.8,9866.8
1748212395774.0,9861.9,9866.9
1748212396036.0,9861.8,9866.8
1748212396137.0,9861.9,9866.9
1748212396736.0,9862.0,9867.0
1748212396937.0,9861.9,9866.9
1748212397236.0,9861.9,9866.9
1748212397337.0,9861.8,9866.8
1748212397622.0,9861.8,9866.8
1748212397922.0,9861.5,9866.5
1748212398237.0,9861.4,9866.4
1748212399278.0,9861.3,9866.3
1748212399378.0,9861.4,9866.4
1748212399751.0,9861.5,9866.5
1748212399952.0,9861.4,9866.4
1748212401142.0,9861.3,9866.3
1748212401542.0,9861.5,9866.5
1748212402086.0,9861.7,9866.7
1748212402284.0,9861.9,9866.9
1748212402760.0,9862.0,9867.0
1748212402859.0,9861.9,9866.9
1748212408742.0,9861.9,9866.9
1748212410008.0,9861.7,9866.7
1748212414765.0,9861.8,9866.8
1748212415054.0,9861.7,9866.7
1748212415153.0,9861.8,9866.8
1748212416212.0,9862.6,9867.6
1748212416313.0,9862.7,9867.7
1748212417599.0,9862.7,9867.7
1748212419838.0,9862.0,9867.0
1748212419939.0,9861.8,9866.8
1748212420139.0,9861.7,9866.7
1748212421651.0,9862.0,9867.0
1748212422358.0,9861.7,9866.7
1748212426630.0,9862.0,9867.0
1748212426730.0,9861.7,9866.7
1748212429558.0,9862.0,9867.0
1748212429706.0,9861.7,9866.7
1748212430619.0,9862.0,9867.0
1748212431939.0,9861.7,9866.7
1748212432039.0,9861.8,9866.8
1748212433205.0,9861.7,9866.7
1748212433304.0,9861.8,9866.8
1748212433819.0,9861.9,9866.9
1748212433920.0,9861.8,9866.8
1748212436046.0,9862.2,9867.2
1748212436585.0,9862.7,9867.7
1748212438435.0,9862.7,9867.7
1748212438536.0,9862.8,9867.8
1748212438637.0,9863.2,9868.2
1748212438937.0,9863.1,9868.1
1748212439035.0,9863.2,9868.2
1748212440010.0,9863.0,9868.0
1748212440445.0,9863.1,9868.1
1748212442220.0,9863.0,9868.0
1748212442375.0,9863.2,9868.2
1748212442724.0,9863.1,9868.1
1748212442823.0,9863.2,9868.2
1748212443030.0,9863.1,9868.1
1748212443130.0,9863.2,9868.2
1748212443506.0,9863.3,9868.3
1748212443705.0,9863.3,9868.3
1748212444004.0,9863.3,9868.3
1748212444305.0,9863.2,9868.2
1748212444532.0,9863.3,9868.3
1748212444841.0,9863.0,9868.0
1748212445356.0,9862.9,9867.9
1748212445558.0,9862.7,9867.7
1748212445801.0,9863.1,9868.1
1748212446308.0,9863.3,9868.3
1748212446510.0,9863.2,9868.2
1748212446952.0,9863.2,9868.2
1748212452609.0,9863.2,9868.2
1748212453046.0,9863.1,9868.1
1748212453145.0,9863.2,9868.2
1748212454145.0,9863.0,9868.0
1748212455807.0,9862.9,9867.9
1748212456198.0,9863.0,9868.0
1748212459147.0,9863.1,9868.1
1748212470008.0,9863.2,9868.2
1748212471118.0,9863.0,9868.0
1748212471219.0,9863.2,9868.2
1748212478407,,
1748212489868.0,9863.3,9868.3
1748212489968.0,9863.7,9868.7
1748212490298.0,9863.8,9868.8
1748212490500.0,9863.7,9868.7
1748212495544.0,9863.8,9868.8
1748212495644.0,9863.7,9868.7
1748212500292.0,9863.8,9868.8
1748212500517.0,9863.9,9868.9
1748212507490.0,9863.8,9868.8
1748212507693.0,9863.9,9868.9
1748212510603.0,9864.2,9869.2
1748212513986.0,9863.7,9868.7
1748212516414.0,9863.8,9868.8
1748212516631.0,9863.7,9868.7
1748212516732.0,9863.2,9868.2
1748212516846.0,9863.3,9868.3
1748212517059.0,9863.4,9868.4
1748212517159.0,9863.5,9868.5
1748212518459.0,9863.4,9868.4
1748212518716.0,9863.5,9868.5
1748212520751.0,9863.2,9868.2
1748212520951.0,9863.6,9868.6
1748212521087.0,9863.5,9868.5
1748212522503.0,9863.6,9868.6
1748212522804.0,9863.7,9868.7
1748212522952.0,9863.8,9868.8
1748212523053.0,9863.7,9868.7
1748212523153.0,9863.9,9868.9
1748212523353.0,9864.0,9869.0
1748212523504.0,9863.9,9868.9
1748212523705.0,9864.0,9869.0
1748212523910.0,9863.9,9868.9
1748212524108.0,9863.2,9868.2
1748212524397.0,9863.2,9868.2
1748212524599.0,9863.4,9868.4
1748212524799.0,9863.5,9868.5
1748212525215.0,9863.5,9868.5
1748212525462.0,9863.5,9868.5
1748212525649.0,9863.4,9868.4
1748212525748.0,9863.3,9868.3
1748212525987.0,9863.5,9868.5
1748212526102.0,9863.4,9868.4
1748212526320.0,9863.2,9868.2
1748212526520.0,9863.3,9868.3
1748212526719.0,9863.5,9868.5
1748212527125.0,9863.6,9868.6
1748212527324.0,9863.7,9868.7
1748212528150.0,9863.7,9868.7
1748212528721.0,9863.7,9868.7
1748212528921.0,9863.9,9868.9
1748212529329.0,9863.8,9868.8
1748212529430.0,9863.7,9868.7
1748212529529.0,9863.8,9868.8
1748212529730.0,9863.9,9868.9
1748212530029.0,9864.2,9869.2
1748212530429.0,9864.3,9869.3
1748212530695.0,9864.3,9869.3
1748212531035.0,9864.2,9869.2
1748212531336.0,9864.3,9869.3
1748212531545.0,9864.3,9869.3
1748212531883.0,9864.2,9869.2
1748212532183.0,9864.3,9869.3
1748212532383.0,9864.3,9869.3
1748212532484.0,9864.4,9869.4
1748212532936.0,9864.6,9869.6
1748212533136.0,9864.7,9869.7
1748212533336.0,9864.5,9869.5
1748212533436.0,9864.7,9869.7
1748212533537.0,9864.5,9869.5
1748212533693.0,9864.6,9869.6
1748212533792.0,9864.7,9869.7
1748212535326.0,9864.6,9869.6
1748212535426.0,9864.7,9869.7
1748212536075.0,9864.7,9869.7
1748212537363.0,9863.9,9868.9
1748212537607.0,9864.0,9869.0
1748212537805.0,9863.9,9868.9
1748212537977.0,9864.0,9869.0
1748212538277.0,9863.8,9868.8
1748212538538.0,9863.7,9868.7
1748212538638.0,9863.8,9868.8
1748212538738.0,9863.9,9868.9
1748212539124.0,9863.8,9868.8
1748212539325.0,9863.7,9868.7
1748212539654.0,9863.8,9868.8
1748212539877.0,9863.9,9868.9
1748212540652.0,9863.8,9868.8
1748212540753.0,9864.0,9869.0
1748212540852.0,9863.9,9868.9
1748212540952.0,9863.8,9868.8
1748212541195.0,9864.0,9869.0
1748212541309.0,9863.7,9868.7
1748212541812.0,9864.0,9869.0
1748212542016.0,9863.7,9868.7
1748212543004.0,9863.8,9868.8
1748212543205.0,9863.7,9868.7
1748212545115.0,9864.0,9869.0
1748212545315.0,9863.9,9868.9
1748212545503.0,9864.0,9869.0
1748212545703.0,9863.9,9868.9
1748212546160.0,9863.8,9868.8
1748212546260.0,9864.0,9869.0
1748212546451.0,9863.7,9868.7
1748212546596.0,9863.8,9868.8
1748212546798.0,9863.7,9868.7
1748212547120.0,9863.7,9868.7
1748212547220.0,9864.0,9869.0
1748212547448.0,9863.8,9868.8
1748212547563.0,9863.9,9868.9
1748212547659.0,9864.0,9869.0
1748212547932.0,9864.0,9869.0
1748212548104.0,9863.7,9868.7
1748212548287.0,9863.8,9868.8
1748212548493.0,9863.9,9868.9
1748212548649.0,9863.8,9868.8
1748212548852.0,9863.7,9868.7
1748212548993.0,9863.8,9868.8
1748212549195.0,9863.9,9868.9
1748212549296.0,9864.0,9869.0
1748212549442.0,9863.9,9868.9
1748212549623.0,9863.8,9868.8
1748212549824.0,9863.7,9868.7
1748212549958.0,9864.0,9869.0
1748212550166.0,9863.7,9868.7
1748212554936.0,9863.8,9868.8
1748212555033.0,9864.0,9869.0
1748212555132.0,9863.9,9868.9
1748212555233.0,9863.7,9868.7
1748212557249.0,9863.8,9868.8
1748212557349.0,9864.0,9869.0
1748212557449.0,9863.9,9868.9
1748212558277.0,9863.7,9868.7
1748212558534.0,9863.7,9868.7
1748212558634.0,9864.1,9869.1
1748212560008.0,9864.5,9869.5
1748212561139.0,9864.6,9869.6
1748212561385.0,9864.7,9869.7
1748212561485.0,9864.8,9869.8
1748212561684.0,9864.7,9869.7
1748212561790.0,9864.8,9869.8
1748212561891.0,9864.7,9869.7
1748212562211.0,9864.8,9869.8
1748212566933.0,9864.9,9869.9
1748212567031.0,9864.8,9869.8
1748212567565.0,9864.7,9869.7
1748212567814.0,9865.0,9870.0
1748212568073.0,9864.7,9869.7
1748212569274.0,9865.0,9870.0
1748212569375.0,9864.9,9869.9
1748212569574.0,9865.0,9870.0
1748212570209.0,9865.0,9870.0
1748212570310.0,9864.8,9869.8
1748212570509.0,9864.9,9869.9
1748212570709.0,9865.0,9870.0
1748212570889.0,9864.9,9869.9
1748212571056.0,9865.0,9870.0
1748212573144.0,9865.0,9870.0
1748212574416.0,9865.2,9870.2
1748212574897.0,9865.1,9870.1
1748212574997.0,9865.2,9870.2
1748212575198.0,9865.1,9870.1
1748212575298.0,9865.2,9870.2
1748212575616.0,9865.1,9870.1
1748212575716.0,9865.2,9870.2
1748212575824.0,9865.1,9870.1
1748212576024.0,9865.2,9870.2
1748212578659.0,9865.3,9870.3
1748212578759.0,9865.7,9870.7
1748212578859.0,9865.4,9870.4
1748212579059.0,9865.5,9870.5
1748212580104.0,9865.2,9870.2
1748212580204.0,9865.3,9870.3
1748212580368.0,9865.4,9870.4
1748212580468.0,9865.3,9870.3
1748212580690.0,9865.5,9870.5
1748212581145.0,9865.4,9870.4
1748212581245.0,9865.5,9870.5
1748212581469.0,9865.4,9870.4
1748212581568.0,9865.5,9870.5
1748212581694.0,9865.2,9870.2
1748212582514.0,9865.3,9870.3
1748212582613.0,9865.5,9870.5
1748212582940.0,9865.2,9870.2
1748212583040.0,9865.3,9870.3
1748212583187.0,9865.2,9870.2
1748212583287.0,9865.5,9870.5
1748212583537.0,9865.5,9870.5
1748212583654.0,9865.2,9870.2
1748212583755.0,9865.5,9870.5
1748212583931.0,9865.4,9870.4
1748212584149.0,9865.4,9870.4
1748212584249.0,9865.5,9870.5
1748212584414.0,9865.4,9870.4
1748212584515.0,9865.5,9870.5
1748212584779.0,9865.4,9870.4
1748212584879.0,9865.3,9870.3
1748212585089.0,9865.3,9870.3
1748212585207.0,9865.2,9870.2
1748212585307.0,9865.3,9870.3
1748212585504.0,9865.4,9870.4
1748212585602.0,9865.3,9870.3
1748212586340.0,9865.4,9870.4
1748212586440.0,9865.5,9870.5
1748212586568.0,9865.2,9870.2
1748212586668.0,9865.3,9870.3
1748212586868.0,9865.3,9870.3
1748212586976.0,9865.4,9870.4
1748212587253.0,9865.4,9870.4
1748212587353.0,9865.2,9870.2
1748212587453.0,9865.5,9870.5
1748212587863.0,9865.3,9870.3
1748212588199.0,9865.5,9870.5
1748212588530.0,9865.5,9870.5
1748212589325.0,9865.4,9870.4
1748212589426.0,9865.3,9870.3
1748212590008.0,9865.5,9870.5
1748212590361.0,9865.7,9870.7
1748212592482.0,9865.5,9870.5
1748212598047.0,9865.8,9870.8
1748212604370.0,9865.7,9870.7
1748212604469.0,9865.8,9870.8
1748212604684.0,9865.7,9870.7
1748212604781.0,9865.8,9870.8
1748212604884.0,9866.2,9871.2
1748212605182.0,9866.1,9871.1
1748212605632.0,9866.5,9871.5
1748212605733.0,9866.4,9871.4
1748212606033.0,9866.2,9871.2
1748212606134.0,9866.0,9871.0
1748212606423.0,9866.5,9871.5
1748212606522.0,9866.2,9871.2
1748212606783.0,9866.4,9871.4
1748212607610.0,9866.0,9871.0
1748212607982.0,9866.4,9871.4
1748212608200.0,9866.4,9871.4
1748212608476.0,9866.2,9871.2
1748212608576.0,9866.4,9871.4
1748212608790.0,9866.5,9871.5
1748212608889.0,9866.4,9871.4
1748212608988.0,9866.2,9871.2
1748212609189.0,9866.4,9871.4
1748212609488.0,9866.4,9871.4
1748212609790.0,9866.4,9871.4
1748212609889.0,9866.5,9871.5
1748212609991.0,9866.4,9871.4
1748212610397.0,9866.2,9871.2
1748212610499.0,9866.4,9871.4
1748212610597.0,9866.2,9871.2
1748212611057.0,9866.5,9871.5
1748212611156.0,9866.2,9871.2
1748212611256.0,9866.4,9871.4
1748212611490.0,9866.5,9871.5
1748212611590.0,9866.2,9871.2
1748212611689.0,9866.0,9871.0
1748212611889.0,9866.4,9871.4
1748212612091.0,9866.2,9871.2
1748212612416.0,9866.4,9871.4
1748212612616.0,9866.4,9871.4
1748212612716.0,9866.2,9871.2
1748212612916.0,9866.3,9871.3
1748212613053.0,9866.2,9871.2
1748212613259.0,9866.5,9871.5
1748212613460.0,9866.2,9871.2
1748212620015.0,9866.0,9871.0
1748212620135.0,9865.7,9870.7
1748212620235.0,9866.0,9871.0
1748212620835.0,9865.7,9870.7
1748212622511.0,9865.0,9870.0
1748212623920.0,9865.4,9870.4
1748212624020.0,9865.0,9870.0
1748212624990.0,9865.1,9870.1
1748212625188.0,9865.3,9870.3
1748212625290.0,9865.2,9870.2
1748212625489.0,9865.5,9870.5
1748212625591.0,9865.4,9870.4
1748212625689.0,9865.2,9870.2
1748212625798.0,9865.5,9870.5
1748212626099.0,9865.4,9870.4
1748212626312.0,9865.4,9870.4
1748212626513.0,9865.3,9870.3
1748212626784.0,9865.4,9870.4
1748212626885.0,9865.5,9870.5
1748212638020.0,9865.4,9870.4
1748212638119.0,9865.2,9870.2
1748212639055.0,9865.5,9870.5
1748212639356.0,9865.3,9870.3
1748212639457.0,9865.2,9870.2
1748212639555.0,9865.5,9870.5
1748212639757.0,9865.5,9870.5
1748212640070.0,9865.4,9870.4
1748212640349.0,9865.5,9870.5
1748212641792.0,9865.4,9870.4
1748212641892.0,9865.5,9870.5
1748212642291.0,9865.5,9870.5
1748212642422.0,9865.4,9870.4
1748212642622.0,9865.5,9870.5
1748212643391.0,9865.4,9870.4
1748212643492.0,9865.5,9870.5
1748212643690.0,9865.4,9870.4
1748212643791.0,9865.5,9870.5
1748212644057.0,9865.3,9870.3
1748212644640.0,9865.5,9870.5
1748212644790.0,9865.2,9870.2
1748212644891.0,9865.5,9870.5
1748212645055.0,9865.4,9870.4
1748212645155.0,9865.3,9870.3
1748212645255.0,9865.5,9870.5
1748212645356.0,9865.4,9870.4
1748212645555.0,9865.5,9870.5
1748212649408.0,9865.2,9870.2
1748212650059.0,9865.0,9870.0
1748212650159.0,9865.4,9870.4
1748212650360.0,9865.3,9870.3
1748212650460.0,9865.4,9870.4
1748212651106.0,9865.0,9870.0
1748212652403.0,9864.9,9869.9
1748212652636.0,9864.7,9869.7
1748212652737.0,9864.8,9869.8
1748212654398.0,9864.9,9869.9
1748212654500.0,9864.8,9869.8
1748212654680.0,9864.9,9869.9
1748212654780.0,9864.8,9869.8
1748212654935.0,9864.9,9869.9
1748212655154.0,9864.7,9869.7
1748212655253.0,9864.8,9869.8
1748212657542.0,9864.7,9869.7
1748212657641.0,9864.8,9869.8
1748212657817.0,9864.7,9869.7
1748212657918.0,9864.8,9869.8
1748212660895.0,9864.7,9869.7
1748212660995.0,9864.8,9869.8
1748212662309.0,9864.9,9869.9
1748212662409.0,9864.8,9869.8
1748212662556.0,9864.9,9869.9
1748212662656.0,9865.0,9870.0
1748212663745.0,9864.7,9869.7
1748212663845.0,9864.8,9869.8
1748212664400.0,9864.7,9869.7
1748212664501.0,9864.8,9869.8
1748212664713.0,9864.9,9869.9
1748212664812.0,9864.8,9869.8
1748212665006.0,9865.0,9870.0
1748212666649.0,9865.1,9870.1
1748212666748.0,9865.2,9870.2
1748212667122.0,9865.3,9870.3
1748212667629.0,9865.2,9870.2
1748212667730.0,9865.5,9870.5
1748212668305.0,9865.2,9870.2
1748212668405.0,9865.3,9870.3
1748212669515.0,9865.4,9870.4
1748212669615.0,9865.5,9870.5
1748212669824.0,9865.5,9870.5
1748212669961.0,9865.4,9870.4
1748212670162.0,9865.6,9870.6
1748212670263.0,9865.8,9870.8
1748212670487.0,9865.7,9870.7
1748212670587.0,9865.8,9870.8
1748212671184.0,9865.9,9870.9
1748212675476.0,9865.6,9870.6
1748212680014.0,9865.7,9870.7
1748212680215.0,9864.5,9869.5
1748212685165.0,9864.6,9869.6
1748212685266.0,9865.0,9870.0
1748212686021.0,9865.0,9870.0
1748212686458.0,9864.7,9869.7
1748212687193.0,9865.0,9870.0
1748212687703.0,9864.7,9869.7
1748212690126.0,9864.6,9869.6
1748212690502.0,9864.4,9869.4
1748212691228.0,9864.3,9869.3
1748212691329.0,9864.2,9869.2
1748212691603.0,9864.3,9869.3
1748212691802.0,9864.2,9869.2
1748212692782.0,9864.7,9869.7
1748212694325.0,9864.4,9869.4
1748212694425.0,9864.2,9869.2
1748212695373.0,9864.3,9869.3
1748212695774.0,9864.3,9869.3
1748212695873.0,9864.2,9869.2
1748212696074.0,9864.5,9869.5
1748212696287.0,9864.3,9869.3
1748212696385.0,9864.4,9869.4
1748212696584.0,9864.5,9869.5
1748212696886.0,9865.0,9870.0
1748212696985.0,9864.9,9869.9
1748212697185.0,9864.9,9869.9
1748212697370.0,9864.8,9869.8
1748212697471.0,9864.9,9869.9
1748212703803.0,9865.0,9870.0
1748212703902.0,9864.7,9869.7
1748212704103.0,9865.0,9870.0
1748212704202.0,9864.9,9869.9
1748212704403.0,9865.0,9870.0
1748212705406.0,9865.2,9870.2
1748212709893.0,9865.3,9870.3
1748212709993.0,9865.2,9870.2
1748212710485.0,9865.2,9870.2
1748212710778.0,9865.3,9870.3
1748212710977.0,9865.2,9870.2
1748212711179.0,9865.3,9870.3
1748212711379.0,9865.2,9870.2
1748212711479.0,9865.3,9870.3
1748212712059.0,9865.2,9870.2
1748212712210.0,9865.3,9870.3
1748212712309.0,9865.2,9870.2
1748212714025.0,9865.3,9870.3
1748212715102.0,9865.2,9870.2
1748212715301.0,9865.2,9870.2
1748212715502.0,9865.0,9870.0
1748212715812.0,9864.9,9869.9
1748212715912.0,9864.8,9869.8
1748212716598.0,9864.9,9869.9
1748212716799.0,9864.6,9869.6
1748212717029.0,9864.5,9869.5
1748212717128.0,9864.2,9869.2
1748212717229.0,9864.3,9869.3
1748212717432.0,9864.5,9869.5
1748212717786.0,9864.4,9869.4
1748212718085.0,9864.5,9869.5
1748212722327.0,9864.4,9869.4
1748212722426.0,9864.2,9869.2
1748212724605.0,9864.3,9869.3
1748212724807.0,9864.3,9869.3
1748212724905.0,9864.5,9869.5
1748212725306.0,9864.4,9869.4
1748212725505.0,9864.4,9869.4
1748212725607.0,9864.5,9869.5
1748212726062.0,9864.4,9869.4
1748212726164.0,9864.2,9869.2
1748212727069.0,9865.0,9870.0
1748212734632.0,9865.1,9870.1
1748212734731.0,9865.0,9870.0
1748212736650.0,9864.7,9869.7
1748212737570.0,9865.0,9870.0
1748212737668.0,9864.9,9869.9
1748212739102.0,9864.5,9869.5
1748212739596.0,9864.2,9869.2
1748212740007.0,9864.0,9869.0
1748212743352.0,9864.2,9869.2
1748212743751.0,9864.5,9869.5
1748212743969.0,9864.5,9869.5
1748212744269.0,9864.4,9869.4
1748212744369.0,9864.5,9869.5
1748212744668.0,9864.4,9869.4
1748212744868.0,9864.5,9869.5
1748212745097.0,9864.4,9869.4
1748212745298.0,9864.5,9869.5
1748212745645.0,9864.4,9869.4
1748212745746.0,9864.3,9869.3
1748212745940.0,9864.2,9869.2
1748212746040.0,9864.5,9869.5
1748212751204.0,9864.2,9869.2
1748212751752.0,9864.5,9869.5
1748212752334.0,9864.2,9869.2
1748212752645.0,9864.3,9869.3
1748212752760.0,9864.2,9869.2
1748212752963.0,9864.4,9869.4
1748212753163.0,9864.5,9869.5
1748212753380.0,9864.4,9869.4
1748212753612.0,9864.4,9869.4
1748212753813.0,9864.5,9869.5
1748212754088.0,9864.4,9869.4
1748212754190.0,9864.3,9869.3
1748212755009.0,9864.5,9869.5
1748212760185.0,9864.1,9869.1
1748212766578.0,9864.5,9869.5
1748212766895.0,9864.2,9869.2
1748212767123.0,9864.3,9869.3
1748212767522.0,9864.3,9869.3
1748212767623.0,9864.5,9869.5
1748212768055.0,9864.4,9869.4
1748212768155.0,9864.5,9869.5
1748212768518.0,9864.2,9869.2
1748212768718.0,9864.3,9869.3
1748212769190.0,9864.4,9869.4
1748212769389.0,9864.4,9869.4
1748212769490.0,9864.5,9869.5
1748212769689.0,9864.5,9869.5
1748212770066.0,9864.4,9869.4
1748212773332.0,9864.7,9869.7
1748212774344.0,9864.9,9869.9
1748212774444.0,9864.7,9869.7
1748212774754.0,9864.8,9869.8
1748212780470.0,9864.7,9869.7
1748212780568.0,9864.8,9869.8
1748212784291.0,9864.8,9869.8
1748212785008.0,9865.0,9870.0
1748212785971.0,9865.0,9870.0
1748212790674.0,9864.7,9869.7
1748212791286.0,9865.0,9870.0
1748212791386.0,9864.8,9869.8
1748212791486.0,9865.0,9870.0
1748212791586.0,9864.8,9869.8
1748212791838.0,9864.9,9869.9
1748212792038.0,9865.0,9870.0
1748212794143.0,9864.8,9869.8
1748212800011.0,9865.0,9870.0
1748212800296.0,9865.2,9870.2
1748212804549.0,9865.3,9870.3
1748212804849.0,9865.3,9870.3
1748212804949.0,9865.2,9870.2
1748212816686.0,9865.1,9870.1
1748212819345.0,9865.2,9870.2
1748212819445.0,9864.7,9869.7
1748212820676.0,9864.6,9869.6
1748212820776.0,9864.4,9869.4
1748212821158.0,9864.7,9869.7
1748212838301.0,9864.8,9869.8
1748212838502.0,9864.9,9869.9
1748212838846.0,9865.0,9870.0
1748212839568.0,9864.7,9869.7
1748212839768.0,9864.9,9869.9
1748212845011.0,9864.7,9869.7
1748212845551.0,9865.0,9870.0
1748212845752.0,9864.9,9869.9
1748212845951.0,9865.0,9870.0
1748212846296.0,9864.9,9869.9
1748212846496.0,9864.9,9869.9
1748212846596.0,9865.0,9870.0
1748212847739.0,9864.7,9869.7
1748212847840.0,9864.8,9869.8
1748212848352.0,9864.7,9869.7
1748212849841.0,9864.8,9869.8
1748212849942.0,9865.0,9870.0
1748212851111.0,9864.7,9869.7
1748212851231.0,9865.0,9870.0
1748212851482.0,9864.9,9869.9
1748212851927.0,9864.8,9869.8
1748212852536.0,9865.0,9870.0
1748212853837.0,9864.7,9869.7
1748212853936.0,9864.8,9869.8
1748212854073.0,9864.9,9869.9
1748212854173.0,9864.7,9869.7
1748212854602.0,9865.0,9870.0
1748212855462.0,9864.9,9869.9
1748212855689.0,9864.7,9869.7
1748212855792.0,9864.8,9869.8
1748212856795.0,9864.7,9869.7
1748212857463.0,9865.0,9870.0
1748212860213.0,9864.8,9869.8
1748212860313.0,9865.0,9870.0
1748212860413.0,9864.9,9869.9
1748212860797.0,9865.0,9870.0
1748212861065.0,9864.9,9869.9
1748212861165.0,9865.0,9870.0
1748212861766.0,9865.0,9870.0
1748212862090.0,9864.9,9869.9
1748212862189.0,9865.0,9870.0
1748212863415.0,9864.7,9869.7
1748212863728.0,9864.9,9869.9
1748212863828.0,9865.0,9870.0
1748212864181.0,9865.0,9870.0
1748212864480.0,9864.8,9869.8
1748212864580.0,9865.0,9870.0
1748212864780.0,9865.0,9870.0
1748212864981.0,9864.9,9869.9
1748212865259.0,9865.0,9870.0
1748212865359.0,9864.9,9869.9
1748212865574.0,9864.7,9869.7
1748212865855.0,9864.4,9869.4
1748212866056.0,9864.4,9869.4
1748212866349.0,9864.2,9869.2
1748212867271.0,9864.1,9869.1
1748212867372.0,9864.2,9869.2
1748212869659.0,9864.4,9869.4
1748212869758.0,9864.5,9869.5
1748212869858.0,9864.4,9869.4
1748212872190.0,9864.3,9869.3
1748212872546.0,9864.3,9869.3
1748212872673.0,9864.4,9869.4
1748212872873.0,9864.1,9869.1
1748212872973.0,9864.3,9869.3
1748212873673.0,9864.4,9869.4
1748212874055.0,9864.3,9869.3
1748212874154.0,9864.2,9869.2
1748212874355.0,9864.3,9869.3
1748212874456.0,9864.4,9869.4
1748212874655.0,9864.3,9869.3
1748212875070.0,9864.3,9869.3
1748212875371.0,9864.4,9869.4
1748212875471.0,9864.3,9869.3
1748212875671.0,9864.4,9869.4
1748212875770.0,9864.2,9869.2
1748212875971.0,9864.4,9869.4
1748212876070.0,9864.3,9869.3
1748212876625.0,9864.3,9869.3
1748212876960.0,9864.4,9869.4
1748212877160.0,9864.4,9869.4
1748212877558.0,9864.3,9869.3
1748212877657.0,9864.1,9869.1
1748212877758.0,9864.2,9869.2
1748212877934.0,9864.1,9869.1
1748212878033.0,9864.4,9869.4
1748212878242.0,9864.3,9869.3
1748212878444.0,9864.4,9869.4
1748212878543.0,9864.3,9869.3
1748212878744.0,9864.7,9869.7
1748212879142.0,9864.8,9869.8
1748212879363.0,9864.4,9869.4
1748212880067.0,9864.6,9869.6
1748212880977.0,9864.3,9869.3
1748212881077.0,9864.2,9869.2
1748212881382.0,9864.1,9869.1
1748212881580.0,9864.4,9869.4
1748212881680.0,9864.3,9869.3
1748212884455.0,9864.2,9869.2
1748212884755.0,9864.4,9869.4
1748212884989.0,9864.3,9869.3
1748212885090.0,9864.8,9869.8
1748212885498.0,9864.7,9869.7
1748212885598.0,9864.8,9869.8
1748212885798.0,9864.3,9869.3
1748212885898.0,9863.8,9868.8
1748212889610.0,9863.8,9868.8
1748212889814.0,9863.8,9868.8
1748212890262.0,9863.9,9868.9
1748212891372.0,9863.8,9868.8
1748212893190.0,9863.5,9868.5
1748212893391.0,9863.5,9868.5
1748212893490.0,9863.6,9868.6
1748212893691.0,9861.9,9866.9
1748212894131.0,9862.0,9867.0
1748212894230.0,9861.8,9866.8
1748212894464.0,9861.6,9866.6
1748212894678.0,9861.9,9866.9
1748212894879.0,9861.8,9866.8
1748212895052.0,9861.7,9866.7
1748212895258.0,9861.9,9866.9
1748212895497.0,9861.9,9866.9
1748212895595.0,9862.0,9867.0
1748212896666.0,9861.7,9866.7
1748212896769.0,9862.0,9867.0
1748212897415.0,9861.9,9866.9
1748212897515.0,9862.0,9867.0
1748212898050.0,9861.6,9866.6
1748212898297.0,9861.6,9866.6
1748212900220.0,9861.9,9866.9
1748212900419.0,9862.0,9867.0
1748212900721.0,9861.7,9866.7
1748212901020.0,9861.7,9866.7
1748212901120.0,9861.8,9866.8
1748212901371.0,9861.9,9866.9
1748212901471.0,9862.0,9867.0
1748212901781.0,9861.9,9866.9
1748212901981.0,9861.7,9866.7
1748212902280.0,9861.7,9866.7
1748212902581.0,9862.0,9867.0
1748212902681.0,9861.7,9866.7
1748212903353.0,9861.8,9866.8
1748212903452.0,9862.0,9867.0
1748212903718.0,9861.7,9866.7
1748212905055.0,9862.0,9867.0
1748212906580.0,9861.7,9866.7
1748212906780.0,9861.8,9866.8
1748212907741.0,9861.9,9866.9
1748212907841.0,9862.0,9867.0
1748212908041.0,9861.7,9866.7
1748212908142.0,9862.0,9867.0
1748212908341.0,9861.7,9866.7
1748212908441.0,9861.8,9866.8
1748212908641.0,9861.8,9866.8
1748212909057.0,9862.0,9867.0
1748212909357.0,9861.8,9866.8
1748212909558.0,9861.9,9866.9
1748212909732.0,9861.7,9866.7
1748212909960.0,9861.7,9866.7
1748212910059.0,9862.0,9867.0
1748212910260.0,9861.7,9866.7
1748212910360.0,9861.9,9866.9
1748212910559.0,9861.9,9866.9
1748212910660.0,9861.7,9866.7
1748212911185.0,9862.0,9867.0
1748212911292.0,9861.9,9866.9
1748212911391.0,9862.0,9867.0
1748212911592.0,9861.7,9866.7
1748212911791.0,9861.7,9866.7
1748212912194.0,9861.4,9866.4
1748212912394.0,9861.0,9866.0
1748212912523.0,9861.4,9866.4
1748212912824.0,9861.6,9866.6
1748212912923.0,9861.4,9866.4
1748212913124.0,9861.4,9866.4
1748212913524.0,9861.6,9866.6
1748212914063.0,9861.2,9866.2
1748212914164.0,9861.4,9866.4
1748212914563.0,9861.5,9866.5
1748212922885.0,9861.5,9866.5
1748212923015.0,9861.4,9866.4
1748212923115.0,9861.2,9866.2
1748212934174.0,9861.2,9866.2
1748212934664.0,9861.5,9866.5
1748212935108.0,9861.1,9866.1
1748212936860.0,9861.4,9866.4
1748212940066.0,9861.5,9866.5
1748212941665.0,9862.0,9867.0
1748212945112.0,9861.9,9866.9
1748212945313.0,9861.9,9866.9
1748212945512.0,9862.0,9867.0
1748212945612.0,9861.9,9866.9
1748212946641.0,9861.5,9866.5
1748212946842.0,9861.5,9866.5
1748212947460.0,9861.7,9866.7
1748212950014.0,9861.5,9866.5
1748212951352.0,9862.0,9867.0
1748212953619.0,9861.7,9866.7
1748212954718.0,9861.9,9866.9
1748212954819.0,9861.7,9866.7
1748212955171.0,9862.0,9867.0
1748212955272.0,9861.7,9866.7
1748212955407.0,9861.9,9866.9
1748212955607.0,9861.7,9866.7
1748212959026.0,9861.6,9866.6
1748212959126.0,9861.5,9866.5
1748212959227.0,9861.7,9866.7
1748212960275.0,9861.5,9866.5
1748212960378.0,9861.7,9866.7
1748212961598.0,9861.6,9866.6
1748212961699.0,9861.7,9866.7
1748212965010.0,9861.5,9866.5
1748212966995.0,9861.7,9866.7
1748212967094.0,9861.6,9866.6
1748212967294.0,9861.7,9866.7
1748212968255.0,9861.7,9866.7
1748212969354.0,9861.5,9866.5
1748212969453.0,9861.7,9866.7
1748212970462.0,9861.5,9866.5
1748212970560.0,9861.7,9866.7
1748212971773.0,9861.6,9866.6
1748212972133.0,9861.7,9866.7
1748212972332.0,9861.7,9866.7
1748212973211.0,9861.9,9866.9
1748212973311.0,9861.7,9866.7
1748212973711.0,9861.9,9866.9
1748212974061.0,9861.7,9866.7
1748212975074.0,9862.0,9867.0
1748212977800.0,9861.7,9866.7
1748212978806.0,9862.0,9867.0
1748212979373.0,9862.1,9867.1
1748212980008.0,9862.5,9867.5
1748212985095.0,9862.5,9867.5
1748212985685.0,9862.6,9867.6
1748212985784.0,9862.5,9867.5
1748212988355,,
1748212988551.0,9862.6,9867.6
1748212988651.0,9862.5,9867.5
1748212989052.0,9862.5,9867.5
1748212989715.0,9862.6,9867.6
1748212989814.0,9862.5,9867.5
1748212990321.0,9862.4,9867.4
1748212990420.0,9862.5,9867.5
1748212990626.0,9862.4,9867.4
1748212990727.0,9862.5,9867.5
1748212990825.0,9862.4,9867.4
1748212992831.0,9862.3,9867.3
1748212992932.0,9862.2,9867.2
1748212996495.0,9862.2,9867.2
1748212997108.0,9862.0,9867.0
1748212999079.0,9862.1,9867.1
1748213004166.0,9862.3,9867.3
1748213010008.0,9862.5,9867.5
1748213010762.0,9862.4,9867.4
1748213010863.0,9862.3,9867.3
1748213011262.0,9862.2,9867.2
1748213013006.0,9862.0,9867.0
1748213013126.0,9862.1,9867.1
1748213013860.0,9862.0,9867.0
1748213016033.0,9862.1,9867.1
1748213018815.0,9862.5,9867.5
1748213018915.0,9862.4,9867.4
1748213023515.0,9862.3,9867.3
1748213023614.0,9862.4,9867.4
1748213025014.0,9862.2,9867.2
1748213030956.0,9862.5,9867.5
1748213031157.0,9862.5,9867.5
1748213031457.0,9862.2,9867.2
1748213035409.0,9862.0,9867.0
1748213035634.0,9862.1,9867.1
1748213035848.0,9862.0,9867.0
1748213035949.0,9862.1,9867.1
1748213036049.0,9862.2,9867.2
1748213036912.0,9862.0,9867.0
1748213037011.0,9862.2,9867.2
1748213037547.0,9862.0,9867.0
1748213037647.0,9862.2,9867.2
1748213038833.0,9862.0,9867.0
1748213038933.0,9862.2,9867.2
1748213040007.0,9862.0,9867.0
1748213040207.0,9862.2,9867.2
1748213043968.0,9862.0,9867.0
1748213044698.0,9862.1,9867.1
1748213045556.0,9862.2,9867.2
1748213046220.0,9862.0,9867.0
1748213046320.0,9862.2,9867.2
1748213047427.0,9862.0,9867.0
1748213047728.0,9862.2,9867.2
1748213050267.0,9862.1,9867.1
1748213050466.0,9862.2,9867.2
1748213051560.0,9862.1,9867.1
1748213052134.0,9862.2,9867.2
1748213052955.0,9862.1,9867.1
1748213053056.0,9862.2,9867.2
1748213053186.0,9862.0,9867.0
1748213053288.0,9862.2,9867.2
1748213054354.0,9862.1,9867.1
1748213055010.0,9862.2,9867.2
1748213065101.0,9862.5,9867.5
1748213065375.0,9862.4,9867.4
1748213065474.0,9862.3,9867.3
1748213065895.0,9862.2,9867.2
1748213065993.0,9862.3,9867.3
1748213066093.0,9862.5,9867.5
1748213066392.0,9862.4,9867.4
1748213066493.0,9862.5,9867.5
1748213066701.0,9862.4,9867.4
1748213066903.0,9862.4,9867.4
1748213067002.0,9862.5,9867.5
1748213067502.0,9862.5,9867.5
1748213067603.0,9862.3,9867.3
1748213067802.0,9862.5,9867.5
1748213068166.0,9862.5,9867.5
1748213068488.0,9862.4,9867.4
1748213068687.0,9862.5,9867.5
1748213068815.0,9862.2,9867.2
1748213069015.0,9862.5,9867.5
1748213069215.0,9862.3,9867.3
1748213069440.0,9862.4,9867.4
1748213069641.0,9862.4,9867.4
1748213069740.0,9862.5,9867.5
1748213069985.0,9862.5,9867.5
1748213070333.0,9862.4,9867.4
1748213070432.0,9862.5,9867.5
1748213070531.0,9862.3,9867.3
1748213072360.0,9862.7,9867.7
1748213077271.0,9862.8,9867.8
1748213077371.0,9862.7,9867.7
1748213077830.0,9862.8,9867.8
1748213077932.0,9862.7,9867.7
1748213078031.0,9862.8,9867.8
1748213078132.0,9862.7,9867.7
1748213096941.0,9862.8,9867.8
1748213097041.0,9862.7,9867.7
1748213097699.0,9862.8,9867.8
1748213097798.0,9862.7,9867.7
1748213098145.0,9862.8,9867.8
1748213098346.0,9862.7,9867.7
1748213098855.0,9862.8,9867.8
1748213099266.0,9862.8,9867.8
1748213099366.0,9862.7,9867.7
1748213099567.0,9862.8,9867.8
1748213099766.0,9862.7,9867.7
1748213100219.0,9862.8,9867.8
1748213100318.0,9862.7,9867.7
1748213100459.0,9862.8,9867.8
1748213100660.0,9862.7,9867.7
1748213100918.0,9862.8,9867.8
1748213101018.0,9862.7,9867.7
1748213101634.0,9862.8,9867.8
1748213101734.0,9862.7,9867.7
1748213101848.0,9862.8,9867.8
1748213102048.0,9862.8,9867.8
1748213102148.0,9862.7,9867.7
1748213102789.0,9862.8,9867.8
1748213102990.0,9862.7,9867.7
1748213103309.0,9862.7,9867.7
1748213103608.0,9862.8,9867.8
1748213103808.0,9862.7,9867.7
1748213104328.0,9862.8,9867.8
1748213104428.0,9862.7,9867.7
1748213104866.0,9862.7,9867.7
1748213105432.0,9862.8,9867.8
1748213105533.0,9862.7,9867.7
1748213105917.0,9862.8,9867.8
1748213106016.0,9862.7,9867.7
1748213106275.0,9862.8,9867.8
1748213106374.0,9862.7,9867.7
1748213106565.0,9862.8,9867.8
1748213106763.0,9862.8,9867.8
1748213106864.0,9862.7,9867.7
1748213107460.0,9862.8,9867.8
1748213107660.0,9862.8,9867.8
1748213108084.0,9862.7,9867.7
1748213108185.0,9862.8,9867.8
1748213108551.0,9862.7,9867.7
1748213108651.0,9862.8,9867.8
1748213109097.0,9862.7,9867.7
1748213109197.0,9863.5,9868.5
1748213109555.0,9863.7,9868.7
1748213109688.0,9863.8,9868.8
1748213110296.0,9863.7,9868.7
1748213110396.0,9864.2,9869.2
1748213111613.0,9864.3,9869.3
1748213111712.0,9864.2,9869.2
1748213120511.0,9864.3,9869.3
1748213120761.0,9864.2,9869.2
1748213123203.0,9863.7,9868.7
1748213123304.0,9863.4,9868.4
1748213123469.0,9863.3,9868.3
1748213123570.0,9863.4,9868.4
1748213124597.0,9862.8,9867.8
1748213126030.0,9862.7,9867.7
1748213126245.0,9862.7,9867.7
1748213126343.0,9862.8,9867.8
1748213126813.0,9862.9,9867.9
1748213126914.0,9863.0,9868.0
1748213128451.0,9863.0,9868.0
1748213128551.0,9862.7,9867.7
1748213129066.0,9862.7,9867.7
1748213130008.0,9862.5,9867.5
1748213131861.0,9862.4,9867.4
1748213132061.0,9862.4,9867.4
1748213132162.0,9862.0,9867.0
1748213136469.0,9861.9,9866.9
1748213136569.0,9861.5,9866.5
1748213137087.0,9862.4,9867.4
1748213137361.0,9862.3,9867.3
1748213137461.0,9862.4,9867.4
1748213137760.0,9862.3,9867.3
1748213138070.0,9862.0,9867.0
1748213138367.0,9862.0,9867.0
1748213138648.0,9862.0,9867.0
1748213139381.0,9861.9,9866.9
1748213139581.0,9862.0,9867.0
1748213139681.0,9861.9,9866.9
1748213139881.0,9862.4,9867.4
1748213140082.0,9862.4,9867.4
1748213140180.0,9862.2,9867.2
1748213140462.0,9862.1,9867.1
1748213141389.0,9862.1,9867.1
1748213141491.0,9862.2,9867.2
1748213145016.0,9862.0,9867.0
1748213146419.0,9861.9,9866.9
1748213146520.0,9862.0,9867.0
1748213146810.0,9861.9,9866.9
1748213146910.0,9862.4,9867.4
1748213147393.0,9862.1,9867.1
1748213147493.0,9862.4,9867.4
1748213147593.0,9862.2,9867.2
1748213147965.0,9862.2,9867.2
1748213148064.0,9862.4,9867.4
1748213148164.0,9862.1,9867.1
1748213148365.0,9862.2,9867.2
1748213148677.0,9862.1,9867.1
1748213148776.0,9862.4,9867.4
1748213149860.0,9861.9,9866.9
1748213149960.0,9862.2,9867.2
1748213150216.0,9862.1,9867.1
1748213150534.0,9862.1,9867.1
1748213150857.0,9862.1,9867.1
1748213150958.0,9861.5,9866.5
1748213151158.0,9862.1,9867.1
1748213151499.0,9862.3,9867.3
1748213151612.0,9862.1,9867.1
1748213151813.0,9862.3,9867.3
1748213152112.0,9861.5,9866.5
1748213152394.0,9861.9,9866.9
1748213152493.0,9862.3,9867.3
1748213152693.0,9862.1,9867.1
1748213154619.0,9862.4,9867.4
1748213154719.0,9862.3,9867.3
1748213155062.0,9862.1,9867.1
1748213155816.0,9862.1,9867.1
1748213156817.0,9862.2,9867.2
1748213157018.0,9862.1,9867.1
1748213159678.0,9861.5,9866.5
1748213160020.0,9862.1,9867.1
1748213160121.0,9861.5,9866.5
1748213160321.0,9862.1,9867.1
1748213161294.0,9861.5,9866.5
1748213161687.0,9862.1,9867.1
1748213162675.0,9861.5,9866.5
1748213162774.0,9862.1,9867.1
1748213166222.0,9861.5,9866.5
1748213166322.0,9862.1,9867.1
1748213166535.0,9862.3,9867.3
1748213166634.0,9862.1,9867.1
1748213167589.0,9860.7,9865.7
1748213167772.0,9860.5,9865.5
1748213176327.0,9860.7,9865.7
1748213179157.0,9861.0,9866.0
1748213183048.0,9861.1,9866.1
1748213183148.0,9861.0,9866.0
1748213183248.0,9861.3,9866.3
1748213188460.0,9861.0,9866.0
1748213188560.0,9861.3,9866.3
1748213189148.0,9861.0,9866.0
1748213189250.0,9861.3,9866.3
1748213189631.0,9861.0,9866.0
1748213189732.0,9861.1,9866.1
1748213190008.0,9861.3,9866.3
1748213191503.0,9861.2,9866.2
1748213191603.0,9861.1,9866.1
1748213202294.0,9861.2,9866.2
1748213205012.0,9861.0,9866.0
1748213206481.0,9860.9,9865.9
1748213206682.0,9861.0,9866.0
1748213206781.0,9860.9,9865.9
1748213207076.0,9860.9,9865.9
1748213207258.0,9861.2,9866.2
1748213207456.0,9861.1,9866.1
1748213207657.0,9861.2,9866.2
1748213219406.0,9860.5,9865.5
1748213227057,,
1748213230065.0,9860.9,9865.9
1748213230399.0,9860.9,9865.9
1748213232620.0,9860.9,9865.9
1748213233065.0,9860.5,9865.5
1748213233364.0,9860.9,9865.9
1748213234205.0,9860.9,9865.9
1748213234404.0,9861.5,9866.5
1748213234668.0,9861.7,9866.7
1748213234868.0,9861.8,9866.8
1748213235247.0,9861.7,9866.7
1748213235553.0,9861.7,9866.7
1748213235653.0,9861.5,9866.5
1748213242807.0,9861.3,9866.3
1748213244721.0,9861.2,9866.2
1748213245442.0,9861.4,9866.4
1748213245642.0,9861.2,9866.2
1748213246513.0,9861.0,9866.0
1748213247732.0,9861.2,9866.2
1748213248108.0,9861.0,9866.0
1748213248393.0,9861.2,9866.2
1748213250009.0,9861.0,9866.0
1748213264921.0,9860.5,9865.5
1748213265022.0,9860.9,9865.9
1748213265233.0,9860.5,9865.5
1748213265331.0,9860.9,9865.9
1748213266471.0,9860.9,9865.9
1748213267553.0,9860.5,9865.5
1748213267654.0,9860.9,9865.9
1748213268553.0,9860.5,9865.5
1748213268962.0,9860.9,9865.9
1748213274905.0,9860.5,9865.5
1748213275206.0,9860.9,9865.9
1748213276454.0,9860.5,9865.5
1748213276555.0,9860.9,9865.9
1748213277969.0,9861.0,9866.0
1748213285414.0,9860.9,9865.9
1748213285515.0,9861.0,9866.0
1748213292627.0,9860.5,9865.5
1748213292947.0,9860.9,9865.9
1748213293061.0,9861.0,9866.0
1748213293263.0,9861.1,9866.1
1748213293362.0,9861.2,9866.2
1748213293610.0,9860.9,9865.9
1748213293710.0,9861.0,9866.0
1748213293936.0,9861.0,9866.0
1748213294035.0,9860.9,9865.9
1748213294235.0,9860.9,9865.9
1748213294595.0,9861.0,9866.0
1748213294780.0,9861.1,9866.1
1748213295007.0,9860.9,9865.9
1748213295109.0,9861.1,9866.1
1748213295344.0,9861.0,9866.0
1748213295960.0,9861.1,9866.1
1748213296060.0,9860.9,9865.9
1748213296532.0,9860.5,9865.5
1748213297751.0,9860.9,9865.9
1748213298153.0,9861.1,9866.1
1748213298251.0,9860.9,9865.9
1748213298451.0,9861.1,9866.1
1748213298552.0,9860.9,9865.9
1748213298919.0,9860.9,9865.9
1748213299019.0,9861.1,9866.1
1748213299219.0,9860.9,9865.9
1748213299319.0,9861.0,9866.0
1748213299520.0,9860.9,9865.9
1748213300020.0,9861.1,9866.1
1748213300328.0,9861.2,9866.2
1748213300428.0,9860.5,9865.5
1748213300628.0,9861.2,9866.2
1748213300727.0,9861.1,9866.1
1748213300927.0,9860.9,9865.9
1748213301129.0,9861.2,9866.2
1748213301328.0,9861.0,9866.0
1748213301428.0,9860.9,9865.9
1748213301627.0,9861.0,9866.0
1748213301828.0,9860.9,9865.9
1748213302129.0,9861.1,9866.1
1748213302272.0,9860.9,9865.9
1748213302498.0,9861.1,9866.1
1748213302598.0,9860.9,9865.9
1748213302699.0,9861.0,9866.0
1748213302899.0,9861.1,9866.1
1748213303100.0,9860.9,9865.9
1748213303453.0,9861.1,9866.1
1748213303552.0,9861.2,9866.2
1748213303670.0,9860.9,9865.9
1748213304175.0,9861.0,9866.0
1748213304275.0,9861.1,9866.1
1748213304668.0,9860.9,9865.9
1748213306527.0,9860.5,9865.5
1748213306726.0,9860.9,9865.9
1748213308104.0,9861.1,9866.1
1748213308206.0,9860.9,9865.9
1748213309081.0,9860.5,9865.5
1748213309282.0,9860.5,9865.5
1748213309578.0,9861.0,9866.0
1748213309842.0,9861.0,9866.0
1748213310040.0,9860.9,9865.9
1748213310242.0,9861.0,9866.0
1748213310442.0,9860.9,9865.9
1748213310642.0,9861.0,9866.0
1748213310743.0,9861.1,9866.1
1748213310842.0,9860.9,9865.9
1748213311141.0,9861.1,9866.1
1748213311443.0,9861.0,9866.0
1748213311742.0,9860.5,9865.5
1748213311842.0,9861.0,9866.0
1748213313104.0,9861.2,9866.2
1748213313305.0,9861.2,9866.2
1748213313462.0,9861.0,9866.0
1748213313663.0,9861.2,9866.2
1748213314662.0,9861.0,9866.0
1748213315160.0,9861.2,9866.2
1748213316146.0,9861.0,9866.0
1748213316245.0,9861.2,9866.2
1748213317788.0,9861.0,9866.0
1748213317889.0,9861.2,9866.2
1748213319587.0,9861.0,9866.0
1748213320197.0,9861.2,9866.2
1748213321405.0,9861.2,9866.2
1748213323818.0,9861.0,9866.0
1748213324017.0,9861.2,9866.2
1748213325040.0,9861.0,9866.0
1748213325140.0,9861.2,9866.2
1748213327705.0,9861.0,9866.0
1748213327903.0,9860.9,9865.9
1748213328604.0,9861.1,9866.1
1748213329204.0,9860.9,9865.9
1748213329504.0,9861.1,9866.1
1748213329946.0,9860.9,9865.9
1748213330247.0,9861.0,9866.0
1748213330448.0,9860.9,9865.9
1748213330842.0,9861.0,9866.0
1748213331060.0,9861.0,9866.0
1748213332226.0,9860.9,9865.9
1748213332349.0,9861.0,9866.0
1748213332655.0,9861.0,9866.0
1748213333017.0,9860.9,9865.9
1748213333217.0,9861.1,9866.1
1748213333406.0,9861.2,9866.2
1748213333571.0,9861.1,9866.1
1748213333671.0,9861.0,9866.0
1748213333870.0,9860.9,9865.9
1748213333987.0,9861.0,9866.0
1748213334086.0,9860.9,9865.9
1748213334297.0,9861.1,9866.1
1748213334499.0,9861.0,9866.0
1748213334862.0,9860.9,9865.9
1748213334963.0,9861.0,9866.0
1748213335062.0,9860.9,9865.9
1748213335163.0,9861.0,9866.0
1748213335362.0,9861.2,9866.2
1748213335648.0,9861.1,9866.1
1748213335850.0,9860.9,9865.9
1748213336051.0,9861.0,9866.0
1748213336151.0,9860.9,9865.9
1748213336252.0,9861.0,9866.0
1748213336439.0,9860.9,9865.9
1748213336537.0,9861.0,9866.0
1748213336711.0,9860.9,9865.9
1748213336914.0,9861.1,9866.1
1748213337063.0,9861.2,9866.2
1748213337189.0,9861.1,9866.1
1748213337390.0,9861.0,9866.0
1748213337646.0,9860.9,9865.9
1748213337745.0,9861.0,9866.0
1748213337969.0,9860.9,9865.9
1748213338068.0,9861.2,9866.2
1748213340007.0,9861.0,9866.0
1748213341169.0,9861.2,9866.2
1748213345563.0,9861.3,9866.3
1748213350166.0,9861.5,9866.5
1748213367734.0,9861.2,9866.2
1748213370014.0,9861.0,9866.0
1748213373521.0,9861.2,9866.2
1748213374829.0,9861.2,9866.2
1748213377681.0,9861.0,9866.0
1748213377781.0,9861.2,9866.2
1748213379664.0,9861.7,9866.7
1748213379862.0,9861.6,9866.6
1748213379962.0,9861.5,9866.5
1748213398878.0,9861.2,9866.2
1748213400286.0,9861.0,9866.0
1748213401620.0,9861.2,9866.2
1748213402690.0,9861.0,9866.0
1748213402789.0,9861.2,9866.2
1748213404242.0,9861.3,9866.3
1748213405752.0,9861.5,9866.5
1748213406738.0,9862.0,9867.0
1748213417832.0,9862.1,9867.1
1748213430012.0,9862.5,9867.5
1748213433393.0,9862.2,9867.2
1748213433703.0,9862.2,9867.2
1748213434033.0,9862.0,9867.0
1748213434233.0,9862.2,9867.2
1748213434898.0,9862.4,9867.4
1748213435297.0,9862.4,9867.4
1748213435612.0,9862.5,9867.5
1748213435712.0,9862.3,9867.3
1748213435975.0,9862.2,9867.2
1748213436281.0,9862.3,9867.3
1748213436382.0,9862.4,9867.4
1748213436481.0,9862.3,9867.3
1748213436916.0,9862.2,9867.2
1748213437016.0,9862.5,9867.5
1748213437166.0,9862.4,9867.4
1748213437266.0,9862.0,9867.0
1748213437394.0,9862.2,9867.2
1748213437596.0,9862.5,9867.5
1748213437855.0,9862.3,9867.3
1748213439085.0,9862.5,9867.5
1748213439837.0,9862.4,9867.4
1748213440038.0,9862.4,9867.4
1748213440326.0,9862.4,9867.4
1748213440448.0,9862.5,9867.5
1748213440649.0,9861.9,9866.9
1748213441648.0,9861.5,9866.5
1748213441750.0,9861.9,9866.9
1748213442860.0,9861.5,9866.5
1748213443331.0,9861.9,9866.9
1748213444068.0,9861.5,9866.5
1748213444168.0,9861.9,9866.9
1748213445156.0,9862.1,9867.1
1748213445332.0,9861.8,9866.8
1748213446761.0,9862.5,9867.5
1748213446861.0,9862.3,9867.3
1748213447279.0,9862.5,9867.5
1748213447527.0,9862.2,9867.2
1748213449478.0,9862.2,9867.2
1748213450457.0,9862.0,9867.0
1748213450556.0,9862.2,9867.2
1748213452095.0,9862.0,9867.0
1748213452194.0,9862.2,9867.2
1748213453207.0,9862.0,9867.0
1748213453607.0,9862.2,9867.2
1748213453807.0,9862.2,9867.2
1748213456959.0,9862.0,9867.0
1748213457573.0,9862.2,9867.2
1748213458722.0,9862.3,9867.3
1748213459022.0,9862.5,9867.5
1748213459222.0,9862.3,9867.3
1748213459423.0,9862.2,9867.2
1748213460688.0,9862.5,9867.5
1748213461937.0,9862.2,9867.2
1748213468383.0,9862.0,9867.0
1748213468481.0,9862.2,9867.2
1748213471137.0,9861.7,9866.7
1748213471239.0,9861.6,9866.6
1748213471534.0,9861.0,9866.0
1748213471633.0,9861.6,9866.6
1748213473539.0,9861.0,9866.0
1748213473739.0,9861.6,9866.6
1748213475074.0,9861.0,9866.0
1748213476680.0,9861.2,9866.2
1748213476778.0,9861.0,9866.0
1748213486505.0,9861.2,9866.2
1748213488195.0,9861.0,9866.0
1748213488293.0,9861.2,9866.2
1748213489531.0,9861.0,9866.0
1748213489632.0,9861.2,9866.2
1748213490508.0,9861.0,9866.0
1748213491065.0,9861.2,9866.2
1748213491772.0,9861.5,9866.5
1748213494324.0,9861.8,9866.8
1748213494424.0,9861.5,9866.5
1748213529753.0,9861.3,9866.3
1748213535008.0,9861.5,9866.5
1748213538838.0,9861.3,9866.3
1748213538938.0,9861.4,9866.4
1748213539040.0,9861.3,9866.3
1748213539871.0,9861.7,9866.7
1748213539971.0,9861.8,9866.8
1748213540390.0,9861.7,9866.7
1748213540690.0,9862.1,9867.1
1748213543684.0,9862.2,9867.2
1748213543785.0,9862.1,9867.1
1748213549377.0,9862.4,9867.4
1748213549477.0,9862.3,9867.3
1748213550009.0,9862.5,9867.5
1748213570788.0,9862.4,9867.4
1748213570887.0,9862.5,9867.5
1748213571238.0,9862.5,9867.5
1748213571496.0,9862.4,9867.4
1748213576817.0,9861.9,9866.9
1748213576916.0,9862.0,9867.0
1748213594946.0,9862.2,9867.2
1748213595046.0,9862.0,9867.0
1748213597678.0,9862.2,9867.2
1748213604933.0,9862.3,9867.3
1748213610010.0,9862.5,9867.5
1748213617860.0,9862.4,9867.4
1748213617959.0,9862.3,9867.3
1748213619050.0,9862.5,9867.5
1748213619149.0,9862.8,9867.8
1748213629441.0,9862.7,9867.7
1748213629540.0,9862.8,9867.8
1748213632294.0,9863.3,9868.3
1748213633357.0,9863.5,9868.5
1748213646343.0,9863.2,9868.2
1748213646557.0,9863.3,9868.3
1748213655014.0,9863.5,9868.5
1748213655525.0,9863.2,9868.2
1748213660118.0,9863.3,9868.3
1748213660218.0,9863.5,9868.5
1748213671911.0,9863.2,9868.2
1748213672415.0,9862.9,9867.9
1748213672698.0,9863.0,9868.0
1748213674829.0,9863.2,9868.2
1748213675028.0,9863.0,9868.0
1748213675129.0,9863.2,9868.2
1748213676192.0,9863.0,9868.0
1748213676292.0,9863.2,9868.2
1748213677632.0,9863.0,9868.0
1748213677733.0,9863.2,9868.2
1748213678872.0,9862.9,9867.9
1748213680058.0,9862.5,9867.5
1748213692370.0,9862.4,9867.4
1748213694903.0,9862.0,9867.0
1748213695102.0,9862.2,9867.2
1748213697014.0,9862.0,9867.0
1748213697113.0,9862.2,9867.2
1748213697941.0,9862.0,9867.0
1748213698041.0,9862.2,9867.2
1748213698141.0,9862.0,9867.0
1748213698241.0,9862.2,9867.2
1748213700502.0,9862.5,9867.5
1748213727453.0,9862.5,9867.5
1748213729106.0,9862.4,9867.4
1748213729206.0,9862.5,9867.5
1748213730009.0,9862.3,9867.3
1748213730108.0,9862.5,9867.5
1748213735831.0,9862.4,9867.4
1748213736135.0,9862.3,9867.3
1748213737175.0,9862.4,9867.4
1748213737274.0,9862.5,9867.5
1748213737997.0,9862.4,9867.4
1748213738098.0,9862.5,9867.5
1748213760124.0,9862.2,9867.2
1748213762796.0,9862.2,9867.2
1748213765812.0,9862.5,9867.5
1748213765911.0,9862.2,9867.2
1748213766538.0,9862.3,9867.3
1748213766637.0,9862.2,9867.2
1748213767665.0,9862.3,9867.3
1748213767764.0,9862.2,9867.2
1748213768221.0,9862.2,9867.2
1748213769090.0,9862.3,9867.3
1748213769325.0,9862.3,9867.3
1748213769425.0,9862.0,9867.0
1748213775435.0,9862.2,9867.2
1748213776585.0,9862.0,9867.0
1748213777485.0,9862.2,9867.2
1748213777585.0,9862.0,9867.0
1748213782320.0,9862.2,9867.2
1748213783710.0,9862.0,9867.0
1748213784538.0,9862.2,9867.2
1748213790713.0,9862.2,9867.2
1748213792604.0,9862.0,9867.0
1748213793103.0,9862.2,9867.2
1748213795839.0,9862.0,9867.0
1748213796037.0,9862.2,9867.2
1748213800914.0,9860.4,9865.4
1748213801161.0,9860.5,9865.5
1748213801462.0,9860.4,9865.4
1748213801661.0,9860.4,9865.4
1748213802060.0,9860.5,9865.5
1748213802397.0,9860.4,9865.4
1748213802761.0,9860.5,9865.5
1748213802861.0,9860.4,9865.4
1748213803062.0,9860.5,9865.5
1748213803262.0,9860.4,9865.4
1748213803461.0,9860.5,9865.5
1748213803761.0,9860.4,9865.4
1748213803862.0,9860.5,9865.5
1748213804461.0,9860.0,9865.0
1748213804917.0,9860.2,9865.2
1748213805831.0,9860.0,9865.0
1748213805932.0,9860.2,9865.2
1748213807257.0,9860.2,9865.2
1748213807459.0,9860.0,9865.0
1748213807558.0,9860.2,9865.2
1748213811022.0,9859.9,9864.9
1748213811123.0,9860.0,9865.0
1748213811810.0,9859.5,9864.5
1748213811909.0,9859.9,9864.9
1748213816605.0,9859.5,9864.5
1748213816721.0,9859.9,9864.9
1748213819199.0,9859.5,9864.5
1748213819597.0,9859.9,9864.9
1748213820198.0,9860.5,9865.5
1748213823915.0,9860.2,9865.2
1748213824181.0,9860.3,9865.3
1748213824281.0,9860.5,9865.5
1748213830140.0,9860.4,9865.4
1748213830339.0,9860.0,9865.0
1748213830440.0,9860.2,9865.2
1748213831506.0,9860.0,9865.0
1748213831603.0,9860.2,9865.2
1748213833647.0,9860.0,9865.0
1748213834621.0,9860.2,9865.2
1748213836715.0,9860.0,9865.0
1748213837608.0,9859.9,9864.9
1748213839649.0,9859.9,9864.9
1748213839775.0,9859.5,9864.5
1748213840068.0,9859.9,9864.9
1748213840269.0,9859.5,9864.5
1748213840368.0,9859.9,9864.9
1748213841638.0,9859.5,9864.5
1748213841838.0,9859.9,9864.9
1748213842753.0,9859.5,9864.5
1748213843005.0,9859.9,9864.9
1748213844116.0,9859.9,9864.9
1748213845215.0,9859.5,9864.5
1748213845316.0,9859.9,9864.9
1748213846326.0,9859.5,9864.5
1748213846526.0,9859.9,9864.9
1748213847800.0,9859.5,9864.5
1748213847999.0,9859.9,9864.9
1748213849065.0,9859.5,9864.5
1748213849275.0,9859.9,9864.9
1748213850123.0,9860.0,9865.0
1748213857832.0,9859.5,9864.5
1748213860065.0,9859.9,9864.9
1748213860164.0,9859.5,9864.5
1748213860365.0,9859.9,9864.9
1748213860565.0,9860.2,9865.2
1748213861188.0,9860.1,9865.1
1748213861287.0,9860.0,9865.0
1748213861388.0,9859.9,9864.9
1748213861652.0,9860.0,9865.0
1748213861817.0,9859.9,9864.9
1748213864358.0,9860.0,9865.0
1748213868593.0,9860.5,9865.5
1748213868693.0,9860.3,9865.3
1748213869998.0,9860.4,9865.4
1748213870098.0,9860.5,9865.5
1748213880117.0,9860.8,9865.8
1748213880242.0,9860.5,9865.5
1748213880370.0,9860.6,9865.6
1748213880470.0,9860.7,9865.7
1748213880792.0,9860.6,9865.6
1748213884615.0,9860.9,9865.9
1748213884715.0,9860.7,9865.7
1748213886128.0,9860.8,9865.8
1748213886229.0,9860.9,9865.9
1748213886528.0,9861.0,9866.0
1748213886628.0,9860.8,9865.8
1748213886728.0,9860.9,9865.9
1748213887202.0,9860.8,9865.8
1748213887502.0,9860.9,9865.9
1748213887802.0,9860.8,9865.8
1748213887903.0,9860.9,9865.9
1748213888300.0,9860.8,9865.8
1748213888400.0,9860.9,9865.9
1748213888707.0,9860.9,9865.9
1748213888990.0,9861.0,9866.0
1748213889089.0,9860.7,9865.7
1748213889350.0,9860.7,9865.7
1748213889826.0,9860.8,9865.8
1748213890041.0,9861.0,9866.0
1748213890142.0,9860.9,9865.9
1748213890534.0,9861.0,9866.0
1748213890634.0,9860.7,9865.7
1748213891820.0,9860.7,9865.7
1748213894019.0,9861.0,9866.0
1748213894118.0,9860.7,9865.7
1748213902676.0,9860.5,9865.5
1748213909578.0,9860.7,9865.7
1748213912125.0,9860.5,9865.5
1748213917346.0,9860.7,9865.7
1748213917446.0,9860.5,9865.5
1748213918356.0,9860.7,9865.7
1748213920356.0,9860.5,9865.5
1748213920556.0,9860.5,9865.5
1748213920657.0,9860.7,9865.7
1748213924263.0,9860.5,9865.5
1748213924365.0,9860.7,9865.7
1748213925347.0,9860.5,9865.5
1748213925547.0,9860.7,9865.7
1748213934401.0,9860.7,9865.7
1748213934501.0,9860.8,9865.8
1748213940011.0,9861.0,9866.0
1748213941028.0,9860.9,9865.9
1748213941128.0,9860.7,9865.7
1748213941228.0,9860.5,9865.5
1748213941435.0,9860.7,9865.7
1748213942721.0,9860.7,9865.7
1748213943692.0,9860.5,9865.5
1748213943892.0,9860.7,9865.7
1748213949978.0,9861.3,9866.3
1748213950147.0,9861.5,9866.5
1748213951430.0,9861.4,9866.4
1748213951531.0,9861.2,9866.2
1748213952588.0,9861.0,9866.0
1748213952687.0,9861.2,9866.2
1748213953338.0,9861.0,9866.0
1748213953573.0,9861.2,9866.2
1748213958534.0,9861.0,9866.0
1748213963210.0,9861.2,9866.2
1748213963872.0,9861.0,9866.0
1748213968014.0,9861.0,9866.0
1748213975307.0,9861.2,9866.2
1748213982926.0,9861.0,9866.0
1748213984778.0,9861.2,9866.2
1748213985586.0,9861.0,9866.0
1748213985687.0,9861.5,9866.5
1748213991365.0,9862.0,9867.0
1748213996040.0,9862.2,9867.2
1748213996139.0,9862.5,9867.5
1748214000059.0,9862.2,9867.2
1748214001453.0,9862.5,9867.5
1748214006163.0,9862.7,9867.7
1748214011111.0,9862.5,9867.5
1748214011704.0,9862.7,9867.7
1748214012255.0,9862.7,9867.7
1748214021950.0,9862.5,9867.5
1748214024441.0,9862.7,9867.7
1748214024740.0,9862.7,9867.7
1748214040480.0,9862.2,9867.2
1748214040579.0,9862.1,9867.1
1748214049729.0,9862.1,9867.1
1748214053046.0,9862.2,9867.2
1748214053245.0,9862.1,9867.1
1748214060209.0,9862.2,9867.2
1748214060310.0,9862.1,9867.1
1748214061457.0,9862.4,9867.4
1748214064374.0,9862.5,9867.5
1748214064475.0,9862.7,9867.7
1748214081863.0,9863.0,9868.0
1748214091126.0,9863.4,9868.4
1748214091226.0,9863.5,9868.5
1748214112163.0,9863.7,9868.7
1748214120240.0,9864.3,9869.3
1748214120540.0,9865.0,9870.0
1748214123347.0,9865.1,9870.1
1748214123447.0,9865.5,9870.5
1748214128349.0,9864.9,9869.9
1748214130808.0,9864.5,9869.5
1748214138399.0,9864.2,9869.2
1748214141752.0,9864.3,9869.3
1748214141852.0,9864.2,9869.2
1748214150010.0,9864.0,9869.0
1748214165015.0,9863.8,9868.8
1748214165430.0,9864.0,9869.0
1748214171704.0,9864.2,9869.2
1748214180033.0,9864.0,9869.0
1748214195010.0,9863.8,9868.8
1748214201521.0,9863.7,9868.7
1748214204152.0,9863.5,9868.5
1748214205659.0,9863.2,9868.2
1748214206182.0,9863.2,9868.2
1748214210010.0,9863.0,9868.0
1748214226385.0,9863.3,9868.3
1748214226944.0,9863.2,9868.2
1748214227045.0,9863.3,9868.3
1748214233877.0,9863.5,9868.5
1748214240014.0,9863.3,9868.3
1748214246740.0,9863.5,9868.5
1748214253415.0,9863.8,9868.8
1748214255603.0,9863.5,9868.5
1748214300011.0,9863.3,9868.3
1748214345803.0,9863.5,9868.5
1748214346023.0,9863.6,9868.6
1748214346123.0,9864.0,9869.0
1748214346222.0,9864.1,9869.1
1748214349445.0,9864.3,9869.3
1748214349545.0,9864.6,9869.6
1748214349723.0,9865.0,9870.0
1748214349824.0,9865.3,9870.3
1748214351318.0,9865.2,9870.2
1748214351892.0,9865.2,9870.2
1748214351991.0,9865.0,9870.0
1748214355563.0,9865.2,9870.2
1748214357168.0,9865.1,9870.1
1748214357267.0,9865.0,9870.0
1748214360009.0,9864.8,9869.8
1748214362210.0,9864.7,9869.7
1748214362309.0,9864.6,9869.6
1748214386952.0,9864.7,9869.7
1748214387052.0,9864.3,9869.3
1748214390560.0,9864.2,9869.2
1748214391744.0,9864.6,9869.6
1748214419639.0,9864.0,9869.0
1748214419960.0,9864.6,9869.6
1748214420060.0,9864.0,9869.0
1748214421880.0,9864.6,9869.6
1748214421981.0,9864.0,9869.0
1748214424168.0,9864.6,9869.6
1748214427863.0,9864.0,9869.0
1748214429405.0,9864.6,9869.6
1748214437409.0,9863.8,9868.8
1748214437609.0,9863.4,9868.4
1748214438428.0,9863.0,9868.0
1748214450010.0,9862.8,9867.8
1748214462743.0,9862.5,9867.5
1748214465012.0,9862.3,9867.3
1748214469031.0,9862.5,9867.5
1748214475285.0,9862.7,9867.7
1748214478729.0,9862.5,9867.5
1748214505538.0,9862.0,9867.0
1748214509564.0,9861.5,9866.5
1748214510300.0,9861.9,9866.9
1748214514051.0,9861.5,9866.5
1748214519161.0,9862.0,9867.0
1748214520170.0,9862.2,9867.2
1748214521559.0,9861.9,9866.9
1748214521659.0,9862.0,9867.0
1748214521759.0,9862.2,9867.2
1748214524829.0,9862.0,9867.0
1748214525195.0,9862.2,9867.2
1748214526214.0,9862.0,9867.0
1748214550805.0,9862.2,9867.2
1748214555408.0,9862.5,9867.5
1748214605754.0,9862.2,9867.2
1748214605854.0,9861.5,9866.5
1748214615018.0,9861.3,9866.3
1748214616145.0,9861.5,9866.5
1748214645923.0,9861.0,9866.0
1748214646313.0,9861.2,9866.2
1748214658471.0,9860.7,9865.7
1748214658572.0,9860.9,9865.9
1748214660027.0,9860.5,9865.5
1748214662421.0,9860.9,9865.9
1748214664472.0,9860.5,9865.5
1748214667331.0,9860.4,9865.4
1748214667431.0,9860.3,9865.3
1748214679527.0,9860.5,9865.5
1748214692649,,
1748214722721.0,9860.0,9865.0
1748214726954.0,9860.2,9865.2
1748214735407.0,9860.3,9865.3
1748214750018.0,9860.5,9865.5
1748214764560.0,9860.7,9865.7
1748214783410.0,9860.0,9865.0
1748214783510.0,9859.9,9864.9
1748214787891.0,9859.8,9864.8
1748214787990.0,9860.0,9865.0
1748214792770.0,9860.2,9865.2
1748214828076.0,9860.0,9865.0
1748214828276.0,9859.4,9864.4
1748214829336.0,9859.2,9864.2
1748214829434.0,9859.0,9864.0
1748214830609.0,9859.2,9864.2
1748214831108.0,9858.7,9863.7
1748214831326.0,9858.8,9863.8
1748214831513.0,9858.7,9863.7
1748214832765.0,9858.8,9863.8
1748214833182.0,9858.7,9863.7
1748214835736.0,9858.8,9863.8
1748214836712.0,9858.7,9863.7
1748214837353.0,9858.8,9863.8
1748214842602.0,9859.0,9864.0
1748214842701.0,9859.5,9864.5
1748214842801.0,9859.7,9864.7
1748214843382.0,9860.0,9865.0
1748214844880.0,9859.7,9864.7
1748214844980.0,9859.8,9864.8
1748214846226.0,9859.7,9864.7
1748214846706.0,9859.7,9864.7
1748214847931.0,9859.0,9864.0
1748214852742.0,9859.2,9864.2
1748214857249.0,9859.3,9864.3
1748214866060.0,9859.5,9864.5
1748214866159.0,9859.7,9864.7
1748214868808.0,9859.3,9864.3
1748214870010.0,9859.7,9864.7
1748214878893.0,9859.7,9864.7
1748214903662.0,9860.0,9865.0
1748214918216.0,9859.7,9864.7
1748214918997.0,9858.7,9863.7
1748214919269.0,9859.0,9864.0
1748214919419.0,9858.7,9863.7
1748214919621.0,9858.8,9863.8
1748214927568.0,9859.0,9864.0
1748214927666.0,9859.2,9864.2
1748214933343.0,9858.9,9863.9
1748214940413.0,9858.7,9863.7
1748214944776.0,9858.8,9863.8
1748214944876.0,9859.0,9864.0
1748214946759.0,9859.2,9864.2
1748214947963.0,9859.3,9864.3
1748214948550.0,9859.4,9864.4
1748214948651.0,9859.3,9864.3
1748214948813.0,9859.4,9864.4
1748214954479.0,9859.5,9864.5
1748214958592.0,9859.2,9864.2
1748214964991.0,9859.5,9864.5
1748214965682.0,9859.4,9864.4
1748214965896.0,9859.2,9864.2
1748214966107.0,9860.0,9865.0
1748214966206.0,9860.2,9865.2
1748214972508.0,9860.5,9865.5
1748214973567.0,9860.4,9865.4
1748214975011.0,9860.2,9865.2
1748214992949.0,9860.0,9865.0
1748214996283.0,9860.2,9865.2
1748214998077.0,9860.0,9865.0
1748215000311.0,9860.2,9865.2
1748215001857.0,9860.3,9865.3
1748215001957.0,9860.2,9865.2
1748215008938.0,9860.7,9865.7
1748215031721.0,9860.5,9865.5
1748215038491.0,9860.7,9865.7
1748215039645.0,9860.5,9865.5
1748215050010.0,9860.7,9865.7
1748215055472.0,9860.0,9865.0
1748215065012.0,9860.2,9865.2
1748215076685.0,9860.4,9865.4
1748215080013.0,9860.2,9865.2
1748215146073.0,9860.3,9865.3
1748215146173.0,9860.2,9865.2
1748215146603.0,9860.0,9865.0
1748215146704,,
1748215149113.0,9860.2,9865.2
1748215152365.0,9860.0,9865.0
1748215157651.0,9859.2,9864.2
1748215170012.0,9859.0,9864.0
1748215175836.0,9857.8,9862.8
1748215182927.0,9857.9,9862.9
1748215183027.0,9857.8,9862.8
1748215184835.0,9857.4,9862.4
1748215185136.0,9857.6,9862.6
1748215192418.0,9857.8,9862.8
1748215192517.0,9858.2,9863.2
1748215196122.0,9858.0,9863.0
1748215224540.0,9857.6,9862.6
1748215232727.0,9857.7,9862.7
1748215232827,,
1748215242915.0,9858.2,9863.2
1748215243216.0,9858.0,9863.0
1748215245010.0,9858.2,9863.2
1748215250914.0,9857.9,9862.9
1748215272650.0,9857.6,9862.6
1748215272832.0,9857.7,9862.7
1748215274009.0,9857.9,9862.9
1748215277811.0,9857.7,9862.7
1748215284322.0,9857.9,9862.9
1748215322159.0,9858.2,9863.2
1748215326589.0,9858.7,9863.7
1748215330203.0,9858.8,9863.8
1748215330304.0,9859.2,9864.2
1748215341445.0,9859.3,9864.3
1748215342713.0,9859.7,9864.7
1748215344056.0,9859.8,9864.8
1748215344975.0,9859.9,9864.9
1748215346212.0,9860.0,9865.0
1748215351802.0,9860.2,9865.2
1748215356138.0,9860.2,9865.2
1748215359662.0,9859.6,9864.6
1748215359762.0,9859.9,9864.9
1748215361059.0,9859.7,9864.7
1748215376114.0,9859.5,9864.5
1748215376354,,
1748215376639.0,9860.2,9865.2
1748215377510.0,9860.3,9865.3
1748215378500.0,9860.4,9865.4
1748215378602.0,9860.2,9865.2
1748215378702.0,9859.8,9864.8
1748215380009.0,9860.0,9865.0
1748215389705.0,9859.7,9864.7
1748215390837.0,9860.0,9865.0
1748215391031.0,9859.7,9864.7
1748215393014.0,9859.8,9864.8
1748215393114.0,9860.0,9865.0
1748215393917.0,9859.7,9864.7
1748215396079.0,9860.0,9865.0
1748215396373.0,9859.9,9864.9
1748215399270.0,9859.8,9864.8
1748215399371.0,9860.0,9865.0
1748215406829.0,9859.9,9864.9
1748215406927.0,9859.7,9864.7
1748215409660.0,9860.0,9865.0
1748215415881.0,9859.9,9864.9
1748215415982.0,9859.7,9864.7
1748215432057.0,9859.5,9864.5
1748215439778.0,9859.7,9864.7
1748215450298.0,9859.9,9864.9
1748215450461.0,9859.8,9864.8
1748215455008.0,9860.0,9865.0
1748215456193.0,9859.7,9864.7
1748215473613.0,9859.5,9864.5
1748215473799.0,9859.2,9864.2
1748215505760.0,9859.5,9864.5
1748215505913.0,9859.8,9864.8
1748215506782.0,9859.7,9864.7
1748215560332.0,9860.0,9865.0
1748215567566.0,9860.7,9865.7
1748215568055.0,9860.8,9865.8
1748215568387.0,9861.0,9866.0
1748215570347.0,9861.2,9866.2
1748215570448.0,9861.0,9866.0
1748215573357.0,9861.2,9866.2
1748215575764.0,9861.0,9866.0
1748215575964.0,9861.2,9866.2
1748215583695.0,9860.5,9865.5
1748215587473.0,9860.7,9865.7
1748215587573.0,9860.5,9865.5
1748215590011.0,9860.7,9865.7
1748215591699.0,9860.5,9865.5
1748215597040.0,9860.4,9865.4
1748215597141.0,9860.2,9865.2
1748215607683.0,9859.8,9864.8
1748215607783.0,9859.7,9864.7
1748215608263.0,9859.5,9864.5
1748215609479.0,9859.7,9864.7
1748215613325.0,9859.9,9864.9
1748215619122.0,9859.8,9864.8
1748215620203.0,9859.9,9864.9
1748215620304.0,9860.0,9865.0
1748215625982.0,9859.5,9864.5
1748215626140.0,9859.7,9864.7
1748215628622.0,9859.5,9864.5
1748215629716.0,9859.8,9864.8
1748215630328.0,9859.9,9864.9
1748215630428.0,9859.7,9864.7
1748215656664.0,9859.5,9864.5
1748215674708.0,9859.2,9864.2
1748215680753.0,9859.5,9864.5
1748215683553.0,9859.2,9864.2
1748215683770.0,9859.5,9864.5
1748215683870.0,9859.4,9864.4
1748215694469.0,9859.3,9864.3
1748215694568.0,9859.4,9864.4
1748215695003.0,9859.3,9864.3
1748215695103.0,9859.5,9864.5
1748215697257.0,9859.4,9864.4
1748215697457.0,9859.3,9864.3
1748215697584.0,9859.2,9864.2
1748215710767.0,9859.3,9864.3
1748215716012.0,9859.4,9864.4
1748215716111.0,9859.5,9864.5
1748215721554.0,9859.4,9864.4
1748215721654.0,9859.5,9864.5
1748215725175.0,9860.1,9865.1
1748215725274.0,9860.0,9865.0
1748215725385.0,9860.1,9865.1
1748215740013.0,9859.9,9864.9
1748215755009.0,9859.7,9864.7
1748215758138.0,9859.8,9864.8
1748215758238.0,9860.2,9865.2
1748215768165.0,9859.7,9864.7
1748215786945.0,9859.5,9864.5
1748215791791.0,9858.9,9863.9
1748215792777.0,9859.0,9864.0
1748215799525.0,9859.2,9864.2
1748215800010.0,9859.0,9864.0
1748215800520.0,9859.2,9864.2
1748215802201.0,9859.0,9864.0
1748215804973.0,9859.0,9864.0
1748215805251.0,9859.2,9864.2
1748215805991.0,9859.0,9864.0
1748215806090.0,9859.2,9864.2
1748215806200.0,9859.0,9864.0
1748215807962.0,9858.6,9863.6
1748215808165.0,9858.4,9863.4
1748215808867.0,9858.5,9863.5
1748215811758.0,9858.7,9863.7
1748215815010.0,9858.9,9863.9
1748215818895.0,9859.0,9864.0
1748215819621.0,9859.2,9864.2
1748215821415.0,9859.0,9864.0
1748215830011.0,9859.2,9864.2
1748215843240.0,9859.3,9864.3
1748215843340.0,9859.5,9864.5
1748215843573.0,9859.2,9864.2
1748215853548.0,9859.3,9864.3
1748215853647.0,9859.5,9864.5
1748215854619.0,9859.7,9864.7
1748215854719.0,9859.5,9864.5
1748215856328.0,9859.5,9864.5
1748215860656.0,9859.2,9864.2
1748215860964.0,9859.0,9864.0
1748215864529.0,9859.2,9864.2
1748215866425.0,9859.3,9864.3
1748215866525.0,9859.5,9864.5
1748215866993.0,9859.4,9864.4
1748215871759.0,9859.5,9864.5
1748215872032.0,9859.2,9864.2
1748215872307.0,9859.4,9864.4
1748215874092.0,9859.3,9864.3
1748215875007.0,9859.5,9864.5
1748215875541.0,9859.2,9864.2
1748215879154.0,9859.3,9864.3
1748215879455.0,9859.2,9864.2
1748215880454.0,9859.0,9864.0
1748215881997.0,9859.2,9864.2
1748215882098.0,9859.0,9864.0
1748215882197.0,9859.2,9864.2
1748215884974.0,9859.0,9864.0
1748215885120.0,9859.2,9864.2
1748215885220.0,9859.0,9864.0
1748215885322.0,9859.2,9864.2
1748215885849.0,9859.0,9864.0
1748215886476.0,9859.2,9864.2
1748215888476.0,9859.0,9864.0
1748215888575.0,9859.2,9864.2
1748215889678.0,9859.0,9864.0
1748215899557.0,9858.7,9863.7
1748215902264.0,9858.9,9863.9
1748215920285.0,9859.0,9864.0
1748215920384.0,9858.7,9863.7
1748215927717.0,9859.0,9864.0
1748215931449.0,9859.4,9864.4
1748215931547.0,9859.0,9864.0
1748215980011.0,9859.2,9864.2
1748215987565.0,9859.3,9864.3
1748215992683.0,9859.2,9864.2
1748216000345.0,9859.0,9864.0
1748216014891.0,9859.5,9864.5
1748216014991.0,9859.7,9864.7
1748216015091.0,9859.2,9864.2
1748216019873.0,9859.2,9864.2
1748216032665.0,9859.5,9864.5
1748216032764.0,9859.7,9864.7
1748216034130.0,9859.2,9864.2
1748216038951,,
1748216048284.0,9859.0,9864.0
1748216049246.0,9858.8,9863.8
1748216049345.0,9858.2,9863.2
1748216055009.0,9858.4,9863.4
1748216057668.0,9858.5,9863.5
1748216057768.0,9858.4,9863.4
1748216070009.0,9858.2,9863.2
1748216073868.0,9858.5,9863.5
1748216082115.0,9859.0,9864.0
1748216082415.0,9859.2,9864.2
1748216097885.0,9859.3,9864.3
1748216098081.0,9859.2,9864.2
1748216104076.0,9858.8,9863.8
1748216104176.0,9858.7,9863.7
1748216106920.0,9858.8,9863.8
1748216114386.0,9858.7,9863.7
1748216114486.0,9858.8,9863.8
1748216115009.0,9859.0,9864.0
1748216116110.0,9858.7,9863.7
1748216118142.0,9858.5,9863.5
1748216124002.0,9858.3,9863.3
1748216124203.0,9858.3,9863.3
1748216125950.0,9858.7,9863.7
1748216150856.0,9858.5,9863.5
1748216161363.0,9858.7,9863.7
1748216162586.0,9858.5,9863.5
1748216162685.0,9858.7,9863.7
1748216181601.0,9858.8,9863.8
1748216181700.0,9858.7,9863.7
1748216182121.0,9858.8,9863.8
1748216182672.0,9858.7,9863.7
1748216185529.0,9858.8,9863.8
1748216190010.0,9859.0,9864.0
1748216192732.0,9859.4,9864.4
1748216192873.0,9859.5,9864.5
1748216193600.0,9859.7,9864.7
1748216206328.0,9859.8,9864.8
1748216206564.0,9859.7,9864.7
1748216206763.0,9859.8,9864.8
1748216220010.0,9860.2,9865.2
1748216220712.0,9859.7,9864.7
1748216225678.0,9859.8,9864.8
1748216235008.0,9860.2,9865.2
1748216243054.0,9859.9,9864.9
1748216243248.0,9860.0,9865.0
1748216250060.0,9860.2,9865.2
1748216268272.0,9860.0,9865.0
1748216268372.0,9859.7,9864.7
1748216273320.0,9860.2,9865.2
1748216275549.0,9860.3,9865.3
1748216276676.0,9860.5,9865.5
1748216276777.0,9860.8,9865.8
1748216278948.0,9861.2,9866.2
1748216282356.0,9861.0,9866.0
1748216283327.0,9861.2,9866.2
1748216283428.0,9861.3,9866.3
1748216284778.0,9861.2,9866.2
1748216287930.0,9861.3,9866.3
1748216289976.0,9861.5,9866.5
1748216290076.0,9861.7,9866.7
1748216291972.0,9862.0,9867.0
1748216298085.0,9862.0,9867.0
1748216300285.0,9861.7,9866.7
1748216301882.0,9861.2,9866.2
1748216332924,,
1748216333551.0,9861.1,9866.1
1748216340013.0,9860.7,9865.7
1748216378717.0,9860.8,9865.8
1748216378911.0,9860.7,9865.7
1748216400261.0,9860.8,9865.8
1748216400461.0,9861.5,9866.5
1748216411925.0,9861.8,9866.8
1748216412450.0,9862.2,9867.2
1748216412663.0,9862.3,9867.3
1748216421977.0,9862.7,9867.7
1748216424888.0,9862.8,9867.8
1748216429729.0,9863.3,9868.3
1748216438495.0,9863.2,9868.2
1748216439291.0,9863.3,9868.3
