None,,
None,,
1748210410210.0,48941.1,48961.1
1748210410779.0,48935.0,48955.0
1748210410879.0,48936.1,48956.1
1748210412343.0,48943.6,48963.6
1748210412711,,
1748210415544,,
1748210415745.0,48945.0,48965.0
1748210416078.0,48946.1,48966.1
1748210416178.0,48948.6,48968.6
1748210416378.0,48958.6,48978.6
1748210417155.0,48966.4,48986.4
1748210417329.0,48968.6,48988.6
1748210417722.0,48966.1,48986.1
1748210418240.0,48964.7,48984.7
1748210418441,,
1748210418539.0,48964.7,48984.7
1748210418745.0,48962.2,48982.2
1748210418847.0,48963.6,48983.6
1748210419298.0,48960.2,48980.2
1748210419398.0,48955.9,48975.9
1748210419811.0,48958.6,48978.6
1748210420098.0,48957.2,48977.2
1748210420196.0,48956.1,48976.1
1748210421113.0,48954.7,48974.7
1748210421214.0,48953.6,48973.6
1748210421902,,
1748210422972,,
1748210424727,,
1748210424828,,
1748210425591.0,48952.5,48972.5
1748210425691.0,48953.6,48973.6
1748210427068.0,48951.1,48971.1
1748210427167.0,48953.6,48973.6
1748210427547,,
1748210428721.0,48953.6,48973.6
1748210428821.0,48952.2,48972.2
1748210428935.0,48951.1,48971.1
1748210429154.0,48953.6,48973.6
1748210429649.0,48955.0,48975.0
1748210429750.0,48956.1,48976.1
1748210430112.0,48953.6,48973.6
1748210430213,,
1748210430504.0,48951.1,48971.1
1748210430923.0,48953.6,48973.6
1748210431429.0,48956.1,48976.1
1748210431544.0,48954.7,48974.7
1748210431653.0,48956.1,48976.1
1748210431753.0,48957.5,48977.5
1748210432164.0,48971.4,48991.4
1748210432758.0,48970.0,48990.0
1748210432859,,
1748210433157,,
1748210433531.0,48967.5,48987.5
1748210433729.0,48962.0,48982.0
1748210433868.0,48959.5,48979.5
1748210434201.0,48939.7,48959.7
1748210434350.0,48938.6,48958.6
1748210435079,,
1748210435181.0,48940.0,48960.0
1748210435280.0,48941.1,48961.1
1748210436064.0,48943.9,48963.9
1748210436164.0,48946.1,48966.1
1748210436903.0,48945.0,48965.0
1748210437004.0,48942.5,48962.5
1748210437204.0,48936.1,48956.1
1748210438053.0,48937.5,48957.5
1748210438154.0,48936.1,48956.1
1748210438354.0,48933.6,48953.6
1748210439436,,
1748210439537,,
1748210442256.0,48941.1,48961.1
1748210444154.0,48942.5,48962.5
1748210444253.0,48946.1,48966.1
1748210444454.0,48943.6,48963.6
1748210447058,,
1748210452264.0,48944.7,48964.7
1748210453059.0,48943.6,48963.6
1748210453667.0,48948.6,48968.6
1748210453786.0,48945.9,48965.9
1748210453985.0,48945.0,48965.0
1748210454311.0,48944.7,48964.7
1748210454412.0,48946.1,48966.1
1748210454611.0,48947.5,48967.5
1748210454712.0,48945.9,48965.9
1748210454879.0,48946.1,48966.1
1748210455178.0,48944.7,48964.7
1748210455386.0,48943.6,48963.6
1748210455983.0,48944.7,48964.7
1748210456083.0,48948.6,48968.6
1748210456448.0,48947.5,48967.5
1748210456679.0,48948.6,48968.6
1748210460112,,
1748210460210.0,48950.9,48970.9
1748210460462.0,48947.2,48967.2
1748210460561,,
1748210462174,,
1748210464154.0,48951.1,48971.1
1748210464254.0,48952.5,48972.5
1748210464599.0,48953.6,48973.6
1748210466054.0,48951.1,48971.1
1748210466255.0,48953.6,48973.6
1748210469165.0,48952.2,48972.2
1748210469265.0,48951.1,48971.1
1748210471057.0,48949.7,48969.7
1748210471157.0,48948.6,48968.6
1748210471888,,
1748210472087.0,48952.5,48972.5
1748210472190.0,48956.1,48976.1
1748210472990.0,48953.6,48973.6
1748210473092.0,48946.1,48966.1
1748210473859.0,48943.4,48963.4
1748210473960.0,48941.1,48961.1
1748210474259.0,48941.1,48961.1
1748210479054.0,48939.7,48959.7
1748210479155.0,48936.1,48956.1
1748210480158.0,48934.7,48954.7
1748210480429.0,48933.6,48953.6
1748210480531.0,48934.7,48954.7
1748210480736.0,48933.6,48953.6
1748210480937.0,48936.1,48956.1
1748210481037.0,48933.6,48953.6
1748210481337.0,48934.7,48954.7
1748210481488.0,48933.6,48953.6
1748210482785,,
1748210482885.0,48936.1,48956.1
1748210483150.0,48932.2,48952.2
1748210483250.0,48931.1,48951.1
1748210484212.0,48930.0,48950.0
1748210484311.0,48931.1,48951.1
1748210486463,,
1748210487482.0,48933.6,48953.6
1748210487581,,
1748210487953,,
1748210488053.0,48910.9,48930.9
1748210489114.0,48907.2,48927.2
1748210489214.0,48908.6,48928.6
1748210499857,,
1748210504204,,
1748210507234,,
1748210509532.0,48910.0,48930.0
1748210509631.0,48907.0,48927.0
1748210509732.0,48901.1,48921.1
1748210511050.0,48903.6,48923.6
1748210511277.0,48902.3,48922.3
1748210518053.0,48902.5,48922.5
1748210518253.0,48903.6,48923.6
1748210520034.0,48901.1,48921.1
1748210522299.0,48881.1,48901.1
1748210524860.0,48878.6,48898.6
1748210524961.0,48875.0,48895.0
1748210525175.0,48873.9,48893.9
1748210535008.0,48872.7,48892.7
1748210550258.0,48874.1,48894.1
1748210550358.0,48875.2,48895.2
1748210553215.0,48873.6,48893.6
1748210559141.0,48876.1,48896.1
1748210561128.0,48878.4,48898.4
1748210561227.0,48883.9,48903.9
1748210564121.0,48881.1,48901.1
1748210571061.0,48876.1,48896.1
1748210573549,,
1748210580301,,
1748210582153.0,48880.2,48900.2
1748210582251.0,48883.6,48903.6
1748210582458.0,48898.6,48918.6
1748210585302.0,48905.0,48925.0
1748210585402.0,48906.1,48926.1
1748210592913.0,48908.6,48928.6
1748210594519,,
1748210594620.0,48921.4,48941.4
1748210595020.0,48923.6,48943.6
1748210596363.0,48926.1,48946.1
1748210596662,,
1748210596903,,
1748210603176.0,48925.0,48945.0
1748210603276.0,48926.1,48946.1
1748210603377.0,48924.8,48944.8
1748210605465.0,48923.6,48943.6
1748210607220,,
1748210607320,,
1748210624318,,
1748210634302.0,48924.8,48944.8
1748210635859.0,48923.6,48943.6
1748210640959.0,48898.4,48918.4
1748210642686.0,48878.6,48898.6
1748210655546.0,48877.3,48897.3
1748210656436.0,48875.9,48895.9
1748210656536.0,48873.6,48893.6
1748210656921.0,48872.3,48892.3
1748210657120.0,48869.8,48889.8
1748210658018.0,48868.6,48888.6
1748210661229.0,48875.0,48895.0
1748210663300.0,48876.1,48896.1
1748210670050.0,48881.1,48901.1
1748210676802.0,48882.3,48902.3
1748210676902.0,48899.8,48919.8
1748210684291.0,48912.3,48932.3
1748210686985.0,48913.6,48933.6
1748210687085.0,48914.8,48934.8
1748210689552.0,48913.6,48933.6
1748210689650.0,48914.8,48934.8
1748210700598.0,48913.4,48933.4
1748210700699.0,48914.8,48934.8
1748210702339.0,48913.4,48933.4
1748210705049.0,48909.8,48929.8
1748210705348.0,48908.6,48928.6
1748210705637.0,48909.8,48929.8
1748210706056.0,48908.6,48928.6
1748210706206.0,48909.8,48929.8
1748210706848.0,48908.6,48928.6
1748210707081.0,48908.6,48928.6
1748210707182.0,48909.8,48929.8
1748210709340.0,48907.3,48927.3
1748210730688.0,48904.8,48924.8
1748210730788.0,48898.9,48918.9
1748210732251,,
1748210732352.0,48897.5,48917.5
1748210733510.0,48899.8,48919.8
1748210741985,,
1748210742819.0,48904.8,48924.8
1748210744826.0,48906.1,48926.1
1748210744926.0,48907.3,48927.3
1748210747460.0,48911.4,48931.4
1748210747559.0,48917.3,48937.3
1748210750117.0,48919.8,48939.8
1748210750824.0,48923.6,48943.6
1748210750932.0,48922.3,48942.3
1748210751986.0,48924.8,48944.8
1748210752453.0,48922.3,48942.3
1748210765592.0,48924.8,48944.8
1748210765692.0,48929.8,48949.8
1748210765795.0,48931.1,48951.1
1748210765980.0,48932.3,48952.3
1748210774472,,
1748210800380.0,48936.2,48956.2
1748210800479.0,48945.9,48965.9
1748210800679.0,48957.3,48977.3
1748210800802.0,48957.5,48977.5
1748210800903.0,48958.7,48978.7
1748210801003,,
1748210801202.0,48962.3,48982.3
1748210801898.0,48965.0,48985.0
1748210801998.0,48971.2,48991.2
1748210802200.0,48976.2,48996.2
1748210802299,,
1748210802527.0,48976.2,48996.2
1748210806247.0,48982.5,49002.5
1748210807254,,
1748210807356.0,48992.8,49012.8
1748210807454.0,48996.2,49016.2
1748210809967.0,48997.5,49017.5
1748210810503.0,48998.7,49018.7
1748210810602.0,48996.2,49016.2
1748210814147,,
1748210816199.0,48997.5,49017.5
1748210816299.0,48998.7,49018.7
1748210817158.0,48997.3,49017.3
1748210817259.0,48991.2,49011.2
1748210817460.0,48993.7,49013.7
1748210818496.0,48998.7,49018.7
1748210819120.0,48998.7,49018.7
1748210819606.0,49000.0,49020.0
1748210819852.0,49002.5,49022.5
1748210820051.0,49003.7,49023.7
1748210820152.0,49001.2,49021.2
1748210820636.0,49001.2,49021.2
1748210820841.0,48998.7,49018.7
1748210821140.0,48997.3,49017.3
1748210821239.0,48996.2,49016.2
1748210821438.0,48994.8,49014.8
1748210823004.0,48993.4,49013.4
1748210823151.0,48994.8,49014.8
1748210825530.0,48979.5,48999.5
1748210825631.0,48967.0,48987.0
1748210825831.0,48963.7,48983.7
1748210825931.0,48966.2,48986.2
1748210830204.0,48967.5,48987.5
1748210830305.0,48966.2,48986.2
1748210832368.0,48964.8,48984.8
1748210832469.0,48963.7,48983.7
1748210832669.0,48966.2,48986.2
1748210833223.0,48963.7,48983.7
1748210833873.0,48964.8,48984.8
1748210833973.0,48963.7,48983.7
1748210835756.0,48965.0,48985.0
1748210835856.0,48964.8,48984.8
1748210835957.0,48963.7,48983.7
1748210837067.0,48965.0,48985.0
1748210837167.0,48966.2,48986.2
1748210837413.0,48963.7,48983.7
1748210840817,,
1748210846351,,
1748210850105.0,48966.2,48986.2
1748210850647.0,48968.7,48988.7
1748210851108.0,48967.3,48987.3
1748210851310.0,48968.7,48988.7
1748210851650.0,48967.3,48987.3
1748210852411.0,48968.7,48988.7
1748210852691.0,48966.2,48986.2
1748210852930.0,48968.7,48988.7
1748210853228.0,48966.2,48986.2
1748210853428.0,48968.7,48988.7
1748210853830.0,48966.2,48986.2
1748210854095.0,48966.2,48986.2
1748210857252.0,48963.7,48983.7
1748210859158.0,48965.0,48985.0
1748210859357.0,48962.3,48982.3
1748210859711.0,48961.2,48981.2
1748210862977.0,48960.0,48980.0
1748210863079.0,48958.7,48978.7
1748210863543.0,48961.2,48981.2
1748210864611.0,48963.7,48983.7
1748210865109.0,48961.2,48981.2
1748210867293.0,48960.0,48980.0
1748210867394.0,48958.7,48978.7
1748210867648.0,48961.2,48981.2
1748210870393.0,48958.7,48978.7
1748210870632.0,48961.2,48981.2
1748210874793.0,48959.8,48979.8
1748210874993.0,48961.2,48981.2
1748210876852.0,48962.5,48982.5
1748210876953.0,48963.7,48983.7
1748210881618.0,48961.2,48981.2
1748210886306.0,48966.2,48986.2
1748210887193.0,48963.7,48983.7
1748210887292.0,48966.2,48986.2
1748210887392.0,48963.7,48983.7
1748210887891.0,48965.0,48985.0
1748210888486.0,48966.4,48986.4
1748210888587.0,48968.7,48988.7
1748210888890.0,48971.2,48991.2
1748210892255.0,48968.7,48988.7
1748210893278.0,48971.2,48991.2
1748210893846.0,48969.8,48989.8
1748210894087.0,48972.5,48992.5
1748210894450.0,48968.7,48988.7
1748210894551.0,48972.3,48992.3
1748210895124.0,48971.2,48991.2
1748210895976.0,48970.0,48990.0
1748210896946.0,48968.7,48988.7
1748210897356.0,48971.2,48991.2
1748210897633.0,48968.7,48988.7
1748210897831.0,48971.2,48991.2
1748210898259.0,48973.7,48993.7
1748210898553.0,48973.7,48993.7
1748210898866.0,48971.2,48991.2
1748210899243.0,48968.7,48988.7
1748210903028.0,48971.2,48991.2
1748210903209.0,48969.8,48989.8
1748210903310.0,48968.7,48988.7
1748210905249.0,48970.0,48990.0
1748210906033.0,48973.7,48993.7
1748210908777.0,48971.2,48991.2
1748210909049.0,48973.7,48993.7
1748210921704.0,48973.7,48993.7
1748210927688.0,48983.0,49003.0
1748210927895.0,48995.3,49015.3
1748210928269.0,48998.7,49018.7
1748210928776.0,48999.8,49019.8
1748210929003.0,49003.7,49023.7
1748210929626.0,49001.2,49021.2
1748210929984.0,49002.5,49022.5
1748210930947.0,49001.2,49021.2
1748210931146.0,49003.7,49023.7
1748210931247.0,49001.2,49021.2
1748210931346.0,49006.2,49026.2
1748210931816.0,49005.0,49025.0
1748210931917.0,49001.2,49021.2
1748210932356.0,49003.9,49023.9
1748210932631.0,49006.2,49026.2
1748210932876.0,49004.8,49024.8
1748210932975.0,49001.2,49021.2
1748210933671.0,49003.4,49023.4
1748210934402.0,49001.2,49021.2
1748210940614.0,48999.8,49019.8
1748210940888.0,48998.7,49018.7
1748210940987.0,48996.2,49016.2
1748210942084.0,49001.2,49021.2
1748210943075.0,48998.7,49018.7
1748210943175.0,49001.2,49021.2
1748210943475,,
1748210943846.0,48997.5,49017.5
1748210943947.0,48996.2,49016.2
1748210949684.0,49005.0,49025.0
1748210964632.0,49007.5,49027.5
1748210977753,,
1748210977854,,
1748210978821.0,49008.7,49028.7
1748210979901,,
1748210980000.0,49002.8,49022.8
1748210980201.0,49001.2,49021.2
1748210981818.0,48999.8,49019.8
1748210983787.0,48998.7,49018.7
1748210983888.0,49001.2,49021.2
1748210984316.0,48998.7,49018.7
1748210984416.0,49001.2,49021.2
1748210984718.0,48999.8,49019.8
1748210984934.0,49000.0,49020.0
1748210985030.0,48998.7,49018.7
1748210986171.0,48982.3,49002.3
1748210994073.0,48979.8,48999.8
1748210995370.0,48997.8,49017.8
1748210995469.0,49001.2,49021.2
1748210997288.0,48997.3,49017.3
1748210997800.0,48996.2,49016.2
1748210999506.0,48998.7,49018.7
1748210999816.0,48993.7,49013.7
1748211000126.0,48997.3,49017.3
1748211000983.0,48991.2,49011.2
1748211001426.0,48988.7,49008.7
1748211008171.0,48986.2,49006.2
1748211009282.0,48987.3,49007.3
1748211009483.0,48986.2,49006.2
1748211011005.0,48983.7,49003.7
1748211014817.0,48986.2,49006.2
1748211015937.0,48983.7,49003.7
1748211019438.0,48986.2,49006.2
1748211021675.0,48987.3,49007.3
1748211022207.0,48986.2,49006.2
1748211022702.0,48983.7,49003.7
1748211045467.0,48986.2,49006.2
1748211055468.0,48988.7,49008.7
1748211056963.0,48987.3,49007.3
1748211057065.0,48984.8,49004.8
1748211059396.0,48983.7,49003.7
1748211059878.0,48981.2,49001.2
1748211064751.0,48977.1,48997.1
1748211068302.0,48975.9,48995.9
1748211068502.0,48974.8,48994.8
1748211069570.0,48975.9,48995.9
1748211069871.0,48973.4,48993.4
1748211077074.0,48969.8,48989.8
1748211079551.0,48967.3,48987.3
1748211083673.0,48965.9,48985.9
1748211083772.0,48964.8,48984.8
1748211091084,,
1748211091283.0,48950.9,48970.9
1748211095549.0,48948.4,48968.4
1748211097150,,
1748211097397.0,48944.8,48964.8
1748211097693.0,48945.9,48965.9
1748211098381.0,48947.3,48967.3
1748211100193.0,48948.7,48968.7
1748211100418.0,48950.1,48970.1
1748211101069.0,48951.2,48971.2
1748211101269.0,48953.7,48973.7
1748211119366,,
1748211126684.0,48955.1,48975.1
1748211126784.0,48956.2,48976.2
1748211139752,,
1748211139851.0,48957.3,48977.3
1748211140209.0,48958.7,48978.7
1748211146095,,
1748211158780.0,48961.2,48981.2
1748211159087.0,48963.7,48983.7
1748211167637,,
1748211169112.0,48966.2,48986.2
1748211169381.0,48968.7,48988.7
1748211169669.0,48967.3,48987.3
1748211169770.0,48966.2,48986.2
1748211169958.0,48963.7,48983.7
1748211174196.0,48968.7,48988.7
1748211176719.0,48973.7,48993.7
1748211178856.0,48977.6,48997.6
1748211178990.0,48978.7,48998.7
1748211179402.0,48981.2,49001.2
1748211186294.0,48981.2,49001.2
1748211194056.0,48978.7,48998.7
1748211194157.0,48981.2,49001.2
1748211194635.0,48977.3,48997.3
1748211195085.0,48973.4,48993.4
1748211206287.0,48977.3,48997.3
1748211210910.0,48983.7,49003.7
1748211223957.0,48981.2,49001.2
1748211225169.0,48978.7,48998.7
1748211231298.0,48969.8,48989.8
1748211232238.0,48967.3,48987.3
1748211232980.0,48968.7,48988.7
1748211233081.0,48969.8,48989.8
1748211241419.0,48967.3,48987.3
1748211242234.0,48969.8,48989.8
1748211242434.0,48967.3,48987.3
1748211250852.0,48966.2,48986.2
1748211250953.0,48960.9,48980.9
1748211252993.0,48954.8,48974.8
1748211253426.0,48951.4,48971.4
1748211253527.0,48948.7,48968.7
1748211255585.0,48947.3,48967.3
1748211256829.0,48946.2,48966.2
1748211256928.0,48944.8,48964.8
1748211260330.0,48942.6,48962.6
1748211260430.0,48938.7,48958.7
1748211267441,,
1748211275505.0,48941.2,48961.2
1748211276624.0,48945.1,48965.1
1748211280403.0,48947.6,48967.6
1748211288815.0,48948.7,48968.7
1748211302233.0,48946.2,48966.2
1748211308225,,
1748211308325.0,48938.7,48958.7
1748211314599.0,48932.3,48952.3
1748211315378.0,48931.0,48951.0
1748211318078.0,48929.8,48949.8
1748211328746,,
1748211332151.0,48928.7,48948.7
1748211339005.0,48926.2,48946.2
1748211357256.0,48928.7,48948.7
1748211447725.0,48930.1,48950.1
1748211447825.0,48931.2,48951.2
1748211465238.0,48932.6,48952.6
1748211477936.0,48931.2,48951.2
1748211483674.0,48928.7,48948.7
1748211484061.0,48926.2,48946.2
1748211485398.0,48928.7,48948.7
1748211485627.0,48927.3,48947.3
1748211485727.0,48928.7,48948.7
1748211487156.0,48928.7,48948.7
1748211487262.0,48926.2,48946.2
1748211488997.0,48921.2,48941.2
1748211489099.0,48918.7,48938.7
1748211490033.0,48919.8,48939.8
1748211490133.0,48918.7,48938.7
1748211498306.0,48920.1,48940.1
1748211498631.0,48921.2,48941.2
1748211505205.0,48919.8,48939.8
1748211505304.0,48918.7,48938.7
1748211508888.0,48917.3,48937.3
1748211508988.0,48916.2,48936.2
1748211509547.0,48918.7,48938.7
1748211509847.0,48916.2,48936.2
1748211513984.0,48918.7,48938.7
1748211522585.0,48921.2,48941.2
1748211526239.0,48916.2,48936.2
1748211526934.0,48918.7,48938.7
1748211527557.0,48917.3,48937.3
1748211527657.0,48918.7,48938.7
1748211528114.0,48916.2,48936.2
1748211528303.0,48917.6,48937.6
1748211534133.0,48918.7,48938.7
1748211534816.0,48917.3,48937.3
1748211540015.0,48916.2,48936.2
1748211541700.0,48913.5,48933.5
1748211587468.0,48906.2,48926.2
1748211587568.0,48901.2,48921.2
1748211591255,,
1748211591514.0,48907.6,48927.6
1748211592270.0,48908.7,48928.7
1748211599908.0,48912.6,48932.6
1748211601767.0,48915.1,48935.1
1748211602558.0,48917.6,48937.6
1748211602752.0,48916.2,48936.2
1748211606625.0,48913.7,48933.7
1748211609131.0,48911.2,48931.2
1748211609624.0,48912.6,48932.6
1748211610442.0,48913.7,48933.7
1748211610641.0,48916.2,48936.2
1748211610827.0,48911.2,48931.2
1748211611660.0,48912.6,48932.6
1748211613219.0,48911.2,48931.2
1748211616109.0,48913.7,48933.7
1748211622576.0,48911.2,48931.2
1748211624157.0,48909.9,48929.9
1748211624257.0,48910.1,48930.1
1748211624357.0,48908.7,48928.7
1748211624518.0,48911.2,48931.2
1748211624943.0,48908.7,48928.7
1748211625180.0,48906.2,48926.2
1748211649955.0,48904.9,48924.9
1748211650055.0,48902.6,48922.6
1748211655897.0,48891.0,48911.0
1748211658649.0,48889.9,48909.9
1748211664191.0,48887.4,48907.4
1748211670059.0,48886.2,48906.2
1748211681442.0,48886.2,48906.2
1748211688187.0,48885.1,48905.1
1748211688287.0,48883.7,48903.7
1748211688690.0,48885.1,48905.1
1748211690025.0,48886.2,48906.2
1748211699039.0,48888.7,48908.7
1748211704702.0,48887.4,48907.4
1748211704808.0,48886.2,48906.2
1748211705152.0,48888.7,48908.7
1748211705785.0,48886.2,48906.2
1748211707395.0,48888.7,48908.7
1748211708196.0,48886.2,48906.2
1748211714392.0,48883.7,48903.7
1748211716195.0,48881.2,48901.2
1748211719732.0,48878.7,48898.7
1748211722891,,
1748211724333.0,48881.2,48901.2
1748211726413.0,48890.4,48910.4
1748211726868.0,48891.5,48911.5
1748211729337.0,48892.6,48912.6
1748211730736.0,48890.1,48910.1
1748211732658.0,48892.6,48912.6
1748211734342.0,48890.1,48910.1
1748211735513.0,48891.5,48911.5
1748211735611.0,48892.6,48912.6
1748211737048.0,48892.6,48912.6
1748211740748.0,48893.7,48913.7
1748211741157.0,48897.6,48917.6
1748211743325.0,48896.5,48916.5
1748211743425.0,48895.1,48915.1
1748211746996.0,48897.6,48917.6
1748211750898.0,48899.0,48919.0
1748211751263.0,48901.2,48921.2
1748211751837.0,48903.7,48923.7
1748211753518.0,48902.4,48922.4
1748211756895,,
1748211759378.0,48901.2,48921.2
1748211760232.0,48898.7,48918.7
1748211766816.0,48897.4,48917.4
1748211767522,,
1748211767621.0,48898.7,48918.7
1748211773181.0,48900.1,48920.1
1748211775221.0,48901.2,48921.2
1748211778946.0,48903.7,48923.7
1748211780273.0,48902.4,48922.4
1748211780647.0,48901.2,48921.2
1748211787575.0,48898.7,48918.7
1748211789399.0,48892.4,48912.4
1748211793498.0,48893.7,48913.7
1748211800662.0,48891.2,48911.2
1748211803222.0,48889.9,48909.9
1748211812406.0,48887.4,48907.4
1748211814447.0,48886.2,48906.2
1748211815375.0,48883.7,48903.7
1748211817743.0,48881.2,48901.2
1748211818865.0,48878.7,48898.7
1748211826852,,
1748211826954.0,48873.5,48893.5
1748211827388.0,48872.1,48892.1
1748211827487.0,48869.9,48889.9
1748211828267.0,48867.4,48887.4
1748211829202.0,48869.9,48889.9
1748211835102.0,48867.4,48887.4
1748211838716.0,48866.2,48886.2
1748211842204.0,48866.3,48886.3
1748211843146.0,48867.6,48887.6
1748211843246.0,48871.3,48891.3
1748211848225,,
1748211855609,,
1748211855710.0,48872.6,48892.6
1748211860668.0,48871.3,48891.3
1748211861963.0,48872.4,48892.4
1748211862062.0,48873.8,48893.8
1748211871379.0,48876.3,48896.3
1748211881555.0,48879.6,48899.6
1748211881655.0,48883.8,48903.8
1748211883918.0,48886.3,48906.3
1748211884043.0,48887.4,48907.4
1748211884141.0,48888.8,48908.8
1748211887325.0,48887.6,48907.6
1748211887424.0,48886.3,48906.3
1748211888026.0,48888.8,48908.8
1748211888227.0,48886.3,48906.3
1748211895328.0,48888.8,48908.8
1748211895724.0,48886.3,48906.3
1748211896387.0,48893.8,48913.8
1748211899186,,
1748211902148.0,48891.3,48911.3
1748211902751.0,48892.6,48912.6
1748211903868.0,48893.8,48913.8
1748211906399.0,48891.3,48911.3
1748211909472.0,48889.9,48909.9
1748211909825.0,48888.8,48908.8
1748211912874.0,48887.4,48907.4
1748211915010.0,48886.3,48906.3
1748211915429.0,48888.8,48908.8
1748211915529.0,48887.4,48907.4
1748211916445.0,48883.8,48903.8
1748211929366.0,48885.1,48905.1
1748211930015.0,48886.3,48906.3
1748211931562.0,48888.8,48908.8
1748211932996.0,48886.3,48906.3
1748211933489.0,48891.3,48911.3
1748211934118.0,48897.6,48917.6
1748211934522.0,48903.8,48923.8
1748211934620.0,48908.8,48928.8
1748211935361.0,48906.5,48926.5
1748211935461.0,48903.8,48923.8
1748211936061.0,48899.9,48919.9
1748211936290.0,48896.3,48916.3
1748211936619.0,48894.9,48914.9
1748211936740.0,48893.8,48913.8
1748211938624.0,48892.4,48912.4
1748211938725.0,48891.3,48911.3
1748211940968.0,48891.0,48911.0
1748211941068.0,48888.8,48908.8
1748211942865,,
1748211960119.0,48886.3,48906.3
1748211966537.0,48883.8,48903.8
1748211968547.0,48886.3,48906.3
1748211968929.0,48884.9,48904.9
1748211969854.0,48883.8,48903.8
1748211969955.0,48886.3,48906.3
1748211972456.0,48885.1,48905.1
1748211972555.0,48883.8,48903.8
1748211974200.0,48881.3,48901.3
1748211974583.0,48879.9,48899.9
1748211975009.0,48878.8,48898.8
1748211975481.0,48881.3,48901.3
1748211980400.0,48878.5,48898.5
1748211980500.0,48876.3,48896.3
1748211985931.0,48878.8,48898.8
1748211986183.0,48881.5,48901.5
1748211986408.0,48883.8,48903.8
1748211989221.0,48885.1,48905.1
1748211989474.0,48886.3,48906.3
1748211990180.0,48887.4,48907.4
1748211990281.0,48888.8,48908.8
1748211992255.0,48891.3,48911.3
1748211995583.0,48893.8,48913.8
1748211995905.0,48896.3,48916.3
1748211996924.0,48893.8,48913.8
1748212003915.0,48896.3,48916.3
1748212004960.0,48893.8,48913.8
1748212006873.0,48896.3,48916.3
1748212009087.0,48893.8,48913.8
1748212009363.0,48896.3,48916.3
1748212009989.0,48893.8,48913.8
1748212014578.0,48896.3,48916.3
1748212015931.0,48893.8,48913.8
1748212019143.0,48896.3,48916.3
1748212021377.0,48893.8,48913.8
1748212023094.0,48897.6,48917.6
1748212023195.0,48896.3,48916.3
1748212023504.0,48897.4,48917.4
1748212023603.0,48898.8,48918.8
1748212025364.0,48897.6,48917.6
1748212025565.0,48898.8,48918.8
1748212026533.0,48896.3,48916.3
1748212026634.0,48897.6,48917.6
1748212027813.0,48897.4,48917.4
1748212027913.0,48896.3,48916.3
1748212028376.0,48898.8,48918.8
1748212028576.0,48896.3,48916.3
1748212028831.0,48898.8,48918.8
1748212029405.0,48897.4,48917.4
1748212029506.0,48896.3,48916.3
1748212029709.0,48897.6,48917.6
1748212029808.0,48898.8,48918.8
1748212029910.0,48896.3,48916.3
1748212030345.0,48898.8,48918.8
1748212030647.0,48897.6,48917.6
1748212030746.0,48896.3,48916.3
1748212032440.0,48898.8,48918.8
1748212033825.0,48896.3,48916.3
1748212033927.0,48897.6,48917.6
1748212034316.0,48897.4,48917.4
1748212034415.0,48896.3,48916.3
1748212034584.0,48898.8,48918.8
1748212036589.0,48898.8,48918.8
1748212047959.0,48901.0,48921.0
1748212048058.0,48905.1,48925.1
1748212053056.0,48906.3,48926.3
1748212060953.0,48903.8,48923.8
1748212064238,,
1748212092095.0,48901.3,48921.3
1748212110180.0,48903.8,48923.8
1748212116754.0,48906.3,48926.3
1748212118467.0,48903.8,48923.8
1748212118565.0,48901.3,48921.3
1748212129127.0,48898.8,48918.8
1748212140143.0,48896.3,48916.3
1748212149973,,
1748212150075,,
1748212160046.0,48894.0,48914.0
1748212160146.0,48878.8,48898.8
1748212167887,,
1748212171868,,
1748212178658.0,48883.8,48903.8
1748212180637,,
1748212184747.0,48888.8,48908.8
1748212189359.0,48892.7,48912.7
1748212194560.0,48893.8,48913.8
1748212198950.0,48898.8,48918.8
1748212200709.0,48907.7,48927.7
1748212201447,,
1748212201647.0,48904.9,48924.9
1748212211343.0,48903.8,48923.8
1748212216926.0,48886.3,48906.3
1748212226623,,
1748212228845.0,48887.7,48907.7
1748212229124.0,48888.8,48908.8
1748212232336.0,48888.8,48908.8
1748212232999.0,48887.4,48907.4
1748212233121.0,48886.3,48906.3
1748212234480.0,48887.4,48907.4
1748212234579.0,48888.8,48908.8
1748212242503.0,48886.3,48906.3
1748212247191.0,48887.7,48907.7
1748212247292.0,48888.8,48908.8
1748212257384.0,48886.3,48906.3
1748212257771.0,48888.8,48908.8
1748212277340.0,48887.4,48907.4
1748212277440.0,48886.3,48906.3
1748212278695,,
1748212278795,,
1748212304829,,
1748212305406.0,48887.4,48907.4
1748212305505.0,48888.8,48908.8
1748212306875,,
1748212306976.0,48886.3,48906.3
1748212310622.0,48888.8,48908.8
1748212310903.0,48887.4,48907.4
1748212313947.0,48886.3,48906.3
1748212319536,,
1748212320161.0,48884.9,48904.9
1748212321713.0,48881.3,48901.3
1748212332380.0,48880.2,48900.2
1748212333118.0,48879.9,48899.9
1748212333219.0,48878.8,48898.8
1748212340509.0,48877.7,48897.7
1748212340608.0,48874.9,48894.9
1748212341046.0,48873.8,48893.8
1748212342826.0,48871.3,48891.3
1748212367494,,
1748212368873.0,48872.7,48892.7
1748212380502.0,48873.8,48893.8
1748212381603.0,48874.9,48894.9
1748212382195.0,48878.8,48898.8
1748212386471.0,48881.3,48901.3
1748212394919.0,48878.8,48898.8
1748212397865.0,48881.3,48901.3
1748212398002.0,48879.9,48899.9
1748212400121.0,48878.8,48898.8
1748212406702.0,48881.3,48901.3
1748212411767.0,48882.7,48902.7
1748212411867.0,48883.8,48903.8
1748212416235.0,48886.3,48906.3
1748212416485.0,48889.9,48909.9
1748212416607,,
1748212416708.0,48892.7,48912.7
1748212416956.0,48894.9,48914.9
1748212417598.0,48897.4,48917.4
1748212419640.0,48898.8,48918.8
1748212419740.0,48900.2,48920.2
1748212423882.0,48910.2,48930.2
1748212424075.0,48912.7,48932.7
1748212425306.0,48913.8,48933.8
1748212425405.0,48915.2,48935.2
1748212425760.0,48912.7,48932.7
1748212427675.0,48920.2,48940.2
1748212427874.0,48930.2,48950.2
1748212428564.0,48928.8,48948.8
1748212428663.0,48927.7,48947.7
1748212429221.0,48926.3,48946.3
1748212431931.0,48925.2,48945.2
1748212432031.0,48921.3,48941.3
1748212435316.0,48919.9,48939.9
1748212436045.0,48918.8,48938.8
1748212445454.0,48920.2,48940.2
1748212459125.0,48918.8,48938.8
1748212459225.0,48915.2,48935.2
1748212498680.0,48913.8,48933.8
1748212500869.0,48912.4,48932.4
1748212500968.0,48908.8,48928.8
1748212510604.0,48903.8,48923.8
1748212513987.0,48908.8,48928.8
1748212516759.0,48911.3,48931.3
1748212541265.0,48912.7,48932.7
1748212550206.0,48916.3,48936.3
1748212551301.0,48917.7,48937.7
1748212551400,,
1748212561146.0,48916.3,48936.3
1748212561246.0,48917.7,48937.7
1748212561934.0,48917.7,48937.7
1748212562214.0,48917.7,48937.7
1748212562732.0,48915.2,48935.2
1748212562832.0,48917.7,48937.7
1748212562933.0,48915.2,48935.2
1748212569245.0,48917.4,48937.4
1748212569345.0,48916.3,48936.3
1748212570729.0,48918.8,48938.8
1748212579473.0,48917.4,48937.4
1748212579571.0,48913.8,48933.8
1748212597998.0,48910.0,48930.0
1748212604853.0,48908.8,48928.8
1748212604950.0,48907.5,48927.5
1748212620951.0,48908.8,48928.8
1748212623327.0,48906.3,48926.3
1748212631081.0,48905.2,48925.2
1748212631181.0,48903.8,48923.8
1748212638120.0,48906.3,48926.3
1748212651484.0,48908.8,48928.8
1748212652434.0,48911.3,48931.3
1748212666651.0,48908.8,48928.8
1748212672783.0,48910.2,48930.2
1748212675204.0,48911.3,48931.3
1748212677901.0,48908.8,48928.8
1748212680110.0,48913.8,48933.8
1748212681529.0,48908.8,48928.8
1748212684948.0,48911.3,48931.3
1748212692877.0,48908.8,48928.8
1748212711419.0,48892.5,48912.5
1748212711519.0,48890.0,48910.0
1748212712246.0,48888.8,48908.8
1748212714056.0,48891.3,48911.3
1748212715456.0,48888.8,48908.8
1748212716705.0,48891.3,48911.3
1748212717257.0,48888.8,48908.8
1748212722942.0,48890.2,48910.2
1748212723041.0,48888.8,48908.8
1748212727069.0,48886.3,48906.3
1748212739695.0,48888.8,48908.8
1748212740111,,
1748212746663.0,48883.8,48903.8
1748212755009.0,48882.7,48902.7
1748212759018,,
1748212759119.0,48881.3,48901.3
1748212764175.0,48887.7,48907.7
1748212767599.0,48891.3,48911.3
1748212773429.0,48892.7,48912.7
1748212774853.0,48888.8,48908.8
1748212776028.0,48893.8,48913.8
1748212791949.0,48896.3,48916.3
1748212792353.0,48893.8,48913.8
1748212792653.0,48896.3,48916.3
1748212816387.0,48893.8,48913.8
1748212816687.0,48896.6,48916.6
1748212817149.0,48898.8,48918.8
1748212823247.0,48897.5,48917.5
1748212823346.0,48896.3,48916.3
1748212824592.0,48896.1,48916.1
1748212827491.0,48893.8,48913.8
1748212849439.0,48897.7,48917.7
1748212863401.0,48903.8,48923.8
1748212863600.0,48906.3,48926.3
1748212864164.0,48908.8,48928.8
1748212868262.0,48911.3,48931.3
1748212869762.0,48908.8,48928.8
1748212878700.0,48906.3,48926.3
1748212879376.0,48901.3,48921.3
1748212879521.0,48900.0,48920.0
1748212879722.0,48897.7,48917.7
1748212879821.0,48896.3,48916.3
1748212890016.0,48896.4,48916.4
1748212890260.0,48893.9,48913.9
1748212893663.0,48897.5,48917.5
1748212898657.0,48897.7,48917.7
1748212900762.0,48896.4,48916.4
1748212906516.0,48898.9,48918.9
1748212906807.0,48897.7,48917.7
1748212906908.0,48896.4,48916.4
1748212911834.0,48898.9,48918.9
1748212931307,,
1748212931408.0,48907.7,48927.7
1748212956780.0,48912.7,48932.7
1748212961568.0,48913.9,48933.9
1748212963865.0,48911.4,48931.4
1748212976014.0,48908.9,48928.9
1748212983707.0,48911.4,48931.4
1748212983808.0,48910.0,48930.0
1748212983957.0,48908.9,48928.9
1748212984982.0,48908.9,48928.9
1748212986118.0,48905.2,48925.2
1748212996226.0,48902.7,48922.7
1748213006489.0,48901.4,48921.4
1748213006590.0,48900.0,48920.0
1748213006697.0,48901.4,48921.4
1748213024591,,
1748213024690.0,48903.9,48923.9
1748213034948.0,48908.9,48928.9
1748213036396.0,48911.4,48931.4
1748213040610.0,48913.9,48933.9
1748213045090.0,48912.7,48932.7
1748213045189.0,48911.4,48931.4
1748213054617,,
1748213089671.0,48908.9,48928.9
1748213089772.0,48906.4,48926.4
1748213100792,,
1748213107697,,
1748213109946.0,48908.9,48928.9
1748213112225.0,48910.0,48930.0
1748213112324.0,48911.4,48931.4
1748213117718.0,48913.9,48933.9
1748213141537,,
1748213162050.0,48923.9,48943.9
1748213167498.0,48926.4,48946.4
1748213167769.0,48927.7,48947.7
1748213167869.0,48928.9,48948.9
1748213174983.0,48928.9,48948.9
1748213193991,,
1748213194091,,
1748213195313.0,48927.8,48947.8
1748213195415.0,48926.4,48946.4
1748213206586,,
1748213206884.0,48929.1,48949.1
1748213207800.0,48930.3,48950.3
1748213207900.0,48931.4,48951.4
1748213208750.0,48932.5,48952.5
1748213208849.0,48933.9,48953.9
1748213211280.0,48931.4,48951.4
1748213226093.0,48928.9,48948.9
1748213230919.0,48930.0,48950.0
1748213231017.0,48931.4,48951.4
1748213232777.0,48932.8,48952.8
1748213233542.0,48931.4,48951.4
1748213234367.0,48930.3,48950.3
1748213234467.0,48928.9,48948.9
1748213239343.0,48927.5,48947.5
1748213239443.0,48926.4,48946.4
1748213241176.0,48928.9,48948.9
1748213241375.0,48926.4,48946.4
1748213241917.0,48927.8,48947.8
1748213242038.0,48927.5,48947.5
1748213242138.0,48928.9,48948.9
1748213244812.0,48926.4,48946.4
1748213248828.0,48927.8,48947.8
1748213248929.0,48928.9,48948.9
1748213249029.0,48926.4,48946.4
1748213264692.0,48928.9,48948.9
1748213278873.0,48927.5,48947.5
1748213278971.0,48926.4,48946.4
1748213295014.0,48928.9,48948.9
1748213303782.0,48931.4,48951.4
1748213316863,,
1748213316962.0,48932.8,48952.8
1748213319136.0,48935.3,48955.3
1748213320303.0,48933.9,48953.9
1748213321556.0,48935.3,48955.3
1748213321695.0,48936.4,48956.4
1748213326531.0,48933.9,48953.9
1748213327964.0,48938.9,48958.9
1748213328688.0,48936.4,48956.4
1748213337630.0,48935.0,48955.0
1748213337728.0,48931.4,48951.4
1748213340142.0,48930.0,48950.0
1748213340241.0,48928.7,48948.7
1748213341264.0,48925.0,48945.0
1748213341984.0,48923.9,48943.9
1748213346619.0,48921.2,48941.2
1748213346719.0,48918.9,48938.9
1748213350368,,
1748213369216.0,48916.4,48936.4
1748213374438.0,48918.9,48938.9
1748213375217.0,48917.5,48937.5
1748213375316.0,48916.4,48936.4
1748213380426.0,48918.9,48938.9
1748213381357.0,48917.5,48937.5
1748213381457.0,48916.4,48936.4
1748213385461.0,48917.8,48937.8
1748213386345.0,48918.9,48938.9
1748213391356.0,48921.4,48941.4
1748213401710.0,48922.5,48942.5
1748213401811.0,48923.9,48943.9
1748213402700.0,48928.9,48948.9
1748213406121.0,48932.8,48952.8
1748213412845.0,48935.3,48955.3
1748213412946.0,48936.4,48956.4
1748213417636.0,48938.9,48958.9
1748213418594.0,48941.4,48961.4
1748213421146.0,48938.9,48958.9
1748213424809,,
1748213433721.0,48937.5,48957.5
1748213435920.0,48936.4,48956.4
1748213440580.0,48933.9,48953.9
1748213446111.0,48931.4,48951.4
1748213456084.0,48928.9,48948.9
1748213457051.0,48926.4,48946.4
1748213458610.0,48928.9,48948.9
1748213458709.0,48926.4,48946.4
1748213460738.0,48922.5,48942.5
1748213466012.0,48921.4,48941.4
1748213471227.0,48922.8,48942.8
1748213471606.0,48923.9,48943.9
1748213473946.0,48921.4,48941.4
1748213474045.0,48923.9,48943.9
1748213474781.0,48921.4,48941.4
1748213497599.0,48922.8,48942.8
1748213497860.0,48923.9,48943.9
1748213502249.0,48926.4,48946.4
1748213511272.0,48928.9,48948.9
1748213513736.0,48930.0,48950.0
1748213513836.0,48931.4,48951.4
1748213524617.0,48928.9,48948.9
1748213524782.0,48930.3,48950.3
1748213525391.0,48930.0,48950.0
1748213525491.0,48928.9,48948.9
1748213536385,,
1748213537158.0,48926.4,48946.4
1748213539041.0,48923.9,48943.9
1748213552376.0,48926.4,48946.4
1748213552896.0,48923.9,48943.9
1748213559631.0,48925.0,48945.0
1748213560191.0,48923.9,48943.9
1748213591277.0,48926.4,48946.4
1748213599279,,
1748213605234.0,48927.8,48947.8
1748213605333.0,48926.4,48946.4
1748213612354.0,48922.5,48942.5
1748213613436.0,48918.9,48938.9
1748213625127,,
1748213628529.0,48920.0,48940.0
1748213632290.0,48920.3,48940.3
1748213632473.0,48920.1,48940.1
1748213632706.0,48920.3,48940.3
1748213633353.0,48920.1,48940.1
1748213633454.0,48918.9,48938.9
1748213633654.0,48920.3,48940.3
1748213640011.0,48921.4,48941.4
1748213664064.0,48920.1,48940.1
1748213664165.0,48920.3,48940.3
1748213667901.0,48918.9,48938.9
1748213668217.0,48921.4,48941.4
1748213685228.0,48922.6,48942.6
1748213685328.0,48923.9,48943.9
1748213686887.0,48921.4,48941.4
1748213692469.0,48923.9,48943.9
1748213697031.0,48922.6,48942.6
1748213697131.0,48921.4,48941.4
1748213699907.0,48923.9,48943.9
1748213701296.0,48921.4,48941.4
1748213704976.0,48916.4,48936.4
1748213705076.0,48915.1,48935.1
1748213705356.0,48916.4,48936.4
1748213710191.0,48918.9,48938.9
1748213710290.0,48917.8,48937.8
1748213715011.0,48918.9,48938.9
1748213717343.0,48921.4,48941.4
1748213722858.0,48922.6,48942.6
1748213722958.0,48923.9,48943.9
1748213723572.0,48921.4,48941.4
1748213723773.0,48923.9,48943.9
1748213727794.0,48921.4,48941.4
1748213729111.0,48922.8,48942.8
1748213729211.0,48923.9,48943.9
1748213735835.0,48925.1,48945.1
1748213735935.0,48926.4,48946.4
1748213741762.0,48928.9,48948.9
1748213743998.0,48931.4,48951.4
1748213749951.0,48928.9,48948.9
1748213771960.0,48927.6,48947.6
1748213772061.0,48926.4,48946.4
1748213787554.0,48925.1,48945.1
1748213789615.0,48926.4,48946.4
1748213791970.0,48927.8,48947.8
1748213792071.0,48927.6,48947.6
1748213800738.0,48927.8,48947.8
1748213800840.0,48931.4,48951.4
1748213800939.0,48933.9,48953.9
1748213804962.0,48935.1,48955.1
1748213805061.0,48936.4,48956.4
1748213808188,,
1748213810305.0,48935.1,48955.1
1748213810625.0,48935.1,48955.1
1748213812519.0,48933.9,48953.9
1748213815163.0,48935.3,48955.3
1748213819028.0,48936.4,48956.4
1748213820219.0,48933.9,48953.9
1748213840392.0,48931.4,48951.4
1748213843721.0,48926.4,48946.4
1748213843821.0,48921.4,48941.4
1748213860540,,
1748213861835.0,48918.9,48938.9
1748213870028.0,48916.4,48936.4
1748213881156.0,48914.2,48934.2
1748213881258.0,48908.9,48928.9
1748213882589.0,48906.4,48926.4
1748213883543.0,48904.2,48924.2
1748213883642.0,48900.1,48920.1
1748213884719.0,48901.4,48921.4
1748213892099.0,48898.9,48918.9
1748213909234.0,48893.9,48913.9
1748213912037.0,48895.1,48915.1
1748213912136.0,48898.9,48918.9
1748213914529.0,48893.9,48913.9
1748213922161.0,48892.8,48912.8
1748213922261.0,48891.4,48911.4
1748213930678.0,48892.8,48912.8
1748213930777.0,48893.9,48913.9
1748213931013.0,48890.1,48910.1
1748213931248.0,48890.3,48910.3
1748213931348.0,48893.9,48913.9
1748213932397.0,48894.0,48914.0
1748213936399.0,48896.5,48916.5
1748213939749.0,48895.1,48915.1
1748213940012.0,48894.0,48914.0
1748213940982.0,48896.5,48916.5
1748213949042.0,48895.3,48915.3
1748213949142.0,48896.5,48916.5
1748213977989.0,48887.6,48907.6
1748213983701.0,48889.0,48909.0
1748213984132.0,48884.0,48904.0
1748213985263.0,48889.0,48909.0
1748213991461.0,48886.5,48906.5
1748214000679.0,48889.0,48909.0
1748214001583.0,48891.5,48911.5
1748214005374.0,48894.0,48914.0
1748214006161.0,48891.5,48911.5
1748214007318.0,48892.8,48912.8
1748214007417.0,48894.0,48914.0
1748214018720.0,48899.0,48919.0
1748214024734.0,48901.2,48921.2
1748214024834.0,48904.0,48924.0
1748214031969.0,48906.5,48926.5
1748214034089.0,48909.0,48929.0
1748214039796.0,48910.3,48930.3
1748214039895.0,48910.1,48930.1
1748214045012.0,48909.0,48929.0
1748214045776.0,48910.1,48930.1
1748214055305.0,48909.0,48929.0
1748214061456.0,48904.0,48924.0
1748214101753.0,48901.5,48921.5
1748214108909.0,48900.1,48920.1
1748214109007.0,48899.0,48919.0
1748214112909.0,48901.2,48921.2
1748214113009.0,48904.0,48924.0
1748214116741.0,48899.0,48919.0
1748214122674,,
1748214133068.0,48900.1,48920.1
1748214133855,,
1748214135000.0,48899.0,48919.0
1748214140076.0,48901.5,48921.5
1748214141798.0,48900.1,48920.1
1748214141897.0,48899.0,48919.0
1748214143399.0,48901.5,48921.5
1748214146516.0,48902.6,48922.6
1748214148120.0,48904.0,48924.0
1748214148400.0,48906.5,48926.5
1748214149115.0,48907.8,48927.8
1748214149214.0,48909.0,48929.0
1748214150438.0,48907.6,48927.6
1748214150950.0,48906.5,48926.5
1748214154148.0,48907.6,48927.6
1748214154249.0,48909.0,48929.0
1748214174593.0,48906.5,48926.5
1748214174691.0,48907.8,48927.8
1748214175548.0,48906.5,48926.5
1748214176840.0,48907.8,48927.8
1748214176939.0,48906.5,48926.5
1748214178230.0,48909.0,48929.0
1748214180064.0,48906.5,48926.5
1748214181689.0,48907.8,48927.8
1748214181788.0,48909.0,48929.0
1748214202583.0,48911.5,48931.5
1748214202813.0,48909.0,48929.0
1748214204629.0,48911.5,48931.5
1748214213698.0,48914.0,48934.0
1748214214550.0,48916.5,48936.5
1748214216953.0,48914.0,48934.0
1748214223542.0,48916.5,48936.5
1748214226542.0,48914.0,48934.0
1748214229599.0,48912.6,48932.6
1748214229698.0,48911.5,48931.5
1748214229800.0,48914.0,48934.0
1748214246445.0,48912.6,48932.6
1748214246545.0,48914.0,48934.0
1748214260401.0,48911.5,48931.5
1748214261411.0,48914.0,48934.0
1748214261512.0,48916.5,48936.5
1748214281711.0,48919.0,48939.0
1748214315088.0,48920.1,48940.1
1748214357362.0,48924.0,48944.0
1748214357840,,
1748214359944.0,48926.5,48946.5
1748214361359.0,48926.5,48946.5
1748214362105.0,48929.0,48949.0
1748214362304.0,48926.5,48946.5
1748214367124.0,48927.9,48947.9
1748214369229.0,48927.6,48947.6
1748214369330.0,48929.2,48949.2
1748214370620.0,48931.5,48951.5
1748214373006.0,48931.5,48951.5
1748214373206.0,48930.4,48950.4
1748214373638.0,48931.5,48951.5
1748214373738.0,48929.0,48949.0
1748214379554.0,48930.4,48950.4
1748214379654.0,48931.5,48951.5
1748214386208.0,48929.0,48949.0
1748214386307.0,48930.4,48950.4
1748214387126.0,48929.0,48949.0
1748214390556.0,48930.4,48950.4
1748214396616.0,48929.0,48949.0
1748214399645.0,48930.4,48950.4
1748214399744.0,48931.5,48951.5
1748214413010.0,48930.4,48950.4
1748214414822.0,48930.1,48950.1
1748214414921.0,48931.5,48951.5
1748214416175.0,48929.0,48949.0
1748214417843.0,48931.5,48951.5
1748214420107.0,48930.1,48950.1
1748214420240.0,48929.0,48949.0
1748214438495.0,48929.0,48949.0
1748214439696.0,48934.0,48954.0
1748214443959,,
1748214444059.0,48937.9,48957.9
1748214449058.0,48939.2,48959.2
1748214449158.0,48941.7,48961.7
1748214451233.0,48940.4,48960.4
1748214451524.0,48941.7,48961.7
1748214451825.0,48940.4,48960.4
1748214452107.0,48940.4,48960.4
1748214453226.0,48941.7,48961.7
1748214457077.0,48940.4,48960.4
1748214458236.0,48942.9,48962.9
1748214458335.0,48944.0,48964.0
1748214458435.0,48942.6,48962.6
1748214459114.0,48944.0,48964.0
1748214469026.0,48942.6,48962.6
1748214469127.0,48944.0,48964.0
1748214478714.0,48941.5,48961.5
1748214478814.0,48944.0,48964.0
1748214505102.0,48949.0,48969.0
1748214519169.0,48946.5,48966.5
1748214521562,,
1748214549243.0,48944.0,48964.0
1748214549342.0,48941.5,48961.5
1748214555507.0,48936.5,48956.5
1748214560832.0,48934.0,48954.0
1748214576181.0,48935.4,48955.4
1748214576282.0,48939.0,48959.0
1748214583172.0,48935.1,48955.1
1748214583272.0,48934.0,48954.0
1748214585979.0,48937.6,48957.6
1748214586079.0,48939.0,48959.0
1748214586516.0,48936.5,48956.5
1748214586616.0,48934.0,48954.0
1748214605758.0,48936.8,48956.8
1748214605858.0,48939.0,48959.0
1748214617725,,
1748214645915.0,48944.0,48964.0
1748214647882.0,48946.5,48966.5
1748214652372.0,48944.0,48964.0
1748214656612.0,48945.4,48965.4
1748214656711.0,48946.5,48966.5
1748214667328.0,48949.0,48969.0
1748214730088.0,48946.8,48966.8
1748214739388.0,48945.4,48965.4
1748214739488.0,48949.0,48969.0
1748214752038,,
1748214757089.0,48951.5,48971.5
1748214757797.0,48950.2,48970.2
1748214757897.0,48949.0,48969.0
1748214769306.0,48947.9,48967.9
1748214776107.0,48949.0,48969.0
1748214783412.0,48951.5,48971.5
1748214785575.0,48952.9,48972.9
1748214789075.0,48951.5,48971.5
1748214789923.0,48950.4,48970.4
1748214790024.0,48949.0,48969.0
1748214828164.0,48951.5,48971.5
1748214829232.0,48952.9,48972.9
1748214829435.0,48951.5,48971.5
1748214831103.0,48952.9,48972.9
1748214833589.0,48951.5,48971.5
1748214833857.0,48952.9,48972.9
1748214842598.0,48951.5,48971.5
1748214842695.0,48949.0,48969.0
1748214855302.0,48951.5,48971.5
1748214855401,,
1748214878711.0,48950.2,48970.2
1748214878812.0,48949.0,48969.0
1748214904080.0,48947.9,48967.9
1748214909812.0,48944.0,48964.0
1748214953846.0,48942.7,48962.7
1748214953946.0,48941.5,48961.5
1748214954045.0,48939.0,48959.0
1748214966121.0,48934.0,48954.0
1748214966442.0,48936.5,48956.5
1748214967473.0,48934.0,48954.0
1748214967803.0,48936.5,48956.5
1748214968256.0,48934.0,48954.0
1748214970929,,
1748214971031.0,48936.5,48956.5
1748214972529.0,48934.0,48954.0
1748214972926.0,48936.5,48956.5
1748214980896.0,48935.2,48955.2
1748214980995.0,48934.1,48954.1
1748214986597,,
1748214986696.0,48931.6,48951.6
1748214987594.0,48928.8,48948.8
1748214987695.0,48922.4,48942.4
1748214990007.0,48919.1,48939.1
1748214991211.0,48920.4,48940.4
1748214991310.0,48921.6,48941.6
1748214991514.0,48920.2,48940.2
1748214993045.0,48921.6,48941.6
1748214994206.0,48919.1,48939.1
1748215002000.0,48916.6,48936.6
1748215098458.0,48917.9,48937.9
1748215098557.0,48921.6,48941.6
1748215100050.0,48922.9,48942.9
1748215100150.0,48924.1,48944.1
1748215127647.0,48925.4,48945.4
1748215127747.0,48931.6,48951.6
1748215146626.0,48934.1,48954.1
1748215148080.0,48931.6,48951.6
1748215149013.0,48934.1,48954.1
1748215149113.0,48931.6,48951.6
1748215150409.0,48932.7,48952.7
1748215150509.0,48934.1,48954.1
1748215151373.0,48932.7,48952.7
1748215151473.0,48931.6,48951.6
1748215151698.0,48934.1,48954.1
1748215152366.0,48931.6,48951.6
1748215157647.0,48934.1,48954.1
1748215164250.0,48931.6,48951.6
1748215165311.0,48934.1,48954.1
1748215175643.0,48936.6,48956.6
1748215176757.0,48937.9,48957.9
1748215176857.0,48936.6,48956.6
1748215191509,,
1748215191610.0,48939.1,48959.1
1748215192512.0,48936.6,48956.6
1748215199291.0,48939.1,48959.1
1748215211339.0,48937.9,48957.9
1748215211439.0,48936.6,48956.6
1748215211755.0,48937.9,48957.9
1748215215014.0,48939.1,48959.1
1748215232826.0,48936.6,48956.6
1748215235761.0,48935.4,48955.4
1748215235861.0,48925.2,48945.2
1748215253593,,
1748215259724.0,48924.1,48944.1
1748215259823.0,48921.6,48941.6
1748215269314,,
1748215270377.0,48920.2,48940.2
1748215272454,,
1748215272553.0,48921.6,48941.6
1748215277908.0,48924.1,48944.1
1748215316017.0,48923.0,48943.0
1748215316116.0,48924.1,48944.1
1748215323642.0,48925.5,48945.5
1748215323743.0,48924.1,48944.1
1748215328295.0,48921.6,48941.6
1748215351800.0,48919.1,48939.1
1748215353578.0,48918.0,48938.0
1748215353678.0,48912.7,48932.7
1748215356122.0,48910.2,48930.2
1748215377505.0,48907.7,48927.7
1748215378501.0,48909.1,48929.1
1748215390565,,
1748215390665.0,48910.5,48930.5
1748215442020.0,48911.6,48931.6
1748215481556.0,48914.1,48934.1
1748215481664.0,48915.5,48935.5
1748215482412.0,48916.6,48936.6
1748215494561.0,48920.2,48940.2
1748215500635.0,48921.6,48941.6
1748215505764,,
1748215520019.0,48922.7,48942.7
1748215520118.0,48924.1,48944.1
1748215521671.0,48926.6,48946.6
1748215527843,,
1748215571609.0,48925.2,48945.2
1748215573254.0,48924.1,48944.1
1748215589026.0,48925.2,48945.2
1748215597065.0,48924.1,48944.1
1748215597560.0,48926.6,48946.6
1748215599094.0,48925.2,48945.2
1748215599195.0,48924.1,48944.1
1748215599871.0,48921.6,48941.6
1748215683290.0,48923.0,48943.0
1748215683389.0,48924.1,48944.1
1748215687582.0,48926.6,48946.6
1748215687892.0,48925.2,48945.2
1748215688846.0,48924.1,48944.1
1748215689093.0,48926.6,48946.6
1748215689193.0,48924.1,48944.1
1748215709370.0,48925.5,48945.5
1748215709471.0,48926.6,48946.6
1748215713679.0,48929.1,48949.1
1748215715765.0,48928.0,48948.0
1748215715864.0,48926.6,48946.6
1748215728325.0,48929.1,48949.1
1748215736883.0,48931.6,48951.6
1748215771094,,
1748215771194.0,48929.1,48949.1
1748215779344,,
1748215786104.0,48927.8,48947.8
1748215786203.0,48925.3,48945.3
1748215789157,,
1748215789258.0,48918.0,48938.0
1748215802014.0,48921.4,48941.4
1748215802113.0,48924.1,48944.1
1748215807959.0,48926.6,48946.6
1748215841468.0,48925.5,48945.5
1748215841570.0,48926.9,48946.9
1748215843555.0,48927.8,48947.8
1748215843654.0,48926.6,48946.6
1748215844788.0,48925.3,48945.3
1748215852114.0,48924.1,48944.1
1748215852213.0,48922.8,48942.8
1748215853672.0,48919.1,48939.1
1748215860565.0,48916.6,48936.6
1748215863227.0,48915.5,48935.5
1748215863326.0,48913.0,48933.0
1748215867519.0,48910.5,48930.5
1748215875296.0,48906.4,48926.4
1748215875398.0,48904.1,48924.1
1748215880301,,
1748215880403,,
1748215882115.0,48901.6,48921.6
1748215888322.0,48904.1,48924.1
1748215890803.0,48905.5,48925.5
1748215921015.0,48908.3,48928.3
1748215921116.0,48910.5,48930.5
1748215921522.0,48913.0,48933.0
1748215923404.0,48914.4,48934.4
1748215923504.0,48915.5,48935.5
1748215925255,,
1748215925354.0,48905.3,48925.3
1748215928126.0,48904.1,48924.1
1748215928536.0,48905.5,48925.5
1748215928636.0,48909.1,48929.1
1748215978543.0,48910.5,48930.5
1748215978643.0,48910.3,48930.3
1748215980022.0,48909.1,48929.1
1748215982507.0,48909.1,48929.1
1748215984154.0,48911.9,48931.9
1748215984252.0,48914.1,48934.1
1748216005916.0,48915.3,48935.3
1748216014593.0,48916.6,48936.6
1748216021559.0,48920.3,48940.3
1748216022047.0,48919.1,48939.1
1748216025010.0,48919.2,48939.2
1748216027803.0,48924.2,48944.2
1748216028002.0,48919.2,48939.2
1748216031519.0,48916.7,48936.7
1748216033751.0,48914.4,48934.4
1748216033851.0,48911.7,48931.7
1748216040789.0,48914.2,48934.2
1748216049341.0,48915.5,48935.5
1748216050651.0,48920.5,48940.5
1748216060706.0,48923.0,48943.0
1748216066413.0,48924.2,48944.2
1748216073963.0,48925.5,48945.5
1748216080138.0,48925.3,48945.3
1748216080238.0,48924.2,48944.2
1748216081540.0,48926.7,48946.7
1748216081871.0,48924.2,48944.2
1748216086643.0,48925.5,48945.5
1748216091374.0,48925.3,48945.3
1748216091473.0,48924.2,48944.2
1748216095728.0,48925.5,48945.5
1748216095828.0,48924.2,48944.2
1748216099775.0,48925.5,48945.5
1748216099876.0,48926.7,48946.7
1748216100791.0,48925.5,48945.5
1748216100891,,
1748216101129.0,48926.7,48946.7
1748216104166.0,48929.2,48949.2
1748216104266.0,48930.5,48950.5
1748216105707.0,48929.2,48949.2
1748216105805.0,48930.5,48950.5
1748216106847.0,48929.2,48949.2
1748216110060.0,48930.5,48950.5
1748216110259.0,48930.3,48950.3
1748216115008.0,48929.2,48949.2
1748216116106.0,48931.7,48951.7
1748216116579.0,48930.3,48950.3
1748216116681.0,48931.7,48951.7
1748216118150.0,48934.2,48954.2
1748216131471.0,48931.7,48951.7
1748216133399.0,48933.0,48953.0
1748216133499.0,48934.2,48954.2
1748216183434.0,48931.7,48951.7
1748216185377.0,48930.3,48950.3
1748216185475.0,48929.2,48949.2
1748216192730.0,48921.7,48941.7
1748216202062.0,48920.5,48940.5
1748216202161.0,48919.2,48939.2
1748216206307.0,48917.8,48937.8
1748216206407.0,48919.2,48939.2
1748216237996.0,48916.7,48936.7
1748216238096.0,48919.2,48939.2
1748216246622.0,48916.7,48936.7
1748216248908.0,48917.8,48937.8
1748216249009.0,48919.2,48939.2
1748216250110.0,48917.8,48937.8
1748216250369.0,48919.2,48939.2
1748216252300.0,48914.2,48934.2
1748216259647,,
1748216265094.0,48919.2,48939.2
1748216267340.0,48921.7,48941.7
1748216267440.0,48919.2,48939.2
1748216268287.0,48920.3,48940.3
1748216268511.0,48919.2,48939.2
1748216269277.0,48921.7,48941.7
1748216269478.0,48920.3,48940.3
1748216269870.0,48919.2,48939.2
1748216270114.0,48917.8,48937.8
1748216270215.0,48919.2,48939.2
1748216270315.0,48918.0,48938.0
1748216272285.0,48919.2,48939.2
1748216273216.0,48918.0,48938.0
1748216273316.0,48916.7,48936.7
1748216274761.0,48919.2,48939.2
1748216275556.0,48916.7,48936.7
1748216275757.0,48918.0,48938.0
1748216276677.0,48917.8,48937.8
1748216276778.0,48916.7,48936.7
1748216298288.0,48914.2,48934.2
1748216305375.0,48915.5,48935.5
1748216307277.0,48914.2,48934.2
1748216313080,,
1748216314157,,
1748216333238.0,48914.2,48934.2
1748216342113.0,48916.9,48936.9
1748216343967.0,48915.6,48935.6
1748216344067.0,48918.1,48938.1
1748216347959.0,48915.6,48935.6
1748216348060.0,48918.1,48938.1
1748216348910.0,48915.3,48935.3
1748216349009.0,48914.2,48934.2
1748216356792.0,48911.4,48931.4
1748216357448.0,48914.2,48934.2
1748216357648.0,48909.2,48929.2
1748216374916,,
1748216375315.0,48913.1,48933.1
1748216378716.0,48910.6,48930.6
1748216378917.0,48910.6,48930.6
1748216379018.0,48911.7,48931.7
1748216379877.0,48909.2,48929.2
1748216380700.0,48910.3,48930.3
1748216383298.0,48909.2,48929.2
1748216387832.0,48910.6,48930.6
1748216390781.0,48909.2,48929.2
1748216390982.0,48910.6,48930.6
1748216391453.0,48909.2,48929.2
1748216394435.0,48911.7,48931.7
1748216397416.0,48909.2,48929.2
1748216406224.0,48914.2,48934.2
1748216407538.0,48920.6,48940.6
1748216407864.0,48918.1,48938.1
1748216415694.0,48915.3,48935.3
1748216421889.0,48909.2,48929.2
1748216428482.0,48906.9,48926.9
1748216428580.0,48904.2,48924.2
1748216429726.0,48899.2,48919.2
1748216442864.0,48896.7,48916.7
1748216442963.0,48894.2,48914.2
1748216464777,,
1748216465586.0,48899.2,48919.2
1748216465977.0,48894.2,48914.2
1748216467183.0,48895.6,48915.6
1748216467283.0,48896.7,48916.7
1748216469768.0,48898.1,48918.1
1748216469868.0,48899.2,48919.2
1748216473138.0,48897.8,48917.8
1748216473239.0,48894.2,48914.2
1748216485103.0,48892.8,48912.8
1748216485205.0,48889.2,48909.2
1748216496142.0,48887.8,48907.8
1748216496242.0,48884.2,48904.2
1748216498555.0,48881.7,48901.7
1748216498654.0,48879.2,48899.2
1748216502902.0,48881.7,48901.7
1748216503213.0,48883.1,48903.1
1748216503627.0,48884.2,48904.2
1748216503906.0,48887.8,48907.8
1748216504431.0,48886.7,48906.7
1748216511103.0,48888.1,48908.1
1748216511203.0,48886.7,48906.7
1748216516762.0,48889.2,48909.2
1748216517263.0,48884.2,48904.2
1748216520574.0,48889.2,48909.2
1748216524418.0,48891.7,48911.7
1748216527657.0,48890.6,48910.6
1748216527757.0,48894.2,48914.2
1748216529414.0,48891.5,48911.5
1748216529629.0,48889.2,48909.2
1748216550797.0,48891.7,48911.7
1748216553251.0,48886.7,48906.7
1748216553350.0,48881.7,48901.7
1748216553569.0,48880.3,48900.3
1748216553669.0,48876.7,48896.7
1748216573975.0,48875.6,48895.6
1748216574074.0,48876.7,48896.7
1748216595588,,
1748216603215,,
1748216603512.0,48875.6,48895.6
1748216603613.0,48873.1,48893.1
1748216604100.0,48866.7,48886.7
1748216604549.0,48864.2,48884.2
1748216604651.0,48866.7,48886.7
1748216610445.0,48865.3,48885.3
1748216614815.0,48864.2,48884.2
1748216614914.0,48866.7,48886.7
1748216615915.0,48864.2,48884.2
1748216616485,,
1748216616584.0,48866.7,48886.7
1748216617390.0,48864.2,48884.2
1748216617516.0,48866.7,48886.7
1748216618711.0,48864.2,48884.2
1748216641080.0,48862.8,48882.8
1748216641182.0,48864.2,48884.2
1748216641283.0,48866.7,48886.7
1748216645158.0,48869.2,48889.2
1748216653431.0,48866.7,48886.7
1748216665529.0,48865.3,48885.3
1748216665629.0,48864.2,48884.2
1748216691483.0,48859.2,48879.2
1748216693774.0,48857.8,48877.8
1748216695609.0,48856.7,48876.7
1748216697649.0,48855.6,48875.6
1748216697749.0,48855.3,48875.3
1748216697848.0,48854.2,48874.2
1748216702190.0,48856.7,48876.7
1748216705176.0,48859.2,48879.2
1748216710505.0,48857.8,48877.8
1748216710605.0,48856.7,48876.7
1748216713974.0,48854.5,48874.5
1748216714075.0,48848.1,48868.1
1748216714312.0,48841.7,48861.7
1748216719246.0,48840.6,48860.6
1748216719347.0,48826.7,48846.7
1748216720297.0,48821.7,48841.7
1748216720396.0,48819.2,48839.2
1748216721241,,
1748216723518,,
1748216725907.0,48818.1,48838.1
1748216726008.0,48814.2,48834.2
1748216727285,,
1748216728352,,
1748216729581.0,48813.1,48833.1
1748216729681.0,48814.2,48834.2
1748216729898.0,48816.7,48836.7
1748216730098.0,48819.2,48839.2
1748216730398.0,48824.2,48844.2
1748216734048,,
1748216736927.0,48815.3,48835.3
1748216737253.0,48814.2,48834.2
1748216738236.0,48811.7,48831.7
1748216738861.0,48814.2,48834.2
1748216738961.0,48812.8,48832.8
1748216739062.0,48811.7,48831.7
1748216743867.0,48812.8,48832.8
1748216743966.0,48820.3,48840.3
1748216744169.0,48814.2,48834.2
1748216753392.0,48812.9,48832.9
1748216754167.0,48811.7,48831.7
1748216758386.0,48810.6,48830.6
1748216758486.0,48809.2,48829.2
1748216761170.0,48806.5,48826.5
1748216762188.0,48809.2,48829.2
1748216764675.0,48807.9,48827.9
1748216765403,,
1748216765502.0,48809.2,48829.2
1748216767537.0,48811.7,48831.7
1748216768460.0,48810.4,48830.4
1748216768561.0,48809.2,48829.2
1748216768948,,
1748216769183.0,48807.9,48827.9
1748216769283.0,48806.7,48826.7
1748216770280.0,48805.6,48825.6
1748216770475.0,48806.7,48826.7
1748216771835.0,48801.7,48821.7
1748216772511.0,48800.4,48820.4
1748216772611.0,48799.2,48819.2
1748216773089.0,48798.1,48818.1
1748216773190.0,48796.7,48816.7
1748216773945.0,48794.2,48814.2
1748216774045.0,48799.2,48819.2
1748216774146.0,48794.2,48814.2
1748216777029.0,48795.6,48815.6
1748216777129.0,48798.1,48818.1
1748216781459.0,48797.0,48817.0
1748216781838.0,48798.1,48818.1
1748216782399.0,48794.2,48814.2
1748216786066.0,48793.1,48813.1
1748216786414.0,48791.7,48811.7
1748216786512.0,48790.6,48810.6
1748216787191.0,48786.5,48806.5
1748216789968.0,48785.1,48805.1
1748216790067.0,48782.9,48802.9
1748216790169,,
1748216790422.0,48786.7,48806.7
1748216790701.0,48785.4,48805.4
1748216794472.0,48786.7,48806.7
1748216794981.0,48784.2,48804.2
1748216795532.0,48786.7,48806.7
1748216796034.0,48784.2,48804.2
1748216796481.0,48781.7,48801.7
1748216796581.0,48784.2,48804.2
1748216800194.0,48786.7,48806.7
1748216802609.0,48786.7,48806.7
1748216807072.0,48784.2,48804.2
1748216807656.0,48782.9,48802.9
1748216808101.0,48783.1,48803.1
1748216808203.0,48784.2,48804.2
1748216810712.0,48785.6,48805.6
1748216813018.0,48787.0,48807.0
1748216813119.0,48788.1,48808.1
1748216814228.0,48788.1,48808.1
1748216814574.0,48789.2,48809.2
1748216820126.0,48786.7,48806.7
1748216821076.0,48787.9,48807.9
1748216821174,,
1748216822114.0,48791.7,48811.7
1748216823821.0,48794.2,48814.2
1748216825754.0,48796.7,48816.7
1748216832690,,
1748216832789.0,48799.5,48819.5
1748216841965.0,48802.0,48822.0
1748216844127,,
1748216859208.0,48800.6,48820.6
1748216864945.0,48799.2,48819.2
1748216868250,,
1748216868348.0,48797.9,48817.9
1748216869902.0,48789.2,48809.2
1748216870088.0,48786.7,48806.7
1748216870288.0,48784.2,48804.2
1748216871176.0,48783.1,48803.1
1748216871276.0,48781.7,48801.7
1748216875670.0,48783.1,48803.1
1748216875770.0,48784.2,48804.2
1748216878792.0,48785.6,48805.6
1748216878892.0,48786.7,48806.7
1748216879137.0,48784.2,48804.2
1748216881435.0,48789.2,48809.2
1748216881683.0,48787.9,48807.9
1748216881783.0,48789.2,48809.2
1748216882199.0,48788.1,48808.1
1748216882298.0,48789.2,48809.2
1748216882636.0,48787.9,48807.9
1748216882735.0,48789.2,48809.2
1748216883600.0,48787.9,48807.9
1748216886528.0,48788.1,48808.1
1748216886940.0,48787.9,48807.9
1748216889167.0,48786.7,48806.7
1748216893828,,
1748216909586.0,48787.9,48807.9
1748216909685.0,48789.2,48809.2
1748216912627.0,48786.7,48806.7
1748216918532.0,48782.9,48802.9
1748216919059.0,48780.4,48800.4
1748216919158.0,48780.6,48800.6
1748216920834.0,48779.2,48799.2
1748216922545.0,48775.4,48795.4
1748216923051.0,48772.6,48792.6
1748216924034.0,48766.5,48786.5
1748216924397.0,48765.4,48785.4
1748216925632,,
1748216931450.0,48766.7,48786.7
1748216931642.0,48769.2,48789.2
1748216931741.0,48772.9,48792.9
1748216934335.0,48774.2,48794.2
1748216934625.0,48775.6,48795.6
1748216935346.0,48774.2,48794.2
1748216936742.0,48776.7,48796.7
1748216936843.0,48779.2,48799.2
1748216938460,,
1748216938660.0,48752.9,48772.9
1748216941028.0,48750.4,48770.4
1748216942171.0,48751.7,48771.7
1748216943339.0,48755.6,48775.6
1748216944707,,
1748216946239.0,48756.7,48776.7
1748216946340.0,48759.5,48779.5
1748216947017,,
1748216949814.0,48764.5,48784.5
1748216949914.0,48763.1,48783.1
1748216952141,,
1748216952243.0,48766.7,48786.7
1748216955456,,
1748216957738.0,48765.6,48785.6
1748216957838.0,48761.7,48781.7
1748216962892,,
1748216962992.0,48759.2,48779.2
1748216964368.0,48752.9,48772.9
1748216964650.0,48750.6,48770.6
1748216965953.0,48754.7,48774.7
1748216966052.0,48757.0,48777.0
1748216966302,,
1748216969326.0,48755.4,48775.4
1748216972280.0,48749.2,48769.2
1748216972405.0,48746.7,48766.7
1748216973407.0,48749.2,48769.2
1748216973627.0,48744.2,48764.2
1748216977964,,
1748216991510,,
1748216991859.0,48748.1,48768.1
1748216992300.0,48749.2,48769.2
1748216995434.0,48751.5,48771.5
1748216995533.0,48754.2,48774.2
1748217004895.0,48753.1,48773.1
1748217031645.0,48751.7,48771.7
1748217031746.0,48753.1,48773.1
1748217041594,,
1748217047795,,
1748217047895,,
1748217055696.0,48755.6,48775.6
1748217060059.0,48754.2,48774.2
1748217060159.0,48749.2,48769.2
1748217060842.0,48747.9,48767.9
1748217062095,,
1748217066960.0,48749.2,48769.2
1748217071098.0,48749.3,48769.3
1748217073822,,
1748217073922.0,48747.0,48767.0
1748217074343.0,48745.6,48765.6
1748217104460.0,48740.6,48760.6
1748217106221,,
1748217106320.0,48738.1,48758.1
1748217114093.0,48739.3,48759.3
1748217114654.0,48737.9,48757.9
1748217115828.0,48734.5,48754.5
1748217115927.0,48731.8,48751.8
1748217116600,,
1748217116802.0,48685.9,48705.9
1748217116905.0,48687.2,48707.2
1748217117005.0,48690.6,48710.6
1748217117269.0,48691.8,48711.8
1748217120750.0,48692.9,48712.9
1748217120848.0,48696.8,48716.8
1748217121972.0,48697.9,48717.9
1748217122174.0,48704.3,48724.3
1748217124049,,
1748217124290.0,48710.6,48730.6
1748217126625.0,48711.8,48731.8
1748217127021,,
1748217129684.0,48714.3,48734.3
1748217129984.0,48719.3,48739.3
1748217130555,,
1748217135009.0,48727.9,48747.9
1748217136091.0,48729.3,48749.3
1748217136325,,
1748217136425.0,48726.8,48746.8
1748217140336.0,48727.9,48747.9
1748217140438.0,48729.3,48749.3
1748217144789.0,48726.8,48746.8
1748217148361,,
1748217148687.0,48719.9,48739.9
1748217149675.0,48699.0,48719.0
1748217160057.0,48694.3,48714.3
1748217165432.0,48691.8,48711.8
1748217166145.0,48689.0,48709.0
1748217166345.0,48693.4,48713.4
1748217168534.0,48704.3,48724.3
1748217174134.0,48705.6,48725.6
1748217174233.0,48706.8,48726.8
1748217179457.0,48709.0,48729.0
1748217179557.0,48711.8,48731.8
1748217182733.0,48711.8,48731.8
1748217185050.0,48714.3,48734.3
1748217185250.0,48719.3,48739.3
1748217208966.0,48721.8,48741.8
1748217211801.0,48722.9,48742.9
1748217211903.0,48724.3,48744.3
1748217214100.0,48726.5,48746.5
1748217214199.0,48730.6,48750.6
1748217220369.0,48732.9,48752.9
1748217220468.0,48734.3,48754.3
1748217221850,,
1748217223001.0,48736.8,48756.8
1748217242099,,
1748217242199.0,48740.6,48760.6
1748217242298.0,48741.8,48761.8
1748217249841,,
1748217249941,,
1748217260292.0,48740.6,48760.6
1748217282454,,
1748217284472.0,48743.1,48763.1
1748217301615.0,48743.1,48763.1
1748217322077.0,48741.8,48761.8
1748217323196.0,48743.1,48763.1
1748217323396.0,48741.8,48761.8
1748217327679.0,48743.1,48763.1
1748217330725.0,48740.6,48760.6
1748217331705.0,48741.8,48761.8
1748217332990.0,48740.4,48760.4
1748217333089.0,48739.3,48759.3
1748217337869,,
1748217337968,,
1748217355235.0,48742.0,48762.0
1748217362073.0,48743.1,48763.1
1748217362173,,
1748217385584.0,48744.5,48764.5
1748217385684.0,48745.6,48765.6
1748217386012,,
1748217386112,,
1748217390015.0,48745.7,48765.7
1748217406604.0,48744.3,48764.3
1748217406704.0,48745.7,48765.7
1748217428619,,
1748217429016,,
1748217429556.0,48744.5,48764.5
1748217429655.0,48743.2,48763.2
1748217433950.0,48745.7,48765.7
1748217436953.0,48744.5,48764.5
1748217437054.0,48741.8,48761.8
1748217460732.0,48740.4,48760.4
1748217460834.0,48739.3,48759.3
1748217469438.0,48740.7,48760.7
1748217477487.0,48739.3,48759.3
1748217477587.0,48735.7,48755.7
1748217509001.0,48732.9,48752.9
1748217520741.0,48729.3,48749.3
1748217532212.0,48726.8,48746.8
1748217542238.0,48729.3,48749.3
1748217548186.0,48730.7,48750.7
1748217548401.0,48729.3,48749.3
1748217552050.0,48730.7,48750.7
1748217552491.0,48729.3,48749.3
1748217552816.0,48730.7,48750.7
1748217553409.0,48729.3,48749.3
1748217555365.0,48730.7,48750.7
1748217555565.0,48729.3,48749.3
1748217565311.0,48730.7,48750.7
1748217565512.0,48729.3,48749.3
1748217566757.0,48730.7,48750.7
1748217570266.0,48729.3,48749.3
1748217570366.0,48730.7,48750.7
1748217581599.0,48733.2,48753.2
1748217599032.0,48735.7,48755.7
1748217601273.0,48738.2,48758.2
1748217602698,,
1748217605184.0,48736.8,48756.8
1748217606102.0,48740.4,48760.4
1748217606203.0,48741.8,48761.8
1748217610211.0,48738.2,48758.2
1748217610311.0,48736.8,48756.8
1748217618009.0,48738.2,48758.2
1748217618108.0,48736.8,48756.8
1748217618846.0,48739.3,48759.3
1748217619490.0,48739.3,48759.3
1748217619766.0,48736.8,48756.8
1748217619865.0,48738.2,48758.2
1748217620075.0,48739.3,48759.3
1748217620885.0,48737.9,48757.9
1748217621341.0,48739.3,48759.3
1748217621464.0,48737.9,48757.9
1748217621631.0,48739.3,48759.3
1748217622061.0,48736.8,48756.8
1748217628002,,
1748217631116.0,48738.2,48758.2
1748217631217.0,48739.3,48759.3
1748217631716.0,48738.2,48758.2
1748217631816.0,48736.8,48756.8
1748217633372,,
1748217634444.0,48729.3,48749.3
1748217645341.0,48730.4,48750.4
1748217645441.0,48731.8,48751.8
1748217645778.0,48729.3,48749.3
1748217650295.0,48731.8,48751.8
1748217650721.0,48733.2,48753.2
1748217660632.0,48739.5,48759.5
1748217660813.0,48737.0,48757.0
1748217661023.0,48739.5,48759.5
1748217662098,,
1748217663231.0,48743.4,48763.4
1748217668001.0,48749.5,48769.5
1748217671150.0,48752.0,48772.0
1748217671249.0,48755.7,48775.7
1748217673633,,
1748217679868,,
1748217680519,,
1748217682156.0,48749.3,48769.3
1748217690683.0,48751.8,48771.8
1748217691619.0,48750.4,48770.4
1748217691721.0,48749.3,48769.3
1748217696054.0,48746.8,48766.8
1748217702220.0,48744.3,48764.3
1748217704519.0,48742.9,48762.9
1748217705404.0,48740.4,48760.4
1748217705603.0,48744.3,48764.3
1748217706508.0,48739.3,48759.3
1748217721358.0,48734.3,48754.3
1748217721564.0,48737.9,48757.9
1748217721765.0,48734.3,48754.3
1748217722122.0,48739.3,48759.3
1748217722222.0,48736.6,48756.6
1748217722450.0,48739.3,48759.3
1748217722549.0,48734.3,48754.3
1748217722754.0,48734.3,48754.3
1748217722974.0,48739.3,48759.3
1748217724183.0,48736.8,48756.8
1748217724284.0,48739.3,48759.3
1748217729594.0,48736.8,48756.8
1748217731151.0,48739.3,48759.3
1748217732487.0,48736.8,48756.8
1748217733776.0,48739.3,48759.3
1748217736335.0,48737.9,48757.9
1748217736437.0,48736.8,48756.8
1748217745849.0,48734.3,48754.3
1748217763569.0,48729.3,48749.3
1748217770852.0,48724.3,48744.3
1748217774170,,
1748217777106.0,48727.1,48747.1
1748217777206.0,48729.3,48749.3
1748217785890.0,48736.8,48756.8
1748217797522.0,48744.3,48764.3
1748217799189.0,48747.1,48767.1
1748217799288.0,48749.3,48769.3
1748217819815.0,48750.7,48770.7
1748217819916.0,48751.8,48771.8
1748217821846.0,48753.2,48773.2
1748217825769,,
1748217833715,,
1748217835077.0,48757.1,48777.1
1748217837041.0,48755.7,48775.7
1748217837743.0,48758.2,48778.2
1748217837844.0,48759.3,48779.3
1748217838181.0,48760.7,48780.7
1748217838280.0,48759.3,48779.3
1748217842095.0,48761.8,48781.8
1748217856709.0,48766.8,48786.8
1748217856809.0,48771.8,48791.8
1748217857614.0,48774.3,48794.3
1748217859191,,
1748217859711.0,48778.4,48798.4
1748217859810.0,48785.7,48805.7
1748217867965.0,48786.8,48806.8
1748217881746,,
1748217890402.0,48788.0,48808.0
1748217894985.0,48786.8,48806.8
1748217896793.0,48789.3,48809.3
1748217900164.0,48786.8,48806.8
1748217905209.0,48788.2,48808.2
1748217905309.0,48789.3,48809.3
1748217906995.0,48790.7,48810.7
1748217907095.0,48791.8,48811.8
1748217907870,,
1748217907969,,
1748217910476.0,48793.2,48813.2
1748217910577.0,48794.3,48814.3
1748217914271.0,48799.3,48819.3
1748217916519,,
1748217916618.0,48803.2,48823.2
1748217922090.0,48808.4,48828.4
1748217922288.0,48809.6,48829.6
1748217922387.0,48810.9,48830.9
1748217928722.0,48810.7,48830.7
1748217929174.0,48811.8,48831.8
1748217930466.0,48810.5,48830.5
1748217930560.0,48806.8,48826.8
1748217932116,,
1748217932216.0,48803.0,48823.0
1748217946772.0,48801.8,48821.8
1748217951114.0,48803.0,48823.0
1748217951214.0,48804.3,48824.3
1748217952705.0,48801.8,48821.8
1748217954318.0,48804.3,48824.3
1748217979124.0,48806.8,48826.8
1748217981815.0,48808.2,48828.2
1748217991636.0,48811.8,48831.8
1748217999480.0,48816.8,48836.8
1748218025074.0,48819.3,48839.3
1748218038963,,
1748218046314.0,48816.8,48836.8
1748218046413.0,48814.3,48834.3
1748218051122,,
1748218054763.0,48811.8,48831.8
1748218057483,,
1748218059138.0,48808.0,48828.0
1748218059699.0,48805.5,48825.5
1748218059799.0,48804.3,48824.3
1748218061648.0,48803.2,48823.2
1748218061750.0,48801.8,48821.8
1748218063098.0,48803.0,48823.0
1748218064235,,
1748218064435.0,48789.1,48809.1
1748218066224.0,48786.8,48806.8
1748218076076.0,48784.3,48804.3
1748218085364.0,48781.8,48801.8
1748218088316.0,48781.6,48801.6
1748218088523.0,48779.3,48799.3
1748218090880.0,48780.5,48800.5
1748218090977.0,48783.2,48803.2
1748218091410.0,48784.3,48804.3
1748218091761.0,48789.3,48809.3
1748218106058.0,48791.8,48811.8
1748218106159,,
1748218125022.0,48791.9,48811.9
1748218125120.0,48796.0,48816.0
1748218125221.0,48799.6,48819.6
1748218125873.0,48800.7,48820.7
1748218126072.0,48799.4,48819.4
1748218126782.0,48804.4,48824.4
1748218133078.0,48806.9,48826.9
1748218133592.0,48808.2,48828.2
1748218134167.0,48806.9,48826.9
1748218135572.0,48809.4,48829.4
1748218139458.0,48804.4,48824.4
1748218139657.0,48790.5,48810.5
1748218139758.0,48789.4,48809.4
1748218143809.0,48791.9,48811.9
1748218151428.0,48793.2,48813.2
1748218157285.0,48789.4,48809.4
1748218158141.0,48785.5,48805.5
1748218176595.0,48784.4,48804.4
1748218185938.0,48781.6,48801.6
1748218186216.0,48779.4,48799.4
1748218191125.0,48782.1,48802.1
1748218191224.0,48784.4,48804.4
1748218218979.0,48783.0,48803.0
1748218219385.0,48781.9,48801.9
1748218232299.0,48779.4,48799.4
1748218232398.0,48781.9,48801.9
1748218232499,,
1748218233973.0,48783.2,48803.2
1748218235023.0,48784.4,48804.4
1748218242118,,
1748218242453.0,48781.9,48801.9
1748218243381.0,48784.4,48804.4
1748218249892.0,48781.9,48801.9
1748218249991.0,48783.0,48803.0
1748218274325.0,48781.9,48801.9
1748218274423.0,48779.4,48799.4
1748218279161.0,48776.9,48796.9
1748218285859.0,48775.7,48795.7
1748218285960.0,48774.4,48794.4
1748218286214.0,48776.9,48796.9
1748218288983,,
1748218291055.0,48774.4,48794.4
1748218291869.0,48773.0,48793.0
1748218292937.0,48771.9,48791.9
1748218297424.0,48770.7,48790.7
1748218297524.0,48769.4,48789.4
1748218299280.0,48766.9,48786.9
1748218300926.0,48754.4,48774.4
1748218309201.0,48753.0,48773.0
1748218313798.0,48749.4,48769.4
1748218319553.0,48748.0,48768.0
1748218320016.0,48746.9,48766.9
1748218326835.0,48745.5,48765.5
1748218326935.0,48744.4,48764.4
1748218328507.0,48743.0,48763.0
1748218328606.0,48739.4,48759.4
1748218334835,,
1748218340338.0,48744.4,48764.4
1748218340437.0,48749.4,48769.4
1748218341838.0,48759.4,48779.4
1748218347302.0,48764.4,48784.4
1748218349678.0,48763.2,48783.2
1748218349777.0,48761.9,48781.9
1748218351406.0,48763.2,48783.2
1748218351605,,
1748218353509,,
1748218353795,,
1748218353895.0,48759.4,48779.4
1748218354845.0,48758.0,48778.0
1748218354943.0,48754.4,48774.4
1748218363575.0,48753.0,48773.0
1748218369643.0,48751.9,48771.9
1748218369742.0,48750.5,48770.5
1748218387415.0,48753.0,48773.0
1748218387514.0,48756.9,48776.9
1748218390553.0,48760.7,48780.7
1748218391187.0,48764.4,48784.4
1748218395970.0,48765.7,48785.7
1748218407656.0,48766.9,48786.9
1748218433013.0,48768.2,48788.2
1748218440023.0,48769.4,48789.4
1748218451214,,
1748218458923.0,48764.4,48784.4
1748218463336.0,48761.9,48781.9
1748218471085,,
1748218471186.0,48756.6,48776.6
1748218474973.0,48756.9,48776.9
1748218479824.0,48754.4,48774.4
1748218479924.0,48756.9,48776.9
1748218491965.0,48754.4,48774.4
1748218495597.0,48755.8,48775.8
1748218495797.0,48755.5,48775.5
1748218500009.0,48754.4,48774.4
1748218501471.0,48755.8,48775.8
1748218501571.0,48757.1,48777.1
1748218501671.0,48759.4,48779.4
1748218503932.0,48761.9,48781.9
1748218504930.0,48769.4,48789.4
1748218505360.0,48770.8,48790.8
1748218505460.0,48771.9,48791.9
1748218510009.0,48773.0,48793.0
1748218510110.0,48775.8,48795.8
1748218510860.0,48774.4,48794.4
1748218510960.0,48773.0,48793.0
1748218512803.0,48771.9,48791.9
1748218515029.0,48774.4,48794.4
1748218521604.0,48776.9,48796.9
1748218521803.0,48782.1,48802.1
1748218526533.0,48784.6,48804.6
1748218530290.0,48789.4,48809.4
1748218531159.0,48791.9,48811.9
1748218535779.0,48794.4,48814.4
1748218535980.0,48796.9,48816.9
1748218545837,,
1748218545941.0,48794.4,48814.4
1748218546728.0,48795.8,48815.8
1748218548837.0,48794.4,48814.4
1748218549418.0,48795.5,48815.5
1748218549519.0,48796.9,48816.9
1748218553446.0,48799.4,48819.4
1748218557254.0,48798.0,48818.0
1748218558147.0,48800.8,48820.8
1748218560056.0,48804.4,48824.4
1748218560943.0,48806.9,48826.9
1748218561244.0,48809.6,48829.6
1748218561343.0,48811.9,48831.9
1748218563882.0,48813.3,48833.3
1748218566408.0,48811.9,48831.9
1748218566508.0,48813.3,48833.3
1748218567763.0,48811.9,48831.9
1748218572337.0,48814.4,48834.4
1748218572848,,
1748218572949,,
1748218576314.0,48811.9,48831.9
1748218576856.0,48813.3,48833.3
1748218579541.0,48814.4,48834.4
1748218580033.0,48816.9,48836.9
1748218580906.0,48821.9,48841.9
1748218583535.0,48823.0,48843.0
1748218583634.0,48826.9,48846.9
1748218584928.0,48829.4,48849.4
1748218585672,,
1748218590156.0,48826.7,48846.7
1748218590255.0,48824.4,48844.4
1748218591466.0,48823.0,48843.0
1748218591567.0,48816.9,48836.9
1748218593285.0,48813.0,48833.0
1748218593386,,
1748218593935.0,48811.9,48831.9
1748218594036.0,48809.4,48829.4
1748218594497.0,48806.9,48826.9
1748218599924.0,48808.3,48828.3
1748218600423.0,48809.4,48829.4
1748218609226.0,48811.9,48831.9
1748218617834.0,48810.5,48830.5
1748218617934.0,48811.9,48831.9
1748218619075.0,48811.9,48831.9
1748218620432.0,48809.4,48829.4
1748218620532.0,48801.4,48821.4
1748218621029.0,48799.2,48819.2
1748218621985.0,48800.5,48820.5
1748218622990.0,48796.9,48816.9
1748218636142.0,48799.4,48819.4
1748218636242.0,48798.0,48818.0
1748218636588.0,48796.9,48816.9
1748218637649.0,48799.4,48819.4
1748218638277.0,48796.7,48816.7
1748218638378.0,48795.5,48815.5
1748218638478.0,48799.4,48819.4
1748218642255.0,48800.8,48820.8
1748218642354.0,48801.9,48821.9
1748218643546.0,48804.4,48824.4
1748218649299.0,48803.0,48823.0
1748218649859.0,48801.7,48821.7
1748218650059.0,48799.4,48819.4
1748218652401.0,48796.9,48816.9
1748218656178.0,48794.4,48814.4
1748218656389.0,48796.9,48816.9
1748218660572.0,48794.4,48814.4
1748218662178.0,48796.9,48816.9
1748218662738.0,48795.5,48815.5
1748218665013.0,48794.4,48814.4
1748218671786.0,48781.9,48801.9
1748218672145.0,48778.0,48798.0
1748218674641.0,48776.9,48796.9
1748218674842.0,48771.9,48791.9
1748218679230.0,48770.8,48790.8
1748218679331.0,48769.4,48789.4
1748218680393.0,48766.9,48786.9
1748218681019.0,48764.4,48784.4
1748218681151.0,48766.9,48786.9
1748218683073.0,48768.3,48788.3
1748218683174.0,48769.4,48789.4
1748218686090.0,48771.9,48791.9
1748218688353.0,48766.9,48786.9
1748218688793.0,48769.4,48789.4
1748218696167.0,48771.9,48791.9
1748218696265,,
1748218696365.0,48774.6,48794.6
1748218696563.0,48775.8,48795.8
1748218698872.0,48774.4,48794.4
1748218698970.0,48773.3,48793.3
1748218702284.0,48766.9,48786.9
1748218702635.0,48769.4,48789.4
1748218703008.0,48771.9,48791.9
1748218711152.0,48774.4,48794.4
1748218711252.0,48775.8,48795.8
1748218712638.0,48774.4,48794.4
1748218713969.0,48776.9,48796.9
1748218714539.0,48775.5,48795.5
1748218714639.0,48774.4,48794.4
1748218715006,,
1748218716960.0,48773.3,48793.3
1748218717060.0,48771.9,48791.9
1748218717305,,
1748218721904.0,48773.3,48793.3
1748218722105.0,48774.4,48794.4
1748218732505.0,48776.9,48796.9
1748218734017.0,48779.4,48799.4
1748218735216.0,48778.3,48798.3
1748218735317.0,48776.9,48796.9
1748218738220.0,48775.5,48795.5
1748218740018.0,48774.4,48794.4
1748218740392.0,48775.8,48795.8
1748218742106.0,48776.9,48796.9
1748218744607.0,48776.9,48796.9
1748218745854.0,48778.0,48798.0
1748218745954.0,48779.4,48799.4
1748218751162.0,48776.9,48796.9
1748218767418,,
1748218767517,,
1748218771125.0,48784.4,48804.4
1748218771509.0,48787.2,48807.2
1748218771610.0,48791.9,48811.9
1748218774399,,
1748218774500,,
1748218774875.0,48793.0,48813.0
1748218777460.0,48794.4,48814.4
1748218777559.0,48795.5,48815.5
1748218778366.0,48793.0,48813.0
1748218780172.0,48795.5,48815.5
1748218784329.0,48799.4,48819.4
1748218786775.0,48804.4,48824.4
1748218789959,,
1748218790159.0,48801.9,48821.9
1748218792980.0,48796.9,48816.9
1748218794316.0,48794.4,48814.4
1748218794951.0,48793.0,48813.0
1748218795051.0,48791.9,48811.9
1748218795415.0,48793.0,48813.0
1748218795515.0,48794.4,48814.4
1748218798166.0,48789.4,48809.4
1748218800285.0,48786.9,48806.9
1748218804525.0,48788.3,48808.3
1748218804739.0,48790.8,48810.8
1748218804838.0,48791.9,48811.9
1748218809712.0,48793.3,48813.3
1748218809812.0,48794.4,48814.4
1748218811941,,
1748218812041.0,48793.3,48813.3
1748218812500.0,48779.4,48799.4
1748218812839.0,48778.0,48798.0
1748218815023.0,48776.9,48796.9
1748218816980.0,48779.4,48799.4
1748218829239.0,48778.3,48798.3
1748218829340.0,48779.4,48799.4
1748218834669.0,48781.9,48801.9
1748218836424.0,48781.9,48801.9
1748218840281.0,48786.9,48806.9
1748218844022.0,48784.4,48804.4
1748218844122.0,48786.9,48806.9
1748218850934.0,48788.3,48808.3
1748218851033.0,48789.4,48809.4
1748218864736.0,48791.9,48811.9
1748218864980.0,48790.6,48810.6
1748218866788,,
1748218866888.0,48791.9,48811.9
1748218875922.0,48794.7,48814.7
1748218876024.0,48794.4,48814.4
1748218876715.0,48795.8,48815.8
1748218876815.0,48796.9,48816.9
1748218878398.0,48794.4,48814.4
1748218896035,,
1748218896135.0,48790.6,48810.6
1748218898222.0,48789.4,48809.4
1748218899239.0,48788.1,48808.1
1748218899338.0,48786.9,48806.9
1748218905318.0,48788.3,48808.3
1748218906480.0,48786.9,48806.9
1748218913130.0,48788.3,48808.3
1748218913230.0,48794.7,48814.7
1748218913847.0,48795.8,48815.8
1748218918045.0,48796.9,48816.9
1748218918147.0,48794.4,48814.4
1748218923111.0,48798.1,48818.1
1748218923210.0,48799.4,48819.4
1748218931712.0,48796.9,48816.9
1748218932062.0,48798.1,48818.1
1748218932163.0,48799.4,48819.4
1748218935697.0,48798.1,48818.1
1748218935797.0,48799.4,48819.4
1748218937343.0,48806.9,48826.9
1748218940836.0,48804.4,48824.4
1748218952655.0,48805.6,48825.6
1748218952756.0,48806.9,48826.9
1748218961639.0,48808.3,48828.3
1748218961740.0,48809.4,48829.4
1748218964723.0,48811.7,48831.7
1748218964824.0,48814.4,48834.4
1748218966262.0,48813.1,48833.1
1748218966361.0,48811.9,48831.9
1748218969701.0,48814.4,48834.4
1748218980404.0,48813.1,48833.1
1748218980760.0,48814.4,48834.4
1748218986193.0,48817.2,48837.2
1748218986559.0,48820.8,48840.8
1748218986756.0,48821.9,48841.9
1748218987280.0,48824.7,48844.7
1748218987668.0,48825.8,48845.8
1748218990335.0,48823.1,48843.1
1748218990434.0,48811.0,48831.0
1748218995009.0,48801.9,48821.9
1748218998985.0,48800.6,48820.6
1748218999084.0,48799.4,48819.4
1748219010594.0,48801.9,48821.9
1748219017571.0,48799.4,48819.4
1748219029387,,
1748219030643,,
1748219032854.0,48798.3,48818.3
1748219032953.0,48796.9,48816.9
1748219037847.0,48791.9,48811.9
1748219041226.0,48786.9,48806.9
1748219046466.0,48781.9,48801.9
1748219072458.0,48776.9,48796.9
1748219074729.0,48774.7,48794.7
1748219074829.0,48771.9,48791.9
1748219090369.0,48766.9,48786.9
1748219096510.0,48761.9,48781.9
1748219099629.0,48759.4,48779.4
1748219102103,,
1748219102488.0,48758.3,48778.3
1748219106146,,
1748219109016,,
1748219109116.0,48759.4,48779.4
1748219110376.0,48761.9,48781.9
1748219114950.0,48765.8,48785.8
1748219123219.0,48766.9,48786.9
1748219126357.0,48763.3,48783.3
1748219126456.0,48761.9,48781.9
1748219129461.0,48760.6,48780.6
1748219129693.0,48759.4,48779.4
1748219132612.0,48756.9,48776.9
1748219134408.0,48755.6,48775.6
1748219134507.0,48754.4,48774.4
1748219135558.0,48755.8,48775.8
1748219135657.0,48756.9,48776.9
1748219138447,,
1748219139623.0,48755.8,48775.8
1748219139723.0,48754.4,48774.4
1748219139986.0,48749.4,48769.4
1748219141393.0,48748.1,48768.1
1748219141493.0,48746.9,48766.9
1748219150637.0,48745.6,48765.6
1748219150737.0,48746.9,48766.9
1748219160010.0,48747.0,48767.0
1748219170519,,
1748219170621.0,48744.5,48764.5
1748219170721.0,48739.5,48759.5
1748219174234.0,48737.0,48757.0
1748219179534.0,48734.5,48754.5
1748219179633.0,48732.0,48752.0
1748219180000,,
1748219184882.0,48728.3,48748.3
1748219185656.0,48725.8,48745.8
1748219185755.0,48723.1,48743.1
1748219185856.0,48721.7,48741.7
1748219190015.0,48720.6,48740.6
1748219191050.0,48717.0,48737.0
1748219196731.0,48714.5,48734.5
1748219199080.0,48717.0,48737.0
1748219200087.0,48714.5,48734.5
1748219206662.0,48715.8,48735.8
1748219208914.0,48714.7,48734.7
1748219209014.0,48712.0,48732.0
1748219210732,,
1748219220209.0,48713.1,48733.1
1748219220309.0,48717.0,48737.0
1748219222093,,
1748219222193.0,48718.1,48738.1
1748219223130.0,48720.6,48740.6
1748219230884.0,48724.5,48744.5
1748219234524,,
1748219234623,,
1748219236355.0,48722.0,48742.0
1748219239782.0,48723.1,48743.1
1748219239882.0,48724.5,48744.5
1748219239983.0,48722.0,48742.0
1748219242558.0,48723.1,48743.1
1748219242658.0,48724.5,48744.5
1748219252930.0,48720.6,48740.6
1748219267120.0,48722.0,48742.0
1748219268258.0,48724.5,48744.5
1748219271365.0,48727.0,48747.0
1748219281220.0,48729.5,48749.5
1748219282099.0,48730.8,48750.8
1748219288388.0,48733.3,48753.3
1748219290212.0,48732.0,48752.0
1748219290312,,
1748219295508.0,48729.5,48749.5
1748219330295,,
1748219331226,,
1748219332530.0,48727.0,48747.0
1748219340720.0,48728.3,48748.3
1748219341246.0,48733.3,48753.3
1748219343069.0,48735.8,48755.8
1748219348709.0,48734.5,48754.5
1748219349798.0,48735.6,48755.6
1748219349897.0,48737.0,48757.0
1748219372792.0,48732.0,48752.0
1748219373685.0,48729.5,48749.5
1748219390697.0,48728.1,48748.1
1748219390796.0,48727.0,48747.0
1748219393276.0,48724.5,48744.5
1748219394701.0,48725.8,48745.8
1748219394800.0,48727.0,48747.0
1748219400312.0,48718.3,48738.3
1748219401281,,
1748219401383.0,48719.5,48739.5
1748219402475.0,48720.8,48740.8
1748219404930.0,48723.3,48743.3
1748219407236.0,48729.5,48749.5
1748219410337.0,48732.0,48752.0
1748219410723.0,48735.8,48755.8
1748219410823.0,48740.6,48760.6
1748219421121.0,48744.5,48764.5
1748219431441.0,48749.5,48769.5
1748219433023.0,48753.1,48773.1
1748219433122.0,48754.5,48774.5
1748219441740.0,48757.0,48777.0
1748219442884,,
1748219461415.0,48755.6,48775.6
1748219461931,,
1748219462032,,
1748219463200.0,48754.5,48774.5
1748219463300.0,48747.0,48767.0
1748219465982.0,48744.5,48764.5
1748219477806.0,48749.5,48769.5
1748219481776.0,48751.7,48771.7
1748219481875.0,48754.5,48774.5
1748219493081.0,48757.0,48777.0
1748219493281.0,48754.5,48774.5
1748219494842,,
1748219495061.0,48731.7,48751.7
1748219501599.0,48730.6,48750.6
1748219508174,,
1748219508911.0,48732.0,48752.0
1748219513314.0,48733.1,48753.1
1748219513414.0,48735.9,48755.9
1748219514079.0,48742.0,48762.0
1748219514279.0,48743.1,48763.1
1748219521372.0,48744.5,48764.5
1748219521472.0,48752.0,48772.0
1748219522108,,
1748219523750.0,48754.5,48774.5
1748219527101.0,48757.0,48777.0
1748219533782.0,48759.5,48779.5
1748219533881.0,48764.5,48784.5
1748219533981.0,48765.9,48785.9
1748219534181.0,48768.4,48788.4
1748219534382.0,48769.5,48789.5
1748219534483.0,48772.0,48792.0
1748219535739.0,48773.4,48793.4
1748219535937.0,48775.6,48795.6
1748219547773.0,48777.0,48797.0
1748219554223.0,48779.5,48799.5
1748219560026.0,48780.6,48800.6
1748219560126.0,48782.0,48802.0
1748219597060,,
1748219597159.0,48783.4,48803.4
1748219597396.0,48785.6,48805.6
1748219597496.0,48787.0,48807.0
1748219610372.0,48789.5,48809.5
1748219617123.0,48792.0,48812.0
1748219618005.0,48799.5,48819.5
1748219618106.0,48802.0,48822.0
1748219622182.0,48804.5,48824.5
1748219622281.0,48807.0,48827.0
1748219644276,,
1748219644374.0,48804.5,48824.5
1748219644474.0,48807.0,48827.0
1748219646442.0,48804.7,48824.7
1748219646716.0,48804.5,48824.5
1748219647027.0,48805.9,48825.9
1748219647126.0,48807.0,48827.0
1748219649829.0,48805.9,48825.9
1748219649929.0,48804.5,48824.5
1748219650158.0,48805.9,48825.9
1748219650259.0,48807.0,48827.0
1748219659830.0,48800.6,48820.6
1748219659929.0,48799.5,48819.5
1748219666622.0,48797.0,48817.0
1748219679514.0,48799.5,48819.5
1748219690876,,
1748219701473.0,48797.0,48817.0
1748219701573.0,48795.9,48815.9
1748219703366.0,48797.0,48817.0
1748219703733.0,48795.6,48815.6
1748219706156.0,48794.5,48814.5
1748219710160.0,48792.0,48812.0
1748219710378.0,48789.5,48809.5
1748219716857.0,48792.0,48812.0
1748219749710,,
1748219759723.0,48794.5,48814.5
1748219759924.0,48792.0,48812.0
1748219760790.0,48793.4,48813.4
1748219760890.0,48794.5,48814.5
1748219772526.0,48792.0,48812.0
1748219775090.0,48794.5,48814.5
1748219779253.0,48793.4,48813.4
1748219779354.0,48792.0,48812.0
1748219805353.0,48794.5,48814.5
1748219806808.0,48797.0,48817.0
1748219822037.0,48798.4,48818.4
1748219822136.0,48799.5,48819.5
1748219852996.0,48800.6,48820.6
1748219853284.0,48805.9,48825.9
1748219855128.0,48807.0,48827.0
1748219855556.0,48809.5,48829.5
1748219857981.0,48810.6,48830.6
1748219858081.0,48812.0,48832.0
1748219866427.0,48813.1,48833.1
1748219866527.0,48814.5,48834.5
1748219878730.0,48824.5,48844.5
1748219884958.0,48825.7,48845.7
1748219885058.0,48827.0,48847.0
1748219885642,,
1748219885743,,
1748219886098.0,48825.7,48845.7
1748219888769.0,48824.5,48844.5
1748219894306.0,48819.5,48839.5
1748219894607.0,48816.8,48836.8
1748219895022.0,48814.5,48834.5
1748219900214.0,48809.5,48829.5
1748219904067.0,48809.5,48829.5
1748219904350.0,48807.0,48827.0
1748219909289,,
1748219909489.0,48808.4,48828.4
1748219909840.0,48809.5,48829.5
1748219910698,,
1748219910799.0,48810.9,48830.9
1748219912210.0,48813.4,48833.4
1748219930183.0,48817.0,48837.0
1748219930426.0,48822.0,48842.0
1748219930627.0,48825.7,48845.7
1748219934671,,
1748219947093.0,48828.2,48848.2
1748219947194.0,48829.5,48849.5
1748219947294.0,48827.0,48847.0
1748219947393.0,48829.5,48849.5
1748219954574.0,48827.0,48847.0
1748219966958.0,48829.5,48849.5
1748219971076.0,48828.4,48848.4
1748219971177.0,48827.0,48847.0
1748219974176.0,48829.5,48849.5
1748219980446.0,48830.9,48850.9
1748219980545.0,48832.0,48852.0
1748220012471,,
1748220014240.0,48830.7,48850.7
1748220017530,,
1748220017631.0,48832.0,48852.0
1748220025918,,
1748220026019,,
1748220032788,,
1748220035130.0,48827.0,48847.0
1748220035231.0,48825.9,48845.9
1748220036888.0,48824.5,48844.5
1748220041899.0,48822.0,48842.0
1748220042488.0,48823.4,48843.4
1748220042588.0,48824.5,48844.5
1748220053806.0,48823.4,48843.4
1748220053906.0,48822.0,48842.0
1748220062683.0,48823.4,48843.4
1748220062782.0,48824.5,48844.5
1748220068980.0,48825.9,48845.9
1748220069080.0,48827.3,48847.3
1748220071807.0,48829.5,48849.5
1748220072395.0,48832.0,48852.0
1748220096886,,
1748220110965.0,48830.7,48850.7
1748220111165.0,48828.2,48848.2
1748220111266.0,48820.7,48840.7
1748220120231.0,48819.3,48839.3
1748220120332,,
1748220120464.0,48815.7,48835.7
1748220120565,,
1748220128265.0,48819.5,48839.5
1748220130749.0,48820.9,48840.9
1748220130849.0,48827.0,48847.0
1748220133834.0,48829.8,48849.8
1748220133932.0,48832.0,48852.0
1748220134905.0,48833.4,48853.4
1748220135105,,
1748220138311,,
1748220138590.0,48835.7,48855.7
1748220138691.0,48835.9,48855.9
1748220139816.0,48835.7,48855.7
1748220139917.0,48834.5,48854.5
1748220149954.0,48835.9,48855.9
1748220164554.0,48834.5,48854.5
1748220164654.0,48835.9,48855.9
1748220164862.0,48834.5,48854.5
1748220171980,,
1748220172078.0,48837.0,48857.0
1748220177667.0,48834.5,48854.5
1748220179949.0,48833.4,48853.4
1748220180050.0,48832.0,48852.0
1748220180149.0,48829.5,48849.5
1748220182424.0,48828.2,48848.2
1748220189527.0,48825.9,48845.9
1748220189627.0,48824.5,48844.5
1748220198743.0,48827.0,48847.0
1748220198842.0,48829.5,48849.5
1748220206205.0,48829.6,48849.6
1748220216269.0,48831.8,48851.8
1748220216369.0,48833.2,48853.2
1748220218103.0,48829.6,48849.6
1748220234817.0,48832.1,48852.1
1748220234989,,
1748220248922.0,48829.6,48849.6
1748220251492.0,48832.1,48852.1
1748220260375.0,48829.6,48849.6
1748220260474.0,48827.1,48847.1
1748220266580,,
1748220300313,,
1748220303295.0,48824.6,48844.6
1748220303789.0,48827.1,48847.1
1748220304262.0,48824.6,48844.6
1748220307042.0,48825.9,48845.9
1748220307140.0,48827.1,48847.1
1748220307364.0,48822.1,48842.1
1748220310312.0,48822.1,48842.1
1748220314556.0,48823.2,48843.2
1748220314656.0,48824.6,48844.6
1748220315604.0,48823.2,48843.2
1748220318457.0,48827.1,48847.1
1748220327980.0,48828.4,48848.4
1748220329596.0,48827.1,48847.1
1748220330242.0,48829.6,48849.6
1748220333930.0,48828.4,48848.4
1748220334031.0,48829.6,48849.6
1748220334230.0,48828.2,48848.2
1748220334331.0,48827.1,48847.1
1748220351410.0,48828.4,48848.4
1748220351510.0,48829.6,48849.6
1748220354077.0,48832.1,48852.1
1748220362233.0,48827.1,48847.1
1748220365494.0,48823.2,48843.2
1748220369431.0,48819.6,48839.6
1748220379427.0,48822.1,48842.1
1748220379525.0,48799.6,48819.6
1748220379625.0,48793.4,48813.4
1748220380998.0,48790.7,48810.7
1748220381098.0,48788.2,48808.2
1748220382785.0,48785.7,48805.7
1748220383298.0,48786.8,48806.8
1748220383398.0,48788.2,48808.2
1748220383696.0,48786.8,48806.8
1748220383797.0,48784.3,48804.3
1748220385014.0,48788.2,48808.2
1748220388942.0,48787.1,48807.1
1748220389043,,
1748220390784.0,48789.8,48809.8
1748220390884.0,48787.1,48807.1
1748220397698.0,48788.4,48808.4
1748220397799.0,48789.6,48809.6
1748220400170.0,48792.1,48812.1
1748220412495.0,48790.9,48810.9
1748220412594.0,48789.6,48809.6
1748220412694.0,48792.1,48812.1
1748220420803.0,48789.6,48809.6
1748220421267.0,48787.1,48807.1
1748220423542.0,48789.6,48809.6
1748220425827.0,48792.1,48812.1
1748220426846.0,48789.8,48809.8
1748220426946.0,48787.1,48807.1
1748220427137.0,48788.2,48808.2
1748220427237.0,48789.6,48809.6
1748220427875.0,48790.7,48810.7
1748220428284.0,48793.2,48813.2
1748220428731.0,48790.7,48810.7
1748220442759.0,48793.2,48813.2
1748220445693.0,48794.6,48814.6
1748220448240.0,48792.1,48812.1
1748220449436.0,48790.7,48810.7
1748220449535.0,48790.9,48810.9
1748220450017.0,48792.1,48812.1
1748220510709.0,48794.6,48814.6
1748220526255.0,48793.2,48813.2
1748220526355.0,48792.1,48812.1
1748220529123.0,48794.6,48814.6
1748220535845.0,48793.4,48813.4
1748220535943.0,48794.6,48814.6
1748220540920.0,48796.0,48816.0
1748220541021.0,48794.6,48814.6
1748220545683.0,48792.1,48812.1
1748220545886.0,48794.6,48814.6
1748220551411.0,48793.5,48813.5
1748220553472.0,48794.6,48814.6
1748220555014.0,48792.1,48812.1
1748220555888,,
1748220559576.0,48791.0,48811.0
1748220559676.0,48789.6,48809.6
1748220563755.0,48785.5,48805.5
1748220570007.0,48782.1,48802.1
1748220574797,,
1748220574896.0,48775.7,48795.7
1748220582915,,
1748220583015.0,48769.4,48789.4
1748220585021.0,48768.2,48788.2
1748220588758.0,48764.4,48784.4
1748220591338.0,48763.0,48783.0
1748220591545.0,48762.1,48782.1
1748220593015.0,48764.6,48784.6
1748220609942.0,48762.1,48782.1
1748220613207,,
1748220613306.0,48759.6,48779.6
1748220613676.0,48752.3,48772.3
1748220613777.0,48749.6,48769.6
1748220613979.0,48748.2,48768.2
1748220614079.0,48747.1,48767.1
1748220615540,,
1748220615641.0,48744.4,48764.4
1748220618527.0,48742.1,48762.1
1748220620171.0,48744.6,48764.6
1748220632406,,
1748220632606.0,48743.5,48763.5
1748220633676.0,48744.6,48764.6
1748220633776.0,48742.1,48762.1
1748220634411.0,48744.6,48764.6
1748220642296.0,48742.1,48762.1
1748220646094.0,48744.6,48764.6
1748220651196.0,48743.2,48763.2
1748220651295.0,48742.1,48762.1
1748220652077.0,48743.5,48763.5
1748220652176.0,48744.6,48764.6
1748220654585.0,48742.1,48762.1
1748220655545.0,48744.6,48764.6
1748220658299,,
1748220662115,,
1748220663595.0,48750.1,48770.1
1748220663696.0,48754.6,48774.6
1748220664438.0,48759.6,48779.6
1748220666343.0,48762.1,48782.1
1748220689719,,
1748220689819.0,48764.6,48784.6
1748220715459,,
1748220717023.0,48763.2,48783.2
1748220717123.0,48762.1,48782.1
1748220718415.0,48764.6,48784.6
1748220718615.0,48759.4,48779.4
1748220718905.0,48756.0,48776.0
1748220719004.0,48751.9,48771.9
1748220726958.0,48753.0,48773.0
1748220728653,,
1748220728753.0,48745.7,48765.7
1748220729055.0,48741.9,48761.9
1748220729155.0,48743.2,48763.2
1748220731069.0,48740.7,48760.7
1748220737653.0,48737.3,48757.3
1748220737754.0,48729.6,48749.6
1748220738303.0,48725.7,48745.7
1748220743233.0,48724.4,48744.4
1748220744202,,
1748220751602,,
1748220751701.0,48725.7,48745.7
1748220752025.0,48739.8,48759.8
1748220752519.0,48742.1,48762.1
1748220752931.0,48744.8,48764.8
1748220753030.0,48747.1,48767.1
1748220759615.0,48749.6,48769.6
1748220760847.0,48747.1,48767.1
1748220761698.0,48749.6,48769.6
1748220768809.0,48748.5,48768.5
1748220768907.0,48747.1,48767.1
1748220770631.0,48748.2,48768.2
1748220770732.0,48749.6,48769.6
1748220779502.0,48754.6,48774.6
1748220782110.0,48757.1,48777.1
1748220782210.0,48762.1,48782.1
1748220795491.0,48764.4,48784.4
1748220795591.0,48768.5,48788.5
1748220796050.0,48771.0,48791.0
1748220799277.0,48772.1,48792.1
1748220799573.0,48773.2,48793.2
1748220799673.0,48774.6,48794.6
1748220800195.0,48776.0,48796.0
1748220800295.0,48779.6,48799.6
1748220803995.0,48778.2,48798.2
1748220805016.0,48779.4,48799.4
1748220810014.0,48778.2,48798.2
1748220847051,,
1748220847152.0,48775.7,48795.7
1748220850048.0,48774.6,48794.6
1748220850148.0,48769.6,48789.6
1748220853033.0,48768.2,48788.2
1748220853132.0,48769.6,48789.6
1748220854476.0,48758.0,48778.0
1748220855013.0,48755.7,48775.7
1748220856930.0,48745.7,48765.7
1748220860117.0,48744.6,48764.6
1748220860216.0,48746.0,48766.0
1748220862063.0,48747.1,48767.1
1748220862263.0,48744.6,48764.6
1748220862366.0,48746.0,48766.0
1748220862469.0,48747.1,48767.1
1748220863450.0,48749.6,48769.6
1748220864284.0,48749.6,48769.6
1748220866652.0,48752.1,48772.1
1748220867180.0,48750.7,48770.7
1748220867281.0,48749.6,48769.6
1748220871517.0,48750.7,48770.7
1748220871618.0,48752.1,48772.1
1748220873530.0,48749.6,48769.6
1748220875452.0,48752.1,48772.1
1748220878464.0,48750.7,48770.7
1748220878563.0,48749.6,48769.6
1748220882343,,
1748220882443.0,48752.1,48772.1
1748220905619.0,48749.6,48769.6
1748220916335.0,48747.1,48767.1
1748220916434.0,48744.6,48764.6
1748220917587.0,48739.6,48759.6
1748220921389.0,48737.1,48757.1
1748220923583.0,48734.6,48754.6
1748220923683.0,48729.9,48749.9
1748220923884.0,48727.4,48747.4
1748220924948.0,48726.2,48746.2
1748220927123.0,48726.0,48746.0
1748220927222.0,48724.9,48744.9
1748220929198.0,48721.9,48741.9
1748220930022.0,48719.6,48739.6
1748220933130.0,48717.1,48737.1
1748220936437.0,48714.6,48734.6
1748220944252.0,48709.6,48729.6
1748220944352.0,48707.1,48727.1
1748220950214,,
1748220950412.0,48709.6,48729.6
1748220951205.0,48711.0,48731.0
1748220959956.0,48718.5,48738.5
1748220960280.0,48719.6,48739.6
1748220962210.0,48724.6,48744.6
1748220962867.0,48727.1,48747.1
1748220964961.0,48728.0,48748.0
1748220966961.0,48722.1,48742.1
1748220969765.0,48721.0,48741.0
1748220969865.0,48719.6,48739.6
1748220982364.0,48720.8,48740.8
1748220982465,,
1748220983615.0,48719.6,48739.6
1748220985907.0,48722.1,48742.1
1748220986731.0,48727.1,48747.1
1748220989458.0,48729.9,48749.9
1748220989557.0,48736.0,48756.0
1748220989656,,
1748220992188.0,48734.6,48754.6
1748221007099,,
1748221007198,,
1748221007389.0,48737.4,48757.4
1748221007490.0,48742.1,48762.1
1748221010464.0,48744.9,48764.9
1748221010664.0,48741.0,48761.0
1748221012821.0,48739.6,48759.6
1748221013837.0,48737.1,48757.1
1748221016091.0,48736.0,48756.0
1748221016193.0,48734.6,48754.6
1748221020343.0,48738.5,48758.5
1748221020699.0,48741.0,48761.0
1748221020799,,
1748221020940,,
1748221021040.0,48742.4,48762.4
1748221022216.0,48748.5,48768.5
1748221024530,,
1748221024630.0,48751.0,48771.0
1748221025177.0,48754.6,48774.6
1748221025277.0,48759.6,48779.6
1748221030005.0,48764.6,48784.6
1748221032654.0,48769.6,48789.6
1748221039949.0,48770.8,48790.8
1748221040049.0,48773.3,48793.3
1748221048979,,
1748221049079.0,48772.1,48792.1
1748221049253.0,48770.8,48790.8
1748221049355.0,48769.6,48789.6
1748221064699.0,48768.5,48788.5
1748221064799.0,48764.6,48784.6
1748221073872.0,48761.9,48781.9
1748221073972.0,48744.6,48764.6
1748221074072.0,48742.1,48762.1
1748221075698.0,48738.3,48758.3
1748221076736.0,48736.9,48756.9
1748221078463.0,48738.3,48758.3
1748221078564.0,48739.4,48759.4
1748221078817.0,48736.9,48756.9
1748221078926.0,48738.3,48758.3
1748221079737.0,48739.4,48759.4
1748221080286.0,48740.8,48760.8
1748221082170.0,48739.6,48759.6
1748221082270,,
1748221082423.0,48740.8,48760.8
1748221086354.0,48743.5,48763.5
1748221086454.0,48744.6,48764.6
1748221087993,,
1748221092147.0,48739.6,48759.6
1748221094810.0,48736.9,48756.9
1748221094910.0,48734.6,48754.6
1748221101341.0,48733.5,48753.5
1748221103216.0,48734.6,48754.6
1748221119810.0,48737.1,48757.1
1748221120089.0,48738.5,48758.5
1748221131690.0,48734.6,48754.6
1748221134902.0,48733.3,48753.3
1748221135004.0,48732.1,48752.1
1748221140225.0,48734.6,48754.6
1748221140325.0,48732.1,48752.1
1748221142202.0,48734.6,48754.6
1748221144921.0,48732.1,48752.1
1748221145146,,
1748221146642.0,48721.0,48741.0
1748221147251.0,48717.1,48737.1
1748221154128,,
1748221173223,,
1748221180610,,
1748221180710.0,48719.6,48739.6
1748221189662.0,48722.1,48742.1
1748221190944,,
1748221191239.0,48724.6,48744.6
1748221196619.0,48727.1,48747.1
1748221199359.0,48724.6,48744.6
1748221200434.0,48723.3,48743.3
1748221201271.0,48718.3,48738.3
1748221201672,,
1748221201979,,
1748221202133,,
1748221202583.0,48721.9,48741.9
1748221202684.0,48720.8,48740.8
1748221202990,,
1748221203089,,
1748221203774.0,48716.0,48736.0
1748221204226,,
1748221204425.0,48716.0,48736.0
1748221204547.0,48714.9,48734.9
1748221204846.0,48718.5,48738.5
1748221204967.0,48719.6,48739.6
1748221205792.0,48720.8,48740.8
1748221205892.0,48722.1,48742.1
1748221206184.0,48727.1,48747.1
1748221206739.0,48729.6,48749.6
1748221207040,,
1748221208092.0,48732.1,48752.1
1748221210343.0,48734.6,48754.6
1748221213235.0,48733.5,48753.5
1748221214317.0,48732.1,48752.1
1748221214417.0,48728.0,48748.0
1748221214791.0,48720.8,48740.8
1748221216731.0,48712.1,48732.1
1748221217319.0,48709.6,48729.6
1748221217537.0,48711.0,48731.0
1748221218230.0,48707.1,48727.1
1748221218717.0,48704.6,48724.6
1748221218819.0,48700.8,48720.8
1748221219366.0,48697.1,48717.1
1748221220199.0,48692.1,48712.1
1748221220807.0,48693.5,48713.5
1748221221689.0,48694.6,48714.6
1748221223834.0,48692.1,48712.1
1748221224341.0,48693.5,48713.5
1748221224469.0,48694.6,48714.6
1748221225139.0,48693.3,48713.3
1748221225239.0,48692.1,48712.1
1748221227638.0,48697.1,48717.1
1748221229058.0,48699.6,48719.6
1748221229258.0,48700.8,48720.8
1748221231758.0,48698.5,48718.5
1748221232632.0,48697.1,48717.1
1748221233134.0,48699.6,48719.6
1748221233315,,
1748221233680.0,48704.6,48724.6
1748221233780.0,48706.0,48726.0
1748221234030.0,48707.1,48727.1
1748221234705,,
1748221235746.0,48708.5,48728.5
1748221236307.0,48709.6,48729.6
1748221236731.0,48707.1,48727.1
1748221237143.0,48705.8,48725.8
1748221237243.0,48704.6,48724.6
1748221237775.0,48705.8,48725.8
1748221237875.0,48707.1,48727.1
1748221238440,,
1748221239635,,
1748221239794.0,48705.8,48725.8
1748221239908.0,48706.0,48726.0
1748221240008.0,48707.1,48727.1
1748221241793.0,48712.1,48732.1
1748221244234.0,48709.6,48729.6
1748221244732.0,48708.3,48728.3
1748221247138,,
1748221247238.0,48705.8,48725.8
1748221247636.0,48704.6,48724.6
1748221248730.0,48700.5,48720.5
1748221249732.0,48699.4,48719.4
1748221249931.0,48702.2,48722.2
1748221250629,,
1748221255297.0,48707.2,48727.2
1748221255823.0,48711.3,48731.3
1748221255924.0,48714.7,48734.7
1748221257295.0,48722.2,48742.2
1748221257629.0,48723.5,48743.5
1748221258236.0,48724.7,48744.7
1748221258620.0,48727.2,48747.2
1748221258719.0,48729.7,48749.7
1748221259296,,
1748221260114.0,48736.0,48756.0
1748221260214,,
1748221260725.0,48733.5,48753.5
1748221261750.0,48731.0,48751.0
1748221262292.0,48729.7,48749.7
1748221262392.0,48727.2,48747.2
1748221262727,,
1748221263339.0,48732.2,48752.2
1748221263946.0,48734.7,48754.7
1748221264146.0,48733.5,48753.5
1748221264403.0,48734.7,48754.7
1748221265633.0,48732.2,48752.2
1748221266810.0,48727.2,48747.2
1748221267628.0,48724.7,48744.7
1748221268639.0,48726.0,48746.0
1748221268740.0,48727.2,48747.2
1748221269174.0,48724.7,48744.7
1748221271236.0,48722.2,48742.2
1748221273457.0,48717.2,48737.2
1748221274663.0,48714.7,48734.7
1748221276276.0,48716.0,48736.0
1748221278439.0,48714.7,48734.7
1748221281239.0,48717.2,48737.2
1748221282760.0,48718.5,48738.5
1748221283142.0,48719.7,48739.7
1748221283636.0,48721.0,48741.0
1748221284053.0,48720.8,48740.8
1748221284154.0,48719.7,48739.7
1748221284253.0,48722.2,48742.2
1748221284646.0,48720.8,48740.8
1748221285637.0,48719.7,48739.7
1748221287146.0,48717.4,48737.4
1748221287246.0,48713.3,48733.3
1748221287447.0,48710.8,48730.8
1748221287573.0,48712.2,48732.2
1748221287795.0,48708.3,48728.3
1748221287896.0,48705.8,48725.8
1748221293351.0,48704.4,48724.4
1748221294015.0,48703.3,48723.3
1748221294114.0,48700.8,48720.8
1748221294990.0,48701.9,48721.9
1748221295090.0,48704.7,48724.7
1748221297562.0,48707.2,48727.2
1748221299651,,
1748221303231.0,48709.7,48729.7
1748221304745.0,48710.8,48730.8
1748221305408.0,48713.3,48733.3
1748221307637.0,48710.8,48730.8
1748221308921.0,48713.3,48733.3
1748221315280.0,48716.0,48736.0
1748221315380.0,48717.2,48737.2
1748221316428.0,48724.7,48744.7
1748221322124.0,48727.2,48747.2
1748221322628.0,48724.7,48744.7
1748221325700,,
1748221325800,,
1748221326427.0,48717.2,48737.2
1748221330287.0,48709.7,48729.7
1748221334736.0,48704.7,48724.7
1748221339890.0,48701.9,48721.9
1748221339989.0,48699.7,48719.7
1748221343134.0,48700.8,48720.8
1748221343235.0,48703.3,48723.3
1748221343334.0,48701.9,48721.9
1748221344018.0,48699.7,48719.7
1748221344751.0,48697.2,48717.2
1748221350771.0,48699.7,48719.7
1748221350970.0,48704.7,48724.7
1748221351190.0,48709.7,48729.7
1748221353630.0,48710.8,48730.8
1748221353730.0,48712.2,48732.2
1748221356852.0,48717.4,48737.4
1748221356951.0,48721.0,48741.0
1748221359146,,
1748221359411,,
1748221359644.0,48720.8,48740.8
1748221359889.0,48719.7,48739.7
1748221360952.0,48715.8,48735.8
1748221364617.0,48713.3,48733.3
1748221365419.0,48711.9,48731.9
1748221365518.0,48709.7,48729.7
1748221365742.0,48704.7,48724.7
1748221366353.0,48701.9,48721.9
1748221368394.0,48700.8,48720.8
1748221370730.0,48702.2,48722.2
1748221373890.0,48704.7,48724.7
1748221377136.0,48707.4,48727.4
1748221377236.0,48709.7,48729.7
1748221378133.0,48708.3,48728.3
1748221378234.0,48704.7,48724.7
1748221378733.0,48707.2,48727.2
1748221379158.0,48704.7,48724.7
1748221379258.0,48702.4,48722.4
1748221380533,,
1748221381154.0,48701.0,48721.0
1748221381470.0,48698.3,48718.3
1748221381569.0,48697.2,48717.2
1748221386235.0,48689.7,48709.7
1748221386428.0,48684.7,48704.7
