1748209655892.0,0.93267,0.93357
None,,
None,,
1748209813585.0,0.93259,0.93349
None,,
None,,
1748209969484.0,0.93282,0.93372
1748209985125.0,0.93283,0.93373
1748210012782.0,0.93269,0.93359
1748210045826.0,0.93277,0.93367
1748210100828.0,0.93289,0.93379
1748210155828.0,0.93286,0.93376
1748210200828.0,0.9327,0.9336
1748210310828.0,0.93277,0.93367
1748210365829.0,0.93282,0.93372
None,,
None,,
1748210408250.0,0.93268,0.93358
1748210408375.0,0.93251,0.93341
1748210413035.0,0.93261,0.93351
1748210432167.0,0.93246,0.93336
1748210436894.0,0.9326,0.9335
1748210460169.0,0.93246,0.93336
1748210460299.0,0.9326,0.9335
1748210466509.0,0.93253,0.93343
1748210470615.0,0.93266,0.93356
1748210475557.0,0.93249,0.93339
1748210489870.0,0.93256,0.93346
1748210496081.0,0.93244,0.93334
1748210496206.0,0.93253,0.93343
1748210506874.0,0.93268,0.93358
1748210522681.0,0.93256,0.93346
1748210527275.0,0.93253,0.93343
1748210531099.0,0.93256,0.93346
1748210533547.0,0.93264,0.93354
1748210538198.0,0.93251,0.93341
1748210548499.0,0.93267,0.93357
1748210548623.0,0.93246,0.93336
1748210559291.0,0.93248,0.93338
1748210570407.0,0.93284,0.93374
1748210625408.0,0.93292,0.93382
1748210637266.0,0.933,0.9339
1748210642356.0,0.93284,0.93374
1748210691327.0,0.93295,0.93385
1748210714381.0,0.93286,0.93376
1748210726377.0,0.93295,0.93385
1748210760628.0,0.93304,0.93394
1748210815629.0,0.93305,0.93395
1748210817309.0,0.93296,0.93386
1748210820152.0,0.93294,0.93384
1748210823069.0,0.93314,0.93404
1748210825192.0,0.93322,0.93412
1748210836804.0,0.93329,0.93419
1748210837818.0,0.93318,0.93408
1748210840734.0,0.93346,0.93436
1748210841683.0,0.93342,0.93432
1748210846432.0,0.93386,0.93476
1748210847583.0,0.93383,0.93473
1748210849683.0,0.93374,0.93464
1748210852915.0,0.93375,0.93465
1748210865921.0,0.93372,0.93462
1748210875074.0,0.93327,0.93417
1748210930186.0,0.93325,0.93415
1748210931986.0,0.93332,0.93422
1748210943555.0,0.93327,0.93417
1748210949659.0,0.93338,0.93428
1748210958553.0,0.93335,0.93425
1748210973054.0,0.93327,0.93417
1748210983696.0,0.93349,0.93439
1748210984451.0,0.93334,0.93424
1748210986042.0,0.93349,0.93439
1748210987997.0,0.93331,0.93421
1748210988352.0,0.93354,0.93444
1748210992290.0,0.93372,0.93462
1748210992540.0,0.93351,0.93441
1748210992664.0,0.93373,0.93463
1748210995259.0,0.93364,0.93454
1748210995630.0,0.93376,0.93466
1748210995880.0,0.93363,0.93453
1748210998835.0,0.93378,0.93468
1748210999552.0,0.93371,0.93461
1748211004675.0,0.93392,0.93482
1748211005175.0,0.93389,0.93479
1748211014707.0,0.934,0.9349
1748211020449.0,0.93394,0.93484
1748211028440.0,0.93403,0.93493
1748211032701.0,0.93399,0.93489
1748211042086.0,0.93409,0.93499
1748211048246.0,0.934,0.9349
1748211055489.0,0.93401,0.93491
1748211056019.0,0.93402,0.93492
1748211056604.0,0.93394,0.93484
1748211056853.0,0.93402,0.93492
1748211057477.0,0.93415,0.93505
1748211059479.0,0.9342,0.9351
1748211062540.0,0.9341,0.935
1748211072235.0,0.93399,0.93489
1748211072361.0,0.93387,0.93477
1748211072634.0,0.93398,0.93488
1748211077856.0,0.93386,0.93476
1748211080489.0,0.93392,0.93482
1748211092009.0,0.9335,0.9344
1748211092591.0,0.93417,0.93507
1748211093575.0,0.93431,0.93508
1748211094712.0,0.93439,
1748211096014.0,0.93421,0.93487
1748211097350.0,0.93422,0.93488
1748211097807.0,0.93429,0.93494
1748211097932.0,0.93423,0.93489
1748211100067.0,0.93358,0.93448
1748211100193.0,0.93352,0.93442
1748211100519.0,0.9336,0.9345
1748211102518.0,0.93365,0.93455
1748211105488.0,0.93379,0.93469
1748211106187.0,0.93379,0.93469
1748211108796.0,0.93373,0.93463
1748211109172.0,0.93371,0.93461
1748211111981.0,0.93377,0.93467
1748211121816.0,0.93384,0.93474
1748211123384.0,0.93378,0.93468
1748211139992.0,0.93373,0.93463
1748211148425.0,0.93364,0.93454
1748211173381.0,0.93362,0.93452
1748211183245.0,0.93357,0.93447
1748211194384.0,0.93363,0.93453
1748211195164.0,0.93368,0.93458
1748211204722.0,0.93379,0.93469
1748211210567.0,0.93381,0.93471
1748211232419.0,0.93375,0.93465
1748211242482.0,0.9337,0.9346
1748211244927.0,0.93356,0.93446
1748211251964.0,0.93348,0.93438
1748211252943.0,0.93354,0.93444
1748211255973.0,0.93371,0.93461
1748211259472.0,0.93381,0.93471
1748211266542.0,0.93375,0.93465
1748211281572.0,0.93383,0.93473
1748211300075.0,0.93396,0.93486
1748211301169.0,0.93388,0.93478
1748211302140.0,0.93443,0.93509
1748211302742.0,0.93438,0.93503
1748211303926.0,0.93443,0.93508
1748211311839.0,0.93438,0.93503
1748211314098.0,0.93443,0.93508
1748211314216.0,0.93448,0.93513
1748211315230.0,0.93443,0.93508
1748211319505.0,0.93448,0.93514
1748211344922.0,0.93449,0.93519
1748211345268.0,0.93448,0.93514
1748211360135.0,0.93442,0.93513
1748211393096.0,0.93446,0.93519
1748211413847.0,0.93455,0.93524
1748211415580.0,0.9346,0.93525
1748211429689.0,0.93455,0.9352
1748211432634.0,0.9345,0.93515
1748211462878.0,0.93444,0.9351
1748211463005.0,0.9345,0.93515
1748211473748.0,0.93444,0.93509
1748211475029.0,0.93439,0.93504
1748211480295.0,0.93434,0.93499
1748211480546.0,0.93428,0.93493
1748211480971.0,0.93434,0.93499
1748211490046.0,0.93439,0.93504
1748211492784.0,0.93443,0.93509
1748211492909.0,0.93439,0.93504
1748211493033.0,0.93444,0.93509
1748211503487.0,0.93439,0.93504
1748211548826.0,0.93445,0.9351
1748211553967.0,0.9344,0.93505
1748211574894.0,0.93445,0.9351
1748211578998.0,0.9344,0.93505
1748211583277.0,0.93437,0.93502
1748211591286.0,0.93432,0.93497
1748211600112.0,0.93427,0.93492
1748211604347.0,0.93444,0.93474
1748211606520.0,0.93441,0.93471
1748211608971.0,0.93439,0.93469
1748211610956.0,0.93435,0.93465
1748211613450.0,0.93432,0.93462
1748211614908.0,0.9343,0.9346
1748211616873.0,0.93427,0.93457
1748211616999.0,0.93423,0.93453
1748211617125.0,0.93421,0.93451
1748211617859.0,0.93424,0.93454
1748211617983.0,0.93425,0.93455
1748211618235.0,0.93423,0.93453
1748211618360.0,0.9342,0.93451
1748211620154.0,,0.9345
1748211620270.0,0.93417,0.93448
1748211621069.0,0.93413,0.93444
1748211622395.0,,0.93443
1748211622518.0,0.93414,0.93444
1748211622897.0,0.93408,0.9344
1748211623020.0,0.93415,0.93445
1748211623145.0,0.93417,0.93447
1748211625351.0,0.93419,0.93449
1748211626661.0,0.9342,0.9345
1748211627543.0,0.93429,0.93459
1748211627667.0,0.93428,0.93458
1748211627917.0,0.93425,0.93455
1748211628448.0,0.93423,0.93453
1748211629260.0,0.93426,0.93456
1748211630407.0,0.93428,0.93458
1748211630528.0,0.93432,0.93462
1748211635240.0,0.93434,0.93464
1748211635364.0,0.9343,0.9346
1748211641336.0,0.93428,0.93458
1748211643293.0,0.93439,0.93469
1748211643616.0,0.93439,0.93469
1748211643846.0,0.93437,0.93467
1748211643970.0,0.93441,0.93471
1748211646771.0,0.93443,0.93473
1748211648745.0,0.93442,0.93472
1748211649591.0,0.93453,0.93483
1748211649861.0,0.93456,0.93486
1748211650111.0,0.93454,0.93484
1748211651889.0,0.93456,0.93486
1748211655880.0,0.93458,0.93488
1748211656600.0,0.93456,0.93486
1748211659810.0,0.93458,0.93488
1748211660067.0,0.93456,0.93486
1748211665778.0,0.93458,0.93488
1748211666027.0,0.93451,0.93481
1748211666345.0,0.93453,0.93483
1748211666595.0,0.9345,0.9348
1748211668317.0,0.93448,0.93478
1748211668446.0,0.93447,0.93477
1748211668693.0,0.93445,0.93475
1748211669938.0,0.93443,0.93473
1748211670190.0,0.93431,0.93461
1748211670313.0,0.93433,0.93463
1748211670792.0,0.9343,0.9346
1748211671463.0,0.93428,0.93458
1748211671837.0,0.93433,0.93463
1748211672598.0,0.93435,0.93465
1748211674369.0,0.93433,0.93463
1748211675599.0,0.93435,0.93465
1748211680109.0,0.93438,0.93468
1748211681461.0,0.93443,0.93473
1748211681593.0,0.93445,0.93475
1748211689736.0,0.93441,0.93471
1748211693539.0,0.93457,0.93487
1748211693788.0,0.93457,0.93487
1748211694170.0,0.93451,0.93481
1748211695890.0,0.93449,0.93479
1748211698748.0,0.93455,0.93485
1748211698997.0,0.93448,0.93478
1748211702847.0,0.93446,0.93476
1748211702969.0,0.93449,0.93479
1748211704651.0,0.93461,0.93491
1748211704902.0,0.9346,0.9349
1748211705151.0,0.93462,0.93492
1748211707133.0,0.9346,0.9349
1748211713834.0,0.93465,0.93495
1748211713967.0,0.93463,0.93493
1748211714334.0,0.93473,0.93503
1748211715055.0,0.9347,0.935
1748211715177.0,0.93473,0.93504
1748211715958.0,0.93474,0.93506
1748211717311.0,0.93475,0.93505
1748211718559.0,0.93477,0.93507
1748211719710.0,0.9348,0.9351
1748211719835.0,0.93478,0.93508
1748211720118.0,0.93475,0.93505
1748211720362.0,0.93473,0.93503
1748211722465.0,0.93475,0.93505
1748211726409.0,0.93477,0.93507
1748211726667.0,0.93475,0.93505
1748211727792.0,0.93477,0.93507
1748211728412.0,0.93476,0.93506
1748211729230.0,0.93474,0.93504
1748211729350.0,0.93477,0.93507
1748211730300.0,0.93479,0.93509
1748211730674.0,0.93475,0.93505
1748211730922.0,0.93476,0.93506
1748211732220.0,0.93475,0.93505
1748211733628.0,0.93476,0.93506
1748211736048.0,0.93477,0.93507
1748211736296.0,0.93475,0.93505
1748211737621.0,0.93478,0.93508
1748211738260.0,0.93476,0.93506
1748211739247.0,0.93477,0.93507
1748211739736.0,0.93475,0.93505
1748211740784.0,0.93477,0.93507
1748211741559.0,0.93476,0.93506
1748211742587.0,0.93477,0.93507
1748211746956.0,0.93476,0.93506
1748211747333.0,0.93477,0.93508
1748211747459.0,0.93476,0.93506
1748211747582.0,0.93479,0.93509
1748211748281.0,0.93476,0.93506
1748211748406.0,0.9348,0.9351
1748211748662.0,0.93478,0.93508
1748211749371.0,0.9348,0.9351
1748211749686.0,0.93478,0.93508
1748211749811.0,0.93482,0.93512
1748211751696.0,0.93479,0.93509
1748211752460.0,0.93477,0.9351
1748211752567.0,0.93478,0.93508
1748211753509.0,0.93475,0.93506
1748211753773.0,0.93477,0.93507
1748211754475.0,0.93475,0.93505
1748211754724.0,0.93478,0.93508
1748211755538.0,0.93475,0.93506
1748211755789.0,0.93477,0.93507
1748211756039.0,0.93475,0.93505
1748211756249.0,0.93474,0.93504
1748211757474.0,0.93476,0.93506
1748211758753.0,0.9348,0.9351
1748211759271.0,0.93478,0.93508
1748211760153.0,0.9348,0.9351
1748211761786.0,0.93476,0.93506
1748211765166.0,0.93478,0.93508
1748211765942.0,0.93478,0.93508
1748211766191.0,0.93478,0.93508
1748211766815.0,0.93475,0.93505
1748211766931.0,0.93474,0.93504
1748211767065.0,0.93475,0.93505
1748211767312.0,0.93474,0.93504
1748211767566.0,0.93473,0.93503
1748211768422.0,0.93475,0.93505
1748211768752.0,0.93479,0.93509
1748211769001.0,0.93477,0.93507
1748211769248.0,0.9348,0.9351
1748211769669.0,0.93477,0.93507
1748211772158.0,0.93475,0.93505
1748211772282.0,0.93477,0.93507
1748211774342.0,0.93477,0.93507
1748211775996.0,0.9348,0.9351
1748211777518.0,0.93481,0.93511
1748211777642.0,0.9348,0.9351
1748211779390.0,0.93478,0.93508
1748211781102.0,0.9348,0.9351
1748211781601.0,0.93479,0.93509
1748211783073.0,0.93475,0.93505
1748211783574.0,0.93477,0.93507
1748211783823.0,0.93479,0.93509
1748211784773.0,0.93481,0.93511
1748211785024.0,0.93481,0.93511
1748211785138.0,0.93479,0.93509
1748211789772.0,0.93477,0.93507
1748211791291.0,0.93479,0.93509
1748211791574.0,0.93483,0.93513
1748211792289.0,0.9348,0.9351
1748211796400.0,0.93478,0.93508
1748211796523.0,0.9348,0.9351
1748211799454.0,0.93481,0.93511
1748211799830.0,0.9348,0.9351
1748211800601.0,0.93477,0.93508
1748211801038.0,0.93481,0.93511
1748211801159.0,0.93477,0.93507
1748211801409.0,0.93478,0.93508
1748211801542.0,0.93476,0.93506
1748211801792.0,0.93475,0.93505
1748211802159.0,0.93473,0.93503
1748211803199.0,0.93476,0.93506
1748211804274.0,0.93478,0.93508
1748211804399.0,0.93476,0.93506
1748211809574.0,0.93473,0.93503
1748211814040.0,0.93475,0.93505
1748211816194.0,0.93473,0.93503
1748211817636.0,0.93476,0.93506
1748211817759.0,0.93474,0.93504
1748211820406.0,0.93476,0.93506
1748211823910.0,0.93478,0.93508
1748211824031.0,0.9348,0.9351
1748211824280.0,0.93476,0.93506
1748211824411.0,0.93474,0.93504
1748211825996.0,0.93472,0.93502
1748211826702.0,0.93481,0.93511
1748211826952.0,0.93484,0.93514
1748211827393.0,0.93481,0.93511
1748211827957.0,0.93484,0.93514
1748211828357.0,0.93482,0.93512
1748211828482.0,0.9348,0.9351
1748211829763.0,0.93477,0.93507
1748211830169.0,0.9348,0.9351
1748211833272.0,0.93478,0.93508
1748211834589.0,0.93477,0.93507
1748211834836.0,0.93479,0.93509
1748211835871.0,0.93477,0.93507
1748211835998.0,0.93478,0.93508
1748211836122.0,0.93476,0.93506
1748211838781.0,0.93478,0.93508
1748211839030.0,0.93475,0.93505
1748211840072.0,0.93476,0.93506
1748211842323.0,0.93477,0.93507
1748211844544.0,0.93475,0.93505
1748211846796.0,0.93478,0.93508
1748211847806.0,0.93476,0.93506
1748211847930.0,0.93485,0.93515
1748211848181.0,0.93487,0.93517
1748211848694.0,0.93484,0.93514
1748211849193.0,0.93486,0.93516
1748211849949.0,0.93483,0.93513
1748211850548.0,0.93485,0.93515
1748211852084.0,0.93488,0.93518
1748211852431.0,0.93486,0.93516
1748211857433.0,0.93483,0.93513
1748211857682.0,0.93486,0.93516
1748211858115.0,0.93483,0.93513
1748211858364.0,0.93485,0.93515
1748211858695.0,0.93483,0.93513
1748211858945.0,0.93485,0.93515
1748211859249.0,0.93483,0.93513
1748211859367.0,0.93485,0.93515
1748211860507.0,0.93487,0.93517
1748211860758.0,0.93485,0.93515
1748211861285.0,0.93487,0.93517
1748211862338.0,0.93484,0.93514
1748211863267.0,0.93482,0.93512
1748211863522.0,0.93487,0.93517
1748211864566.0,0.93484,0.93514
1748211864819.0,0.93486,0.93516
1748211868715.0,0.93487,0.93517
1748211870751.0,0.93485,0.93515
1748211870875.0,0.93488,0.93518
1748211871530.0,0.93486,0.93516
1748211871772.0,0.93488,0.93518
1748211875665.0,0.93491,0.93521
1748211877654.0,0.93493,0.93523
1748211879685.0,0.9349,0.9352
1748211880410.0,0.93492,0.93522
1748211881417.0,0.93495,0.93525
1748211883342.0,0.93497,0.93527
1748211883456.0,0.93492,0.93522
1748211884481.0,0.93496,0.93526
1748211884606.0,0.93493,0.93523
1748211886966.0,0.93495,0.93525
1748211887797.0,0.93493,0.93523
1748211889991.0,0.93496,0.93526
1748211890116.0,0.935,0.9353
1748211890492.0,0.935,0.9353
1748211890616.0,0.93502,0.93532
1748211890742.0,0.935,0.9353
1748211893395.0,0.93498,0.93528
1748211894524.0,0.93495,0.93525
1748211894771.0,0.93499,0.93529
1748211895397.0,0.93502,0.93532
1748211896400.0,0.935,0.9353
1748211898902.0,0.93497,0.93527
1748211899153.0,0.935,0.9353
1748211900900.0,0.93498,0.93528
1748211902032.0,0.93496,0.93526
1748211902156.0,0.93494,0.93524
1748211902670.0,0.93491,0.93521
1748211903989.0,0.93489,0.93519
1748211904114.0,0.93491,0.93521
1748211905904.0,0.9349,0.9352
1748211906377.0,0.93492,0.93522
1748211906501.0,0.9349,0.9352
1748211906889.0,0.93492,0.93522
1748211907309.0,0.9349,0.9352
1748211909921.0,0.93488,0.93518
1748211918677.0,0.9349,0.9352
1748211918796.0,0.93495,0.93525
1748211920737.0,0.93496,0.93526
1748211922217.0,0.93504,0.93534
1748211923366.0,0.93501,0.93531
1748211923486.0,0.93491,0.93521
1748211925271.0,0.93493,0.93523
1748211926165.0,0.93496,0.93526
1748211926290.0,0.93505,0.93535
1748211928132.0,0.93503,0.93533
1748211929018.0,0.93502,0.93532
1748211931544.0,0.935,0.9353
1748211931911.0,0.93502,0.93532
1748211933439.0,0.935,0.9353
1748211934295.0,0.93498,0.93528
1748211935967.0,0.935,0.9353
1748211936088.0,0.93498,0.93528
1748211951515.0,0.9349,0.9352
1748211953620.0,0.93492,0.93522
1748211953746.0,0.93489,0.93519
1748211960872.0,0.93491,0.93521
1748211961372.0,0.93488,0.93518
1748211961655.0,0.93491,0.93521
1748211962751.0,0.93491,0.93521
1748211968710.0,0.93494,0.93524
1748211971321.0,0.93496,0.93526
1748211971441.0,0.93494,0.93524
1748211974836.0,0.93496,0.93526
1748211975086.0,0.93494,0.93524
1748211983507.0,0.93492,0.93522
1748211985945.0,0.93496,0.93526
1748211986080.0,0.93493,0.93523
1748211986195.0,0.93495,0.93525
1748211988231.0,0.93493,0.93523
1748211989148.0,0.93491,0.93521
1748211990986.0,0.93493,0.93523
1748211994255.0,0.93495,0.93525
1748211995982.0,0.93493,0.93523
1748211996107.0,0.93491,0.93521
1748211999985.0,0.93493,0.93523
1748212000233.0,0.93491,0.93521
1748212006412.0,0.93489,0.93519
1748212008781.0,0.93487,0.93517
1748212008909.0,0.93492,0.93522
1748212009372.0,0.93494,0.93524
1748212013135.0,0.93489,0.93519
1748212013267.0,0.93491,0.93521
1748212014027.0,0.93493,0.93523
1748212015932.0,0.93491,0.93521
1748212016181.0,0.93488,0.93518
1748212018711.0,0.93491,0.93521
1748212018836.0,0.93493,0.93523
1748212024690.0,0.93495,0.93525
1748212025063.0,0.93493,0.93523
1748212025440.0,0.9349,0.9352
1748212026485.0,0.93491,0.93521
1748212027178.0,0.93489,0.93519
1748212028489.0,0.93493,0.93523
1748212035816.0,0.93491,0.93521
1748212036068.0,0.93493,0.93523
1748212038199.0,0.93491,0.93521
1748212044611.0,0.93494,0.93524
1748212044861.0,0.93489,0.93519
1748212046537.0,0.93492,0.93522
1748212048039.0,0.93496,0.93526
1748212051404.0,0.93494,0.93524
1748212056934.0,0.93491,0.93521
1748212057195.0,0.93489,0.93519
1748212057307.0,0.93491,0.93521
1748212060317.0,0.93489,0.93519
1748212066401.0,0.93491,0.93521
1748212070823.0,0.93493,0.93523
1748212072796.0,0.93496,0.93526
1748212074298.0,0.93503,0.93533
1748212078212.0,0.93505,0.93535
1748212078337.0,0.93508,0.93538
1748212079730.0,0.9351,0.9354
1748212080206.0,0.93508,0.93538
1748212089411.0,0.93506,0.93536
1748212091137.0,0.93504,0.93534
1748212093798.0,0.93501,0.93531
1748212096114.0,0.93499,0.93529
1748212099182.0,0.93497,0.93527
1748212099305.0,0.93502,0.93532
1748212102154.0,0.93499,0.93529
1748212103182.0,0.93502,0.93532
1748212106766.0,0.93504,0.93534
1748212106891.0,0.93501,0.93531
1748212108950.0,0.93503,0.93533
1748212109064.0,0.93505,0.93535
1748212110192.0,0.93512,0.93542
1748212110820.0,0.93509,0.93539
1748212113751.0,0.93511,0.93541
1748212119140.0,0.9351,0.9354
1748212126182.0,0.93508,0.93538
1748212128092.0,0.9351,0.9354
1748212128215.0,0.93508,0.93538
1748212139352.0,0.9351,0.9354
1748212139476.0,0.93508,0.93538
1748212144355.0,0.93506,0.93536
1748212145257.0,0.93509,0.93539
1748212146612.0,0.93511,0.93541
1748212149392.0,0.93509,0.93539
1748212154188.0,0.93511,0.93541
1748212154441.0,0.93517,0.93547
1748212154563.0,0.93514,0.93544
1748212157052.0,0.93512,0.93542
1748212178549.0,0.93514,0.93544
1748212178675.0,0.93511,0.93541
1748212183659.0,0.93509,0.93539
1748212184661.0,0.93512,0.93542
1748212194203.0,0.93509,0.93539
1748212194540.0,0.93512,0.93542
1748212197835.0,0.93514,0.93544
1748212198087.0,0.93512,0.93542
1748212207230.0,0.9351,0.9354
1748212207481.0,0.93512,0.93542
1748212211865.0,0.93514,0.93544
1748212216962.0,0.93516,0.93546
1748212218779.0,0.93514,0.93544
1748212219423.0,0.93508,0.93538
1748212227088.0,0.9351,0.9354
1748212229092.0,0.93513,0.93543
1748212229218.0,0.93511,0.93541
1748212232282.0,0.93509,0.93539
1748212232535.0,0.93511,0.93541
1748212235715.0,0.93509,0.93539
1748212236318.0,0.93511,0.93541
1748212239800.0,0.93513,0.93543
1748212241548.0,0.93511,0.93541
1748212242475.0,0.93509,0.93539
1748212246114.0,0.93509,0.93539
1748212248472.0,0.93507,0.93537
1748212248596.0,0.93509,0.93539
1748212259981.0,0.93511,0.93541
1748212261455.0,0.93509,0.93539
1748212266933.0,0.93506,0.93536
1748212268007.0,0.93509,0.93539
1748212268133.0,0.93512,0.93542
1748212268702.0,0.93514,0.93544
1748212270376.0,0.93512,0.93542
1748212270501.0,0.93504,0.93534
1748212277261.0,0.93502,0.93532
1748212277509.0,0.93497,0.93527
1748212280730.0,0.93495,0.93525
1748212280855.0,0.93497,0.93527
1748212281376.0,0.93495,0.93525
1748212285695.0,0.93497,0.93527
1748212293907.0,0.935,0.9353
1748212299883.0,0.93496,0.93526
1748212299999.0,0.93493,0.93523
1748212300783.0,0.93491,0.93521
1748212301765.0,0.93489,0.93519
1748212303936.0,0.93487,0.93517
1748212304060.0,0.93484,0.93514
1748212305419.0,0.93486,0.93516
1748212306374.0,0.93488,0.93518
1748212321652.0,0.93486,0.93516
1748212322754.0,0.93484,0.93514
1748212329858.0,0.93484,0.93514
1748212329985.0,0.93482,0.93512
1748212335365.0,0.93484,0.93514
1748212335488.0,0.93482,0.93512
1748212341436.0,0.93474,0.93504
1748212344600.0,0.93476,0.93506
1748212344849.0,0.93474,0.93504
1748212351062.0,0.93472,0.93502
1748212362417.0,0.93478,0.93508
1748212362687.0,0.93475,0.93505
1748212362814.0,0.93473,0.93503
1748212372006.0,0.93471,0.93501
1748212373300.0,0.93473,0.93503
1748212377814.0,0.93479,0.93509
1748212381394.0,0.93481,0.93511
1748212384082.0,0.93479,0.93509
1748212384973.0,0.93481,0.93511
1748212402113.0,0.93479,0.93509
1748212416112.0,0.93476,0.93506
1748212416233.0,0.93471,0.93501
1748212417511.0,0.93473,0.93503
1748212417761.0,0.93474,0.93504
1748212419798.0,0.93476,0.93506
1748212436053.0,0.93474,0.93504
1748212436582.0,0.93471,0.93501
1748212437449.0,0.93474,0.93504
1748212438342.0,0.93476,0.93506
1748212438592.0,0.93474,0.93504
1748212443372.0,0.93472,0.93502
1748212471114.0,0.93474,0.93504
1748212471235.0,0.93471,0.93501
1748212482324.0,0.93474,0.93504
1748212484665.0,0.93471,0.93501
1748212488824.0,0.93474,0.93504
1748212489648.0,0.93471,0.93501
1748212510500.0,0.93468,0.93498
1748212513892.0,0.93471,0.93501
1748212516676.0,0.93474,0.93504
1748212516918.0,0.93471,0.93501
1748212518461.0,0.93474,0.93504
1748212518732.0,0.93471,0.93501
1748212518982.0,0.93474,0.93504
1748212524060.0,0.93476,0.93506
1748212524793.0,0.93474,0.93504
1748212529945.0,0.93471,0.93501
1748212531317.0,0.93469,0.93499
1748212532398.0,0.93467,0.93497
1748212537367.0,0.93473,0.93503
1748212546164.0,0.93471,0.93501
1748212558585.0,0.93469,0.93499
1748212558706.0,0.93467,0.93497
1748212563248.0,0.93464,0.93494
1748212566929.0,0.93466,0.93496
1748212569139.0,0.93468,0.93498
1748212569551.0,0.93466,0.93496
1748212572286.0,0.93468,0.93498
1748212575136.0,0.93466,0.93496
1748212578585.0,0.93466,0.93496
1748212578712.0,0.93463,0.93493
1748212578961.0,0.93468,0.93498
1748212579585.0,0.93466,0.93496
1748212590368.0,0.93468,0.93498
1748212590620.0,0.93466,0.93496
1748212597946.0,0.93464,0.93494
1748212599500.0,0.93466,0.93496
1748212604893.0,0.93464,0.93494
1748212605139.0,0.93468,0.93498
1748212605264.0,0.93466,0.93496
1748212613456.0,0.93468,0.93498
1748212616841.0,0.93466,0.93496
1748212622299.0,0.93468,0.93498
1748212622860.0,0.93466,0.93496
1748212625002.0,0.93468,0.93498
1748212625859.0,0.93466,0.93496
1748212628015.0,0.93468,0.93498
1748212629296.0,0.93466,0.93496
1748212640337.0,0.93464,0.93494
1748212640461.0,0.93462,0.93492
1748212641663.0,0.93464,0.93494
1748212642819.0,0.93466,0.93496
1748212645655.0,0.93464,0.93494
1748212649425.0,0.93465,0.93495
1748212651536.0,0.93463,0.93493
1748212666659.0,0.93465,0.93495
1748212667083.0,0.93463,0.93493
1748212667238.0,0.9346,0.9349
1748212670139.0,0.93463,0.93493
1748212671174.0,0.93465,0.93495
1748212671296.0,0.93467,0.93497
1748212671677.0,0.93465,0.93495
1748212671797.0,0.93462,0.93492
1748212672569.0,0.93464,0.93494
1748212674221.0,0.93467,0.93497
1748212677791.0,0.93464,0.93494
1748212679334.0,0.93466,0.93496
1748212680189.0,0.93471,0.93501
1748212685146.0,0.93468,0.93498
1748212690052.0,0.93466,0.93496
1748212693011.0,0.93466,0.93496
1748212694339.0,0.93468,0.93498
1748212695386.0,0.93465,0.93495
1748212696826.0,0.93463,0.93493
1748212697401.0,0.93466,0.93496
1748212697864.0,0.93464,0.93494
1748212697992.0,0.93466,0.93496
1748212704102.0,0.93464,0.93494
1748212704352.0,0.93461,0.93491
1748212708736.0,0.93459,0.93489
1748212709992.0,0.93461,0.93491
1748212710245.0,0.93463,0.93493
1748212710762.0,0.93461,0.93491
1748212714168.0,0.93463,0.93493
1748212715100.0,0.93466,0.93496
1748212715493.0,0.93463,0.93493
1748212715745.0,0.93461,0.93491
1748212716660.0,0.93464,0.93494
1748212716912.0,0.93464,0.93494
1748212722324.0,0.93468,0.93498
1748212724589.0,0.93466,0.93496
1748212726982.0,0.93464,0.93494
1748212728165.0,0.93466,0.93496
1748212731494.0,0.93463,0.93493
1748212731618.0,0.93461,0.93491
1748212734748.0,0.93461,0.93491
1748212736645.0,0.93464,0.93494
1748212736771.0,0.93466,0.93496
1748212737679.0,0.93464,0.93494
1748212739679.0,0.93467,0.93497
1748212740352.0,0.93465,0.93495
1748212743440.0,0.93463,0.93493
1748212754110.0,0.93458,0.93488
1748212756110.0,0.9346,0.9349
1748212760187.0,0.93458,0.93488
1748212766597.0,0.9346,0.9349
1748212768329.0,0.93458,0.93488
1748212773333.0,0.93456,0.93486
1748212774672.0,0.93454,0.93484
1748212774794.0,0.93456,0.93486
1748212782191.0,0.93458,0.93488
1748212786308.0,0.93456,0.93486
1748212791987.0,0.93459,0.93489
1748212804529.0,0.93457,0.93487
1748212807070.0,0.9346,0.9349
1748212809899.0,0.93457,0.93487
1748212810957.0,0.93455,0.93485
1748212811206.0,0.93457,0.93487
1748212816414.0,0.9346,0.9349
1748212816662.0,0.93457,0.93487
1748212819350.0,0.9346,0.9349
1748212819461.0,0.93455,0.93485
1748212820496.0,0.93458,0.93488
1748212827482.0,0.93456,0.93486
1748212827607.0,0.93459,0.93489
1748212828418.0,0.93457,0.93487
1748212829551.0,0.93455,0.93485
1748212830051.0,0.93457,0.93487
1748212836236.0,0.93459,0.93489
1748212845789.0,0.93457,0.93487
1748212849995.0,0.93455,0.93485
1748212850993.0,0.93457,0.93487
1748212865628.0,0.93459,0.93489
1748212866002.0,0.93461,0.93491
1748212866127.0,0.93458,0.93488
1748212869659.0,0.93456,0.93486
1748212869788.0,0.93458,0.93488
1748212870975.0,0.9346,0.9349
1748212871383.0,0.93458,0.93488
1748212878822.0,0.93458,0.93488
1748212879587.0,0.93456,0.93486
1748212881007.0,0.93458,0.93488
1748212885798.0,0.93461,0.93491
1748212885922.0,0.93459,0.93489
1748212886173.0,0.93461,0.93491
1748212889309.0,0.93459,0.93489
1748212890157.0,0.93457,0.93487
1748212892936.0,0.93459,0.93489
1748212893303.0,0.93458,0.93488
1748212893435.0,0.93455,0.93485
1748212893725.0,0.93457,0.93487
1748212894266.0,0.93455,0.93485
1748212898046.0,0.93453,0.93483
1748212898302.0,0.93455,0.93485
1748212905485.0,0.93457,0.93487
1748212908320.0,0.93459,0.93489
1748212909140.0,0.93457,0.93487
1748212909517.0,0.93459,0.93489
1748212911851.0,0.93464,0.93494
1748212911992.0,0.93466,0.93496
1748212912555.0,0.93464,0.93494
1748212914697.0,0.9346,0.9349
1748212920375.0,0.93462,0.93492
1748212921585.0,0.9346,0.9349
1748212922684.0,0.93458,0.93488
1748212922809.0,0.93451,0.93481
1748212923057.0,0.93444,0.93474
1748212923308.0,0.93441,0.93471
1748212923614.0,0.93443,0.93473
1748212926073.0,0.93445,0.93475
1748212926191.0,0.93447,0.93477
1748212934205.0,0.93445,0.93475
1748212946651.0,0.93443,0.93473
1748212946765.0,0.93441,0.93471
1748212947495.0,0.93443,0.93473
1748212949317.0,0.93445,0.93475
1748212951248.0,0.93443,0.93473
1748212951521.0,0.93445,0.93475
1748212952227.0,0.93442,0.93472
1748212953615.0,0.93444,0.93474
1748212957007.0,0.93442,0.93472
1748212957131.0,0.93444,0.93474
1748212959141.0,0.93442,0.93472
1748212967177.0,0.93445,0.93475
1748212968387.0,0.93442,0.93472
1748212975212.0,0.93448,0.93478
1748212975710.0,0.9345,0.9348
1748212975959.0,0.93448,0.93478
1748212978932.0,0.93454,0.93484
1748212979434.0,0.93452,0.93482
1748212980097.0,0.93449,0.93479
1748212980224.0,0.93446,0.93476
1748212981212.0,0.93448,0.93478
1748212982995.0,0.9345,0.9348
1748212983331.0,0.93452,0.93482
1748212987694.0,0.93455,0.93485
1748212989660.0,0.93457,0.93487
1748212989780.0,0.93455,0.93485
1748212997079.0,0.93457,0.93487
1748212999141.0,0.93454,0.93484
1748213000812.0,0.93456,0.93486
1748213007809.0,0.93454,0.93484
1748213010815.0,0.93456,0.93486
1748213018526.0,0.93454,0.93484
1748213018998.0,0.93452,0.93482
1748213020724.0,0.93454,0.93484
1748213028916.0,0.93456,0.93486
1748213031046.0,0.93454,0.93484
1748213031727.0,0.93456,0.93486
1748213037110.0,0.93461,0.93491
1748213040396.0,0.93458,0.93488
1748213040645.0,0.93456,0.93486
1748213064966.0,0.93458,0.93488
1748213065720.0,0.93456,0.93486
1748213068484.0,0.93458,0.93488
1748213068915.0,0.93456,0.93486
1748213070660.0,0.93474,0.93504
1748213072332.0,0.93476,0.93506
1748213074568.0,0.93474,0.93504
1748213087021.0,0.93476,0.93506
1748213094503.0,0.93474,0.93504
1748213101638.0,0.93476,0.93506
1748213109428.0,0.93474,0.93504
1748213109793.0,0.93472,0.93502
1748213111610.0,0.93475,0.93505
1748213112872.0,0.93473,0.93503
1748213116603.0,0.93475,0.93505
1748213118922.0,0.93473,0.93503
1748213120466.0,0.93471,0.93501
1748213120713.0,0.93473,0.93503
1748213121632.0,0.93471,0.93501
1748213122260.0,0.93474,0.93504
1748213123093.0,0.93476,0.93506
1748213123216.0,0.93478,0.93508
1748213123343.0,0.93476,0.93506
1748213123903.0,0.93478,0.93508
1748213124452.0,0.93476,0.93506
1748213128383.0,0.93479,0.93509
1748213128508.0,0.93477,0.93507
1748213132168.0,0.93475,0.93505
1748213161767.0,0.93473,0.93503
1748213162186.0,0.93475,0.93505
1748213167506.0,0.93477,0.93507
1748213167774.0,0.93479,0.93509
1748213167878.0,0.93475,0.93505
1748213179145.0,0.93472,0.93502
1748213183155.0,0.9347,0.935
1748213183281.0,0.93472,0.93502
1748213184401.0,0.9347,0.935
1748213187177.0,0.93466,0.93496
1748213188023.0,0.93468,0.93498
1748213189645.0,0.9347,0.935
1748213189767.0,0.93468,0.93498
1748213192430.0,0.9347,0.935
1748213194684.0,0.93468,0.93498
1748213194935.0,0.93468,0.93498
1748213202201.0,0.9347,0.935
1748213202450.0,0.93468,0.93498
1748213206502.0,0.93472,0.93502
1748213206751.0,0.9347,0.935
1748213207821.0,0.93468,0.93498
1748213208069.0,0.9347,0.935
1748213208392.0,0.93468,0.93498
1748213219403.0,0.93473,0.93503
1748213219652.0,0.93471,0.93501
1748213230423.0,0.93471,0.93501
1748213230557.0,0.93469,0.93499
1748213234655.0,0.93466,0.93496
1748213235066.0,0.93464,0.93494
1748213235547.0,0.93466,0.93496
1748213236033.0,0.93468,0.93498
1748213240569.0,0.93466,0.93496
1748213245103.0,0.93464,0.93494
1748213252711.0,0.93466,0.93496
1748213264925.0,0.93469,0.93499
1748213269950.0,0.93467,0.93497
1748213277281.0,0.93465,0.93495
1748213277889.0,0.93462,0.93492
1748213294763.0,0.93464,0.93494
1748213296509.0,0.93462,0.93492
1748213306064.0,0.93465,0.93495
1748213311600.0,0.93467,0.93497
1748213312228.0,0.93464,0.93494
1748213313215.0,0.93467,0.93497
1748213317151.0,0.93465,0.93495
1748213323001.0,0.93464,0.93494
1748213325255.0,0.93466,0.93496
1748213327808.0,0.93464,0.93494
1748213341157.0,0.93462,0.93492
1748213341283.0,0.93464,0.93494
1748213342171.0,0.93462,0.93492
1748213349939.0,0.93464,0.93494
1748213352717.0,0.93467,0.93497
1748213353860.0,0.93464,0.93494
1748213367841.0,0.93467,0.93497
1748213370845.0,0.93469,0.93499
1748213374006.0,0.93466,0.93496
1748213379419.0,0.93464,0.93494
1748213379534.0,0.93466,0.93496
1748213379785.0,0.93468,0.93498
1748213380404.0,0.93466,0.93496
1748213385372.0,0.93469,0.93499
1748213398807.0,0.93471,0.93501
1748213399056.0,0.93469,0.93499
1748213404166.0,0.93466,0.93496
1748213406681.0,0.93468,0.93498
1748213411653.0,0.93466,0.93496
1748213413975.0,0.93468,0.93498
1748213417100.0,0.9347,0.935
1748213417736.0,0.93472,0.93502
1748213433508.0,0.93467,0.93497
1748213436538.0,0.93469,0.93499
1748213436985.0,0.93467,0.93497
1748213440491.0,0.93469,0.93499
1748213440617.0,0.93471,0.93501
1748213440865.0,0.93469,0.93499
1748213445050.0,0.93473,0.93503
1748213446651.0,0.93471,0.93501
1748213451053.0,0.93476,0.93506
1748213451174.0,0.93474,0.93504
1748213458570.0,0.93472,0.93502
1748213462800.0,0.93472,0.93502
1748213463551.0,0.93474,0.93504
1748213471226.0,0.93476,0.93506
1748213471352.0,0.93474,0.93504
1748213473427.0,0.93476,0.93506
1748213475116.0,0.93469,0.93499
1748213475933.0,0.93471,0.93501
1748213476056.0,0.93473,0.93503
1748213476939.0,0.93476,0.93506
1748213482789.0,0.93479,0.93509
1748213485424.0,0.93476,0.93506
1748213491672.0,0.93474,0.93504
1748213491792.0,0.93476,0.93506
1748213498097.0,0.93474,0.93504
1748213502235.0,0.93476,0.93506
1748213506396.0,0.93474,0.93504
1748213513733.0,0.93476,0.93506
1748213514566.0,0.93474,0.93504
1748213514688.0,0.93476,0.93506
1748213520386.0,0.93474,0.93504
1748213520963.0,0.93472,0.93502
1748213521089.0,0.93474,0.93504
1748213525113.0,0.93476,0.93506
1748213527490.0,0.93474,0.93504
1748213529659.0,0.93476,0.93506
1748213531135.0,0.93474,0.93504
1748213538849.0,0.93476,0.93506
1748213538975.0,0.93474,0.93504
1748213549372.0,0.93472,0.93502
1748213571865.0,0.93474,0.93504
1748213576920.0,0.93476,0.93506
1748213591557.0,0.93474,0.93504
1748213592118.0,0.93472,0.93502
1748213592839.0,0.93474,0.93504
1748213594846.0,0.93476,0.93506
1748213602969.0,0.93474,0.93504
1748213604535.0,0.93476,0.93506
1748213605281.0,0.93474,0.93504
1748213617856.0,0.93476,0.93506
1748213619145.0,0.93472,0.93502
1748213620266.0,0.93474,0.93504
1748213632206.0,0.93471,0.93501
1748213632326.0,0.93472,0.93502
1748213633603.0,0.93474,0.93504
1748213633979.0,0.93472,0.93502
1748213637469.0,0.93474,0.93504
1748213667971.0,0.93472,0.93502
1748213672025.0,0.93474,0.93504
1748213672812.0,0.93474,0.93504
1748213678856.0,0.93476,0.93506
1748213680072.0,0.93478,0.93508
1748213681026.0,0.93476,0.93506
1748213685236.0,0.93474,0.93504
1748213686449.0,0.93476,0.93506
1748213690712.0,0.93474,0.93504
1748213692372.0,0.93476,0.93506
1748213692495.0,0.93474,0.93504
1748213695371.0,0.93476,0.93506
1748213704217.0,0.93474,0.93504
1748213707359.0,0.93476,0.93506
1748213715463.0,0.93474,0.93504
1748213717846.0,0.93476,0.93506
1748213720397.0,0.93473,0.93503
1748213720646.0,0.93475,0.93505
1748213728630.0,0.93473,0.93503
1748213728754.0,0.93475,0.93505
1748213743459.0,0.93473,0.93503
1748213744797.0,0.93475,0.93505
1748213758072.0,0.93473,0.93503
1748213760115.0,0.93476,0.93506
1748213765230.0,0.93478,0.93508
1748213769394.0,0.93476,0.93506
1748213793875.0,0.93478,0.93508
1748213800797.0,0.93475,0.93505
1748213810421.0,0.93476,0.93506
1748213811020.0,0.93478,0.93508
1748213811145.0,0.93476,0.93506
1748213815676.0,0.93474,0.93504
1748213815923.0,0.93476,0.93506
1748213820131.0,0.93474,0.93504
1748213820378.0,0.93476,0.93506
1748213821852.0,0.93474,0.93504
1748213823994.0,0.93476,0.93506
1748213824966.0,0.93474,0.93504
1748213830131.0,0.93471,0.93501
1748213837728.0,0.93471,0.93501
1748213846911.0,0.93469,0.93499
1748213847692.0,0.93467,0.93497
1748213847805.0,0.93469,0.93499
1748213853742.0,0.93471,0.93501
1748213867095.0,0.93474,0.93504
1748213868791.0,0.93476,0.93506
1748213878584.0,0.93473,0.93503
1748213880552.0,0.93471,0.93501
1748213881361.0,0.93473,0.93503
1748213883544.0,0.93471,0.93501
1748213884676.0,0.93469,0.93499
1748213903539.0,0.93466,0.93496
1748213906203.0,0.93469,0.93499
1748213917132.0,0.93466,0.93496
1748213919782.0,0.93469,0.93499
1748213920350.0,0.93466,0.93496
1748213924361.0,0.93464,0.93494
1748213932453.0,0.93466,0.93496
1748213935719.0,0.93464,0.93494
1748213941163.0,0.93462,0.93492
1748213942450.0,0.93464,0.93494
1748213945352.0,0.93462,0.93492
1748213949845.0,0.93464,0.93494
1748213949970.0,0.93467,0.93497
1748213950218.0,0.93465,0.93495
1748213951497.0,0.93467,0.93497
1748213952100.0,0.93465,0.93495
1748213968089.0,0.93463,0.93493
1748213970696.0,0.93461,0.93491
1748213977930.0,0.93463,0.93493
1748213978901.0,0.93461,0.93491
1748213982341.0,0.93463,0.93493
1748213982471.0,0.93466,0.93496
1748213982740.0,0.93463,0.93493
1748213984924.0,0.93466,0.93496
1748213985237.0,0.93464,0.93494
1748213985619.0,0.93466,0.93496
1748213994167.0,0.93469,0.93499
1748213996037.0,0.93467,0.93497
1748213996156.0,0.93464,0.93494
1748214000040.0,0.93466,0.93496
1748214000171.0,0.93459,0.93489
1748214000926.0,0.93461,0.93491
1748214001177.0,0.93466,0.93496
1748214001452.0,0.93469,0.93499
1748214002829.0,0.93464,0.93504
1748214006070.0,0.93467,0.93508
1748214006809.0,0.93464,0.93505
1748214011168.0,0.93467,0.93508
1748214015091.0,0.93472,0.93502
1748214017166.0,0.93474,0.93504
1748214017597.0,0.93472,0.93502
1748214021945.0,0.9347,0.935
1748214022061.0,0.93466,0.93496
1748214022812.0,0.93472,0.93502
1748214023336.0,0.93472,0.93502
1748214024871.0,0.9347,0.935
1748214025405.0,0.93468,0.93498
1748214025960.0,0.9347,0.935
1748214027835.0,0.93468,0.93498
1748214029228.0,0.9347,0.935
1748214029528.0,0.93469,0.93499
1748214030899.0,0.93466,0.93496
1748214031150.0,0.9347,0.935
1748214031425.0,0.93468,0.93498
1748214037176.0,0.9347,0.935
1748214037302.0,0.93468,0.93498
1748214040522.0,0.9347,0.935
1748214049600.0,0.93468,0.93498
1748214050003.0,0.93466,0.93496
1748214052706.0,0.93468,0.93498
1748214061405.0,0.93466,0.93496
1748214072306.0,0.93469,0.93499
1748214072794.0,0.93471,0.93501
1748214091277.0,0.93469,0.93499
1748214091404.0,0.93467,0.93497
1748214097195.0,0.93465,0.93495
1748214108903.0,0.93467,0.93497
1748214109153.0,0.93465,0.93495
1748214111757.0,0.93464,0.93494
1748214116648.0,0.93466,0.93496
1748214117267.0,0.93464,0.93494
1748214120136.0,0.93466,0.93496
1748214120386.0,0.93464,0.93494
1748214122169.0,0.93463,0.93493
1748214123350.0,0.93465,0.93495
1748214123475.0,0.93466,0.93496
1748214124253.0,0.93467,0.93497
1748214124378.0,0.93462,0.93492
1748214124790.0,0.93463,0.93493
1748214125038.0,0.93464,0.93494
1748214126325.0,0.93463,0.93493
1748214126819.0,0.93465,0.93495
1748214128273.0,0.93466,0.93496
1748214128680.0,0.93465,0.93495
1748214128802.0,0.93467,0.93497
1748214128929.0,0.93466,0.93496
1748214129051.0,0.93465,0.93495
1748214133049.0,0.93466,0.93496
1748214138518.0,0.93469,0.93499
1748214138787.0,0.93467,0.93497
1748214139036.0,0.9347,0.935
1748214143819.0,0.93469,0.93499
1748214143943.0,0.93467,0.93497
1748214144068.0,0.9347,0.935
1748214144318.0,0.93469,0.93499
1748214146429.0,0.93474,0.93504
1748214146554.0,0.93473,0.93503
1748214146997.0,0.93471,0.93501
1748214156555.0,0.9347,0.935
1748214158197.0,0.93469,0.93499
1748214165437.0,0.93471,0.93501
1748214171595.0,0.93469,0.93499
1748214171843.0,0.93468,0.93498
1748214173495.0,0.9347,0.935
1748214181700.0,0.93469,0.93499
1748214182234.0,0.93468,0.93498
1748214184215.0,0.9347,0.935
1748214189838.0,0.93468,0.93498
1748214192562.0,0.9347,0.935
1748214199723.0,0.93469,0.93499
1748214199847.0,0.93471,0.93501
1748214201353.0,0.93469,0.93499
1748214201728.0,0.93471,0.93501
1748214202839.0,0.93472,0.93502
1748214202947.0,0.93473,0.93503
1748214204086.0,0.93475,0.93505
1748214204211.0,0.93473,0.93503
1748214204616.0,0.93475,0.93505
1748214208618.0,0.93476,0.93506
1748214211251.0,0.93475,0.93505
1748214213724.0,0.93476,0.93506
1748214226307.0,0.93475,0.93505
1748214226956.0,0.93474,0.93504
1748214232921.0,0.93473,0.93503
1748214233693.0,0.93474,0.93504
1748214234035.0,0.93473,0.93503
1748214234156.0,0.93472,0.93502
1748214234407.0,0.9347,0.935
1748214235153.0,0.93472,0.93502
1748214246701.0,0.9347,0.935
1748214246825.0,0.93469,0.93499
1748214252354.0,0.93468,0.93498
1748214253605.0,0.93468,0.93498
1748214255033.0,0.93469,0.93499
1748214261419.0,0.9347,0.935
1748214261737.0,0.93469,0.93499
1748214262110.0,0.93467,0.93497
1748214262237.0,0.93469,0.93499
1748214264184.0,0.9347,0.935
1748214272008.0,0.93469,0.93499
1748214272127.0,0.93468,0.93498
1748214282229.0,0.93469,0.93499
1748214285763.0,0.93467,0.93497
1748214299902.0,0.9347,0.935
1748214300153.0,0.93469,0.93499
1748214301412.0,0.93467,0.93497
1748214303564.0,0.93469,0.93499
1748214309739.0,0.93468,0.93498
1748214315097.0,0.9347,0.935
1748214315206.0,0.93473,0.93503
1748214315342.0,0.93471,0.93501
1748214315456.0,0.9347,0.935
1748214318167.0,0.93469,0.93499
1748214320745.0,0.9347,0.935
1748214323281.0,0.93469,0.93499
1748214328744.0,0.9347,0.935
1748214330858.0,0.93469,0.93499
1748214333557.0,0.9347,0.935
1748214336990.0,0.93469,0.93499
1748214339175.0,0.9347,0.935
1748214345008.0,0.93471,0.93501
1748214345762.0,0.93469,0.93499
1748214346020.0,0.93468,0.93498
1748214346132.0,0.93467,0.93497
1748214346381.0,0.93465,0.93495
1748214346798.0,0.93466,0.93496
1748214349432.0,0.93465,0.93495
1748214349555.0,0.93466,0.93496
1748214349805.0,0.93463,0.93493
1748214351431.0,0.93465,0.93495
1748214352382.0,0.93463,0.93493
1748214352757.0,0.93465,0.93495
1748214355305.0,0.93466,0.93496
1748214355555.0,0.93465,0.93495
1748214355804.0,0.93464,0.93494
1748214357203.0,0.93465,0.93495
1748214357454.0,0.93466,0.93496
1748214357804.0,0.93465,0.93495
1748214357930.0,0.93466,0.93496
1748214358555.0,0.93468,0.93498
1748214360055.0,0.93467,0.93497
1748214360422.0,0.93465,0.93495
1748214362019.0,0.93464,0.93494
1748214362394.0,0.93465,0.93495
1748214362822.0,0.93467,0.93497
1748214363223.0,0.93465,0.93495
1748214364202.0,0.93464,0.93494
1748214368875.0,0.93465,0.93495
1748214371138.0,0.93464,0.93494
1748214374266.0,0.93467,0.93497
1748214374394.0,0.93465,0.93495
1748214384739.0,0.93467,0.93497
1748214385113.0,0.93465,0.93495
1748214390790.0,0.93465,0.93495
1748214395226.0,0.93467,0.93497
1748214395663.0,0.93465,0.93495
1748214405768.0,0.93467,0.93497
1748214406390.0,0.93465,0.93495
1748214416316.0,0.93466,0.93496
1748214419493.0,0.93465,0.93495
1748214426955.0,0.93466,0.93496
1748214427219.0,0.93465,0.93495
1748214437631.0,0.93469,0.93499
1748214437881.0,0.93468,0.93498
1748214438213.0,0.9347,0.935
1748214438464.0,0.93471,0.93501
1748214449637.0,0.93469,0.93499
1748214458203.0,0.93471,0.93501
1748214462608.0,0.93473,0.93503
1748214462736.0,0.93472,0.93502
1748214462859.0,0.9347,0.935
1748214466166.0,0.93472,0.93502
1748214466455.0,0.9347,0.935
1748214469145.0,0.93469,0.93499
1748214480534.0,0.9347,0.935
1748214487602.0,0.93469,0.93499
1748214491197.0,0.93468,0.93498
1748214505018.0,0.9347,0.935
1748214505540.0,0.93471,0.93501
1748214505783.0,0.93472,0.93502
1748214510378.0,0.93471,0.93501
1748214514197.0,0.9347,0.935
1748214519145.0,0.93469,0.93499
1748214521655.0,0.93468,0.93498
1748214524708.0,0.93469,0.93499
1748214524832.0,0.93468,0.93498
1748214532737.0,0.93469,0.93499
1748214532860.0,0.9347,0.935
1748214533960.0,0.93469,0.93499
1748214542243.0,0.93471,0.93501
1748214542360.0,0.93469,0.93499
1748214549144.0,0.93468,0.93498
1748214550239.0,0.93467,0.93497
1748214551476.0,0.93468,0.93498
1748214555401.0,0.93467,0.93497
1748214560377.0,0.93466,0.93496
1748214560622.0,0.93468,0.93498
1748214560996.0,0.93467,0.93497
1748214562801.0,0.93468,0.93498
1748214575916.0,0.93467,0.93497
1748214605756.0,0.93468,0.93498
1748214605878.0,0.93465,0.93495
1748214606467.0,0.93467,0.93497
1748214607565.0,0.93465,0.93495
1748214616234.0,0.93466,0.93496
1748214618075.0,0.93464,0.93494
1748214618595.0,0.93466,0.93496
1748214618845.0,0.93468,0.93498
1748214621059.0,0.93467,0.93497
1748214622128.0,0.93468,0.93498
1748214628963.0,0.93467,0.93497
1748214635337.0,0.93466,0.93496
1748214640416.0,0.93465,0.93495
1748214645742.0,0.93464,0.93494
1748214645867.0,0.9347,0.935
1748214647013.0,0.93469,0.93499
1748214658453.0,0.9347,0.935
1748214658573.0,0.93469,0.93499
1748214667323.0,0.9347,0.935
1748214670407.0,0.93472,0.93502
1748214674488.0,0.9347,0.935
1748214677897.0,0.93469,0.93499
1748214678013.0,0.93468,0.93498
1748214679330.0,0.93469,0.93499
1748214691136.0,0.93468,0.93498
1748214722624.0,0.9347,0.935
1748214723742.0,0.93471,0.93501
1748214730083.0,0.93469,0.93499
1748214735449.0,0.93468,0.93498
1748214738032.0,0.93469,0.93499
1748214739145.0,0.9347,0.935
1748214764440.0,0.93469,0.93499
1748214765606.0,0.93471,0.93501
1748214769303.0,0.9347,0.935
1748214772064.0,0.93471,0.93501
1748214781189.0,0.93468,0.93498
1748214783455.0,0.93466,0.93496
1748214787897.0,0.93464,0.93494
1748214789661.0,0.93463,0.93493
1748214813376.0,0.93462,0.93492
1748214813499.0,0.93463,0.93493
1748214820580.0,0.93464,0.93494
1748214828063.0,0.93465,0.93495
1748214828311.0,0.93463,0.93493
1748214829427.0,0.93466,0.93496
1748214830616.0,0.93464,0.93494
1748214831220.0,0.93465,0.93495
1748214831341.0,0.93469,0.93499
1748214831790.0,0.93468,0.93498
1748214832165.0,0.9347,0.935
1748214832821.0,0.93471,0.93501
1748214837355.0,0.93473,0.93503
1748214837472.0,0.93474,0.93504
1748214842605.0,0.93473,0.93503
1748214842726.0,0.93475,0.93505
1748214842861.0,0.93474,0.93504
1748214843270.0,0.93473,0.93503
1748214844514.0,0.93474,0.93504
1748214844638.0,0.93476,0.93506
1748214846339.0,0.93473,0.93503
1748214846598.0,0.93475,0.93505
1748214847798.0,0.93476,0.93506
1748214848145.0,0.93475,0.93505
1748214849687.0,0.93473,0.93503
1748214851769.0,0.93475,0.93505
1748214852794.0,0.93473,0.93503
1748214855302.0,0.93475,0.93505
1748214866084.0,0.93473,0.93503
1748214866333.0,0.93476,0.93506
1748214868592.0,0.93477,0.93507
1748214868842.0,0.93476,0.93506
1748214868966.0,0.93475,0.93505
1748214877954.0,0.93476,0.93506
1748214878651.0,0.93474,0.93504
1748214878776.0,0.93472,0.93502
1748214879024.0,0.93472,0.93502
1748214879863.0,0.93473,0.93503
1748214889149.0,0.93472,0.93502
1748214889773.0,0.93473,0.93503
1748214890022.0,0.93472,0.93502
1748214891104.0,0.93471,0.93501
1748214891230.0,0.93472,0.93502
1748214904754.0,0.93471,0.93501
1748214918126.0,0.93469,0.93499
1748214918885.0,0.93471,0.93501
1748214919009.0,0.93475,0.93505
1748214919260.0,0.93473,0.93503
1748214919679.0,0.93472,0.93502
1748214927558.0,0.93471,0.93501
1748214932026.0,0.9347,0.935
1748214933247.0,0.93472,0.93502
1748214940380.0,0.93473,0.93503
1748214940505.0,0.93466,0.93496
1748214940930.0,0.93464,0.93494
1748214941179.0,0.93466,0.93496
1748214942373.0,0.93467,0.93497
1748214942671.0,0.93468,0.93498
1748214942794.0,0.9347,0.935
1748214943206.0,0.93469,0.93499
1748214944773.0,0.93468,0.93498
1748214946103.0,0.93466,0.93496
1748214948976.0,0.93465,0.93495
1748214950945.0,0.93466,0.93496
1748214957478.0,0.93464,0.93494
1748214957605.0,0.93465,0.93495
1748214958582.0,0.93463,0.93493
1748214958707.0,0.93462,0.93492
1748214960365.0,0.93461,0.93491
1748214960975.0,0.93462,0.93492
1748214964787.0,0.93462,0.93492
1748214964915.0,0.9346,0.9349
1748214965947.0,0.93459,0.93489
1748214966198.0,0.93458,0.93488
1748214966324.0,0.93459,0.93489
1748214966571.0,0.9346,0.9349
1748214973704.0,0.93462,0.93492
1748214974190.0,0.93461,0.93491
1748214975168.0,0.9346,0.9349
1748214979508.0,0.93461,0.93491
1748214982436.0,0.9346,0.9349
1748214992939.0,0.93461,0.93491
1748215000426.0,0.93463,0.93493
1748215002052.0,0.93467,0.93497
1748215005045.0,0.93465,0.93495
1748215008956.0,0.93466,0.93496
1748215025231.0,0.93468,0.93498
1748215025542.0,0.93467,0.93497
1748215030609.0,0.93465,0.93495
1748215031607.0,0.93466,0.93496
1748215031730.0,0.93465,0.93495
1748215038512.0,0.93466,0.93496
1748215051529.0,0.93467,0.93497
1748215052944.0,0.93466,0.93496
1748215055370.0,0.93467,0.93497
1748215055622.0,0.93465,0.93495
1748215056175.0,0.93467,0.93497
1748215056714.0,0.93466,0.93496
1748215064104.0,0.93467,0.93497
1748215070118.0,0.93466,0.93496
1748215076158.0,0.93467,0.93497
1748215076560.0,0.93466,0.93496
1748215076811.0,0.93467,0.93497
1748215082037.0,0.93468,0.93498
1748215086968.0,0.93467,0.93497
1748215097202.0,0.93464,0.93494
1748215098336.0,0.93466,0.93496
1748215098586.0,0.93467,0.93497
1748215098837.0,0.93466,0.93496
1748215105050.0,0.93465,0.93495
1748215126674.0,0.93466,0.93496
1748215127048.0,0.93464,0.93494
1748215127398.0,0.93465,0.93495
1748215128911.0,0.93466,0.93496
1748215137311.0,0.93469,0.93499
1748215137561.0,0.93468,0.93498
1748215146293.0,0.93481,0.93511
1748215146839.0,0.93482,0.93512
1748215149034.0,0.93481,0.93511
1748215152356.0,0.93479,0.93509
1748215157652.0,0.93485,0.93515
1748215157779.0,0.93487,0.93517
1748215162913.0,0.93488,0.93518
1748215167583.0,0.93487,0.93517
1748215167706.0,0.93486,0.93516
1748215175576.0,0.93485,0.93515
1748215175827.0,0.93486,0.93516
1748215176077.0,0.93487,0.93517
1748215176873.0,0.93494,0.93524
1748215177005.0,0.93495,0.93525
1748215180878.0,0.93494,0.93524
1748215182801.0,0.93495,0.93525
1748215184070.0,0.93494,0.93524
1748215184430.0,0.93495,0.93525
1748215185112.0,0.93494,0.93524
1748215186225.0,0.93495,0.93525
1748215192522.0,0.93492,0.93522
1748215192771.0,0.9349,0.9352
1748215196941.0,0.93491,0.93521
1748215200186.0,0.93494,0.93524
1748215218667.0,0.93496,0.93526
1748215218790.0,0.93498,0.93528
1748215218914.0,0.93504,0.93534
1748215220489.0,0.93503,0.93533
1748215221974.0,0.93506,0.93536
1748215222100.0,0.93507,0.93537
1748215222349.0,0.93505,0.93535
1748215232720.0,0.93504,0.93534
1748215232841.0,0.93503,0.93533
1748215233080.0,0.93505,0.93535
1748215233773.0,0.93503,0.93533
1748215243173.0,0.93507,0.93537
1748215244203.0,0.9351,0.9354
1748215251846.0,0.93509,0.93539
1748215260396.0,0.93508,0.93538
1748215272949.0,0.93508,0.93538
1748215277927.0,0.93511,0.93541
1748215284736.0,0.93509,0.93539
1748215285754.0,0.93508,0.93538
1748215296309.0,0.93507,0.93537
1748215302184.0,0.93508,0.93538
1748215309274.0,0.93507,0.93537
1748215310218.0,0.93508,0.93538
1748215322049.0,0.93507,0.93537
1748215322171.0,0.93505,0.93535
1748215322546.0,0.93504,0.93534
1748215323064.0,0.93505,0.93535
1748215326499.0,0.93504,0.93534
1748215326755.0,0.93506,0.93536
1748215327129.0,0.93504,0.93534
1748215330208.0,0.93506,0.93536
1748215330457.0,0.9351,0.9354
1748215338053.0,0.93511,0.93541
1748215339575.0,0.9351,0.9354
1748215341408.0,0.93511,0.93541
1748215341530.0,0.93509,0.93539
1748215341967.0,0.9351,0.9354
1748215342487.0,0.93511,0.93541
1748215342737.0,0.9351,0.9354
1748215343348.0,0.93511,0.93541
1748215344057.0,0.9351,0.9354
1748215351797.0,0.93509,0.93539
1748215356142.0,0.93511,0.93541
1748215356644.0,0.93512,0.93542
1748215357763.0,0.9351,0.9354
1748215359638.0,0.93509,0.93539
1748215359888.0,0.9351,0.9354
1748215360262.0,0.93512,0.93542
1748215360391.0,0.9351,0.9354
1748215362243.0,0.93509,0.93539
1748215376455.0,0.93508,0.93538
1748215376705.0,0.93507,0.93537
1748215376954.0,0.93508,0.93538
1748215377545.0,0.93507,0.93537
1748215377667.0,0.93508,0.93538
1748215378192.0,0.93509,0.93539
1748215378636.0,0.93511,0.93541
1748215380845.0,0.93509,0.93539
1748215387950.0,0.93508,0.93538
1748215388199.0,0.93509,0.93539
1748215393493.0,0.93508,0.93538
1748215394786.0,0.93507,0.93537
1748215409917.0,0.93505,0.93535
1748215410826.0,0.93506,0.93536
1748215413476.0,0.93505,0.93535
1748215415876.0,0.93506,0.93536
1748215416559.0,0.93502,0.93532
1748215430285.0,0.93504,0.93534
1748215437890.0,0.93505,0.93535
1748215445893.0,0.93504,0.93534
1748215450192.0,0.93505,0.93535
1748215450314.0,0.9351,0.9354
1748215450561.0,0.93509,0.93539
1748215450691.0,0.9351,0.9354
1748215456432.0,0.93511,0.93541
1748215460359.0,0.93513,0.93543
1748215463398.0,0.93511,0.93541
1748215464923.0,0.9351,0.9354
1748215465049.0,0.93511,0.93541
1748215473579.0,0.93512,0.93542
1748215473703.0,0.9351,0.9354
1748215483384.0,0.93511,0.93541
1748215483909.0,0.93512,0.93542
1748215484155.0,0.93511,0.93541
1748215487961.0,0.9351,0.9354
1748215491483.0,0.93511,0.93541
1748215492600.0,0.9351,0.9354
1748215494600.0,0.93511,0.93541
1748215495236.0,0.9351,0.9354
1748215503496.0,0.93508,0.93538
1748215504883.0,0.9351,0.9354
1748215505792.0,0.93511,0.93541
1748215506043.0,0.93509,0.93539
1748215517695.0,0.93511,0.93541
1748215519930.0,0.93512,0.93542
1748215520055.0,0.93511,0.93541
1748215528387.0,0.93512,0.93542
1748215528632.0,0.93513,0.93543
1748215530528.0,0.93512,0.93542
1748215533603.0,0.93513,0.93543
1748215533726.0,0.93512,0.93542
1748215547173.0,0.93513,0.93543
1748215555471.0,0.93512,0.93542
1748215556043.0,0.93513,0.93543
1748215560452.0,0.93516,0.93546
1748215565058.0,0.93517,0.93547
1748215565948.0,0.93516,0.93546
1748215567600.0,0.93517,0.93547
1748215568386.0,0.93516,0.93546
1748215570061.0,0.93517,0.93547
1748215570965.0,0.93516,0.93546
1748215571971.0,0.93517,0.93547
1748215572260.0,0.93516,0.93546
1748215573822.0,0.93514,0.93544
1748215575569.0,0.93516,0.93546
1748215575827.0,0.93517,0.93547
1748215575946.0,0.93515,0.93545
1748215591829.0,0.93514,0.93544
1748215599149.0,0.93513,0.93543
1748215607673.0,0.93514,0.93544
1748215607785.0,0.93513,0.93543
1748215608035.0,0.93512,0.93542
1748215609590.0,0.93514,0.93544
1748215613209.0,0.93512,0.93542
1748215613325.0,0.93513,0.93543
1748215615014.0,0.93514,0.93544
1748215619274.0,0.93516,0.93546
1748215620825.0,0.93517,0.93547
1748215621134.0,0.93516,0.93546
1748215625910.0,0.93516,0.93546
1748215629731.0,0.93513,0.93543
1748215630328.0,0.93514,0.93544
1748215656650.0,0.93513,0.93543
1748215668436.0,0.93514,0.93544
1748215680383.0,0.93513,0.93543
1748215687459.0,0.93514,0.93544
1748215695024.0,0.93513,0.93543
1748215695153.0,0.93514,0.93544
1748215695395.0,0.93513,0.93543
1748215697228.0,0.93515,0.93545
1748215710908.0,0.93516,0.93546
1748215715881.0,0.93515,0.93545
1748215721609.0,0.93513,0.93543
1748215724212.0,0.93514,0.93544
1748215725121.0,0.93516,0.93546
1748215726100.0,0.93513,0.93543
1748215727108.0,0.93514,0.93544
1748215736337.0,0.93513,0.93543
1748215740134.0,0.93514,0.93544
1748215758204.0,0.93513,0.93543
1748215768166.0,0.93512,0.93542
1748215780078.0,0.93513,0.93543
1748215780184.0,0.93512,0.93542
1748215786824.0,0.93513,0.93543
1748215786945.0,0.93512,0.93542
1748215791716.0,0.9351,0.9354
1748215799530.0,0.93512,0.93542
1748215799650.0,0.9351,0.9354
1748215806941.0,0.93509,0.93539
1748215807982.0,0.9351,0.9354
1748215808858.0,0.93512,0.93542
1748215811846.0,0.93519,0.93549
1748215819011.0,0.93518,0.93548
1748215819637.0,0.93524,0.93554
1748215820693.0,0.93522,0.93552
1748215821456.0,0.93523,0.93553
1748215821581.0,0.93524,0.93554
1748215821957.0,0.93523,0.93553
1748215822082.0,0.93522,0.93552
1748215829172.0,0.93521,0.93551
1748215829291.0,0.93522,0.93552
1748215840852.0,0.93523,0.93553
1748215843247.0,0.93522,0.93552
1748215853639.0,0.9352,0.9355
1748215854596.0,0.93519,0.93549
1748215860661.0,0.93521,0.93551
1748215862146.0,0.93519,0.93549
1748215862396.0,0.93519,0.93549
1748215864007.0,0.93519,0.93549
1748215864528.0,0.93522,0.93552
1748215875660.0,0.9352,0.9355
1748215879170.0,0.93519,0.93549
1748215879295.0,0.93517,0.93547
1748215879544.0,0.93519,0.93549
1748215889581.0,0.9352,0.9355
1748215893512.0,0.93521,0.93551
1748215899468.0,0.9352,0.9355
1748215920305.0,0.93521,0.93551
1748215927909.0,0.93522,0.93552
1748215929298.0,0.93521,0.93551
1748215930787.0,0.93522,0.93552
1748215931481.0,0.93521,0.93551
1748215934000.0,0.93522,0.93552
1748215934121.0,0.93523,0.93553
1748215934368.0,0.93522,0.93552
1748215935469.0,0.93521,0.93551
1748215957769.0,0.93522,0.93552
1748215982604.0,0.93525,0.93555
1748215987530.0,0.93524,0.93554
1748215992679.0,0.93525,0.93555
1748216000231.0,0.93526,0.93556
1748216000357.0,0.93523,0.93553
1748216014942.0,0.93524,0.93554
1748216017295.0,0.93527,0.93557
1748216017974.0,0.93526,0.93556
1748216019975.0,0.93527,0.93557
1748216027816.0,0.93526,0.93556
1748216028329.0,0.93527,0.93557
1748216034139.0,0.93526,0.93556
1748216049349.0,0.93525,0.93555
1748216052404.0,0.93527,0.93557
1748216057106.0,0.93525,0.93555
1748216064299.0,0.93527,0.93557
1748216065717.0,0.93529,0.93559
1748216072894.0,0.93527,0.93557
1748216073859.0,0.93526,0.93556
1748216082514.0,0.93527,0.93557
1748216095731.0,0.93525,0.93555
1748216095848.0,0.93524,0.93554
1748216098049.0,0.93525,0.93555
1748216110052.0,0.93527,0.93557
1748216118034.0,0.93528,0.93558
1748216123990.0,0.93527,0.93557
1748216127347.0,0.93525,0.93555
1748216127711.0,0.93527,0.93557
1748216136537.0,0.93526,0.93556
1748216137795.0,0.93528,0.93558
1748216149852.0,0.93527,0.93557
1748216152628.0,0.93528,0.93558
1748216155900.0,0.93527,0.93557
1748216162560.0,0.93528,0.93558
1748216162680.0,0.93525,0.93555
1748216167483.0,0.93526,0.93556
1748216167606.0,0.93525,0.93555
1748216168483.0,0.93526,0.93556
1748216175419.0,0.93525,0.93555
1748216192735.0,0.93524,0.93554
1748216193707.0,0.93522,0.93552
1748216206417.0,0.93521,0.93551
1748216210889.0,0.93522,0.93552
1748216217402.0,0.93523,0.93553
1748216222071.0,0.93522,0.93552
1748216225849.0,0.93521,0.93551
1748216249984.0,0.93522,0.93552
1748216250102.0,0.93519,0.93549
1748216257402.0,0.93521,0.93551
1748216258523.0,0.93522,0.93552
1748216266704.0,0.93521,0.93551
1748216275671.0,0.93522,0.93552
1748216276795.0,0.93524,0.93554
1748216277046.0,0.93523,0.93553
1748216289966.0,0.93521,0.93551
1748216291935.0,0.93522,0.93552
1748216292058.0,0.93527,0.93557
1748216298005.0,0.93526,0.93556
1748216300277.0,0.93528,0.93558
1748216301797.0,0.93526,0.93556
1748216310676.0,0.93528,0.93558
1748216313280.0,0.93526,0.93556
1748216314116.0,0.93527,0.93557
1748216314748.0,0.93526,0.93556
1748216321433.0,0.93527,0.93557
1748216323164.0,0.93526,0.93556
1748216326135.0,0.93527,0.93557
1748216342884.0,0.93529,0.93559
1748216346084.0,0.93527,0.93557
1748216352123.0,0.93526,0.93556
1748216354445.0,0.93527,0.93557
1748216378692.0,0.93526,0.93556
1748216378946.0,0.93525,0.93555
1748216387825.0,0.93526,0.93556
1748216398132.0,0.93528,0.93558
1748216400228.0,0.93526,0.93556
1748216400478.0,0.93527,0.93557
1748216412345.0,0.93525,0.93555
1748216424920.0,0.93527,0.93557
1748216429623.0,0.93525,0.93555
1748216429758.0,0.93526,0.93556
1748216439495.0,0.93524,0.93554
1748216439747.0,0.93527,0.93557
1748216444157.0,0.93525,0.93555
1748216457708.0,0.93524,0.93554
1748216466002.0,0.93524,0.93554
1748216466247.0,0.93525,0.93555
1748216467153.0,0.93524,0.93554
1748216467578.0,0.93525,0.93555
1748216481673.0,0.93526,0.93556
1748216482639.0,0.93525,0.93555
1748216486672.0,0.93526,0.93556
1748216491347.0,0.93524,0.93554
1748216495644.0,0.93523,0.93553
1748216496632.0,0.93528,0.93558
1748216502863.0,0.93529,0.93559
1748216502981.0,0.9353,0.9356
1748216516831.0,0.93529,0.93559
1748216520563.0,0.93527,0.93557
1748216522039.0,0.93529,0.93559
1748216522784.0,0.93528,0.93558
1748216524588.0,0.93529,0.93559
1748216527322.0,0.93527,0.93557
1748216527830.0,0.93526,0.93556
1748216527948.0,0.93525,0.93555
1748216529337.0,0.93526,0.93556
1748216534926.0,0.93527,0.93557
1748216539150.0,0.93526,0.93556
1748216539403.0,0.93525,0.93555
1748216544569.0,0.93526,0.93556
1748216553357.0,0.93525,0.93555
1748216557720.0,0.93526,0.93556
1748216564446.0,0.93525,0.93555
1748216564571.0,0.93526,0.93556
1748216568148.0,0.93527,0.93557
1748216568827.0,0.93526,0.93556
1748216571866.0,0.93527,0.93557
1748216572637.0,0.93528,0.93558
1748216575485.0,0.93527,0.93557
1748216582699.0,0.93525,0.93555
1748216596795.0,0.93524,0.93554
1748216632386.0,0.93525,0.93555
1748216646150.0,0.93527,0.93557
1748216648045.0,0.93525,0.93555
1748216653341.0,0.93524,0.93554
1748216654033.0,0.93525,0.93555
1748216672908.0,0.93524,0.93554
1748216673033.0,0.93526,0.93556
1748216680383.0,0.93524,0.93554
1748216683089.0,0.93526,0.93556
1748216691194.0,0.93527,0.93557
1748216691515.0,0.93526,0.93556
1748216691638.0,0.93525,0.93555
1748216696464.0,0.93526,0.93556
1748216701074.0,0.93524,0.93554
1748216701687.0,0.93529,0.93559
1748216702376.0,0.93527,0.93557
1748216711681.0,0.93526,0.93556
1748216717916.0,0.93528,0.93558
1748216720810.0,0.93526,0.93556
1748216729580.0,0.93525,0.93555
1748216729702.0,0.93526,0.93556
1748216730077.0,0.93525,0.93555
1748216731247.0,0.93524,0.93554
1748216732360.0,0.93525,0.93555
1748216738769.0,0.93524,0.93554
1748216739018.0,0.93522,0.93552
1748216750179.0,0.93523,0.93553
1748216752385.0,0.93523,0.93553
1748216755104.0,0.93525,0.93555
1748216757095.0,0.93523,0.93553
1748216761188.0,0.93522,0.93552
1748216761311.0,0.93523,0.93553
1748216761437.0,0.93522,0.93552
1748216764429.0,0.93523,0.93553
1748216774633.0,0.93525,0.93555
1748216774745.0,0.93526,0.93556
1748216777957.0,0.93524,0.93554
1748216790071.0,0.93525,0.93555
1748216790180.0,0.93524,0.93554
1748216790431.0,0.93523,0.93553
1748216792711.0,0.93521,0.93551
1748216794451.0,0.93523,0.93553
1748216795494.0,0.93524,0.93554
1748216813123.0,0.93525,0.93555
1748216813775.0,0.93524,0.93554
1748216814424.0,0.93525,0.93555
1748216814548.0,0.93527,0.93557
1748216816436.0,0.93528,0.93558
1748216817067.0,0.93526,0.93556
1748216817185.0,0.93524,0.93554
1748216824934.0,0.93522,0.93552
1748216825184.0,0.93515,0.93545
1748216825305.0,0.93516,0.93546
1748216825465.0,0.93517,0.93547
1748216825715.0,0.93516,0.93546
1748216828611.0,0.93517,0.93547
1748216831342.0,0.93516,0.93546
1748216833741.0,0.93515,0.93545
1748216844029.0,0.93514,0.93544
1748216844282.0,0.93518,0.93548
1748216850368.0,0.93515,0.93545
1748216858038.0,0.93517,0.93547
1748216859876.0,0.93518,0.93548
1748216860126.0,0.93517,0.93547
1748216860662.0,0.93518,0.93548
1748216861113.0,0.93516,0.93546
1748216864860.0,0.93518,0.93548
1748216865480.0,0.93516,0.93546
1748216869867.0,0.93516,0.93546
1748216870452.0,0.93518,0.93548
1748216873459.0,0.93519,0.93549
1748216873581.0,0.93518,0.93548
1748216877106.0,0.93519,0.93549
1748216877230.0,0.93518,0.93548
1748216886931.0,0.93519,0.93549
1748216892665.0,0.93521,0.93551
1748216895790.0,0.93519,0.93549
1748216897425.0,0.93521,0.93551
1748216905045.0,0.9352,0.9355
1748216905164.0,0.93518,0.93548
1748216905876.0,0.9352,0.9355
1748216907766.0,0.93517,0.93547
1748216909574.0,0.93516,0.93546
1748216909693.0,0.93517,0.93547
1748216912415.0,0.93518,0.93548
1748216914969.0,0.93517,0.93547
1748216915220.0,0.93519,0.93549
1748216918066.0,0.93517,0.93547
1748216918336.0,0.93519,0.93549
1748216918457.0,0.9352,0.9355
1748216919945.0,0.93522,0.93552
1748216929458.0,0.93521,0.93551
1748216941161.0,0.9352,0.9355
1748216957991.0,0.93522,0.93552
1748216961901.0,0.9352,0.9355
1748216974740.0,0.93521,0.93551
1748216986166.0,0.9352,0.9355
1748216987912.0,0.93519,0.93549
1748216988036.0,0.9352,0.9355
1748216989541.0,0.93519,0.93549
1748216991413.0,0.9352,0.9355
1748216992285.0,0.93519,0.93549
1748216992648.0,0.9352,0.9355
1748216994004.0,0.93519,0.93549
1748216995244.0,0.9352,0.9355
1748217002332.0,0.93522,0.93552
1748217005231.0,0.93521,0.93551
1748217007811.0,0.93522,0.93552
1748217008241.0,0.93521,0.93551
1748217016566.0,0.93522,0.93552
1748217016682.0,0.93521,0.93551
1748217018264.0,0.93518,0.93548
1748217018392.0,0.93519,0.93549
1748217022133.0,0.9352,0.9355
1748217022573.0,0.93519,0.93549
1748217028009.0,0.9352,0.9355
1748217034674.0,0.93519,0.93549
1748217038232.0,0.9352,0.9355
1748217038876.0,0.93519,0.93549
1748217051887.0,0.9352,0.9355
1748217056328.0,0.93519,0.93549
1748217056448.0,0.93521,0.93551
1748217056859.0,0.93522,0.93552
1748217059649.0,0.9352,0.9355
1748217062661.0,0.93522,0.93552
1748217062784.0,0.93523,0.93553
1748217062913.0,0.93522,0.93552
1748217063321.0,0.9352,0.9355
1748217063445.0,0.93522,0.93552
1748217065052.0,0.93521,0.93551
1748217077161.0,0.9352,0.9355
1748217078463.0,0.93521,0.93551
1748217080096.0,0.9352,0.9355
1748217081629.0,0.93519,0.93549
1748217087231.0,0.9352,0.9355
1748217091434.0,0.93522,0.93552
1748217091555.0,0.93519,0.93549
1748217092661.0,0.9352,0.9355
1748217106500.0,0.93519,0.93549
1748217107876.0,0.9352,0.9355
1748217108001.0,0.93519,0.93549
1748217108903.0,0.9352,0.9355
1748217109255.0,0.93519,0.93549
1748217109548.0,0.9352,0.9355
1748217113607.0,0.93521,0.93551
1748217114201.0,0.9352,0.9355
1748217114457.0,0.93518,0.93548
1748217123774.0,0.9352,0.9355
1748217128604.0,0.93521,0.93551
1748217130493.0,0.93519,0.93549
1748217130853.0,0.9352,0.9355
1748217134495.0,0.93519,0.93549
1748217138339.0,0.93517,0.93547
1748217139615.0,0.93518,0.93548
1748217145740.0,0.9352,0.9355
1748217148364.0,0.93517,0.93547
1748217148633.0,0.93519,0.93549
1748217164545.0,0.93518,0.93548
1748217168587.0,0.93515,0.93545
1748217168713.0,0.93518,0.93548
1748217169212.0,0.9352,0.9355
1748217174412.0,0.93521,0.93551
1748217174663.0,0.93521,0.93551
1748217185276.0,0.93522,0.93552
1748217185388.0,0.93523,0.93553
1748217185527.0,0.93522,0.93552
1748217197477.0,0.93521,0.93551
1748217199641.0,0.93523,0.93553
1748217199766.0,0.93522,0.93552
1748217199890.0,0.93521,0.93551
1748217200824.0,0.93522,0.93552
1748217204036.0,0.9352,0.9355
1748217208990.0,0.93521,0.93551
1748217209625.0,0.93522,0.93552
1748217211927.0,0.93518,0.93548
1748217213088.0,0.93519,0.93549
1748217215019.0,0.93518,0.93548
1748217216078.0,0.93519,0.93549
1748217216531.0,0.9352,0.9355
1748217235929.0,0.93521,0.93551
1748217236054.0,0.93525,0.93555
1748217236304.0,0.93526,0.93556
1748217238929.0,0.93524,0.93554
1748217248393.0,0.93523,0.93553
1748217269822.0,0.93521,0.93551
1748217270787.0,0.93519,0.93549
1748217272062.0,0.93521,0.93551
1748217272185.0,0.93522,0.93552
1748217273430.0,0.9352,0.9355
1748217275433.0,0.93522,0.93552
1748217285015.0,0.9352,0.9355
1748217290091.0,0.93521,0.93551
1748217295737.0,0.9352,0.9355
1748217296707.0,0.93521,0.93551
1748217300227.0,0.93519,0.93549
1748217310190.0,0.93521,0.93551
1748217310313.0,0.93519,0.93549
1748217315731.0,0.93519,0.93549
1748217322346.0,0.93519,0.93549
1748217329500.0,0.93518,0.93548
1748217331601.0,0.93519,0.93549
1748217331947.0,0.93518,0.93548
1748217332322.0,0.9352,0.9355
1748217335485.0,0.93518,0.93548
1748217335615.0,0.93524,0.93554
1748217335735.0,0.93522,0.93552
1748217336079.0,0.93523,0.93553
1748217340896.0,0.93524,0.93554
1748217341141.0,0.93524,0.93554
1748217351428.0,0.93525,0.93555
1748217351713.0,0.93524,0.93554
1748217355121.0,0.93525,0.93555
1748217355243.0,0.93526,0.93556
1748217370485.0,0.93524,0.93554
1748217378056.0,0.93526,0.93556
1748217386890.0,0.93527,0.93557
1748217387015.0,0.93526,0.93556
1748217391017.0,0.93525,0.93555
1748217392714.0,0.93526,0.93556
1748217395586.0,0.93525,0.93555
1748217399272.0,0.93526,0.93556
1748217402614.0,0.93525,0.93555
1748217405890.0,0.93526,0.93556
1748217406129.0,0.93525,0.93555
1748217412689.0,0.93524,0.93554
1748217413993.0,0.93525,0.93555
1748217421721.0,0.93526,0.93556
1748217423114.0,0.93525,0.93555
1748217427125.0,0.93526,0.93556
1748217427342.0,0.93524,0.93554
1748217428042.0,0.93525,0.93555
1748217428663.0,0.93524,0.93554
1748217463185.0,0.93523,0.93553
1748217472684.0,0.93525,0.93555
1748217472933.0,0.93522,0.93552
1748217473058.0,0.93523,0.93553
1748217477701.0,0.93525,0.93555
1748217479149.0,0.93523,0.93553
1748217482871.0,0.93525,0.93555
1748217489257.0,0.93524,0.93554
1748217502928.0,0.93525,0.93555
1748217503399.0,0.93524,0.93554
1748217505500.0,0.93525,0.93555
1748217505749.0,0.93525,0.93555
1748217506646.0,0.93524,0.93554
1748217516092.0,0.93525,0.93555
1748217520370.0,0.93526,0.93556
1748217520491.0,0.93525,0.93555
1748217522611.0,0.93527,0.93557
1748217523906.0,0.93525,0.93555
1748217524191.0,0.93527,0.93557
1748217524757.0,0.93527,0.93557
1748217525009.0,0.93528,0.93558
1748217543717.0,0.9353,0.9356
1748217545132.0,0.93528,0.93558
1748217545699.0,0.9353,0.9356
1748217546974.0,0.93531,0.93561
1748217548299.0,0.9353,0.9356
1748217556250.0,0.93529,0.93559
1748217558249.0,0.9353,0.9356
1748217559450.0,0.93531,0.93561
1748217562346.0,0.9353,0.9356
1748217575426.0,0.93528,0.93558
1748217579291.0,0.93528,0.93558
1748217581612.0,0.9353,0.9356
1748217581861.0,0.93528,0.93558
1748217582110.0,0.93527,0.93557
1748217582533.0,0.93526,0.93556
1748217582656.0,0.93529,0.93559
1748217591174.0,0.93529,0.93559
1748217591411.0,0.93528,0.93558
1748217600184.0,0.93526,0.93556
1748217600599.0,0.93525,0.93555
1748217600851.0,0.93527,0.93557
1748217607374.0,0.93526,0.93556
1748217607897.0,0.93527,0.93557
1748217610935.0,0.93526,0.93556
1748217612721.0,0.93527,0.93557
1748217616231.0,0.93526,0.93556
1748217617203.0,0.93527,0.93557
1748217619447.0,0.93526,0.93556
1748217620204.0,0.93527,0.93557
1748217620329.0,0.93526,0.93556
1748217622124.0,0.93524,0.93554
1748217623148.0,0.93523,0.93553
1748217625092.0,0.93524,0.93554
1748217625471.0,0.93522,0.93552
1748217625594.0,0.93521,0.93551
1748217625846.0,0.93522,0.93552
1748217626423.0,0.93521,0.93551
1748217626674.0,0.93521,0.93551
1748217627414.0,0.93523,0.93553
1748217629531.0,0.93521,0.93551
1748217629657.0,0.93523,0.93553
1748217630118.0,0.93525,0.93555
1748217630367.0,0.93527,0.93557
1748217630621.0,0.93525,0.93555
1748217631227.0,0.93524,0.93554
1748217631351.0,0.93526,0.93556
1748217632013.0,0.93525,0.93555
1748217632425.0,0.93526,0.93556
1748217636548.0,0.93525,0.93555
1748217637435.0,0.93526,0.93556
1748217640774.0,0.93527,0.93557
1748217649349.0,0.93526,0.93556
1748217649973.0,0.93527,0.93557
1748217650445.0,0.93526,0.93556
1748217653611.0,0.93527,0.93557
1748217653996.0,0.93525,0.93555
1748217655182.0,0.93524,0.93554
1748217655705.0,0.93526,0.93556
1748217655828.0,0.93524,0.93554
1748217656080.0,0.93526,0.93556
1748217657440.0,0.93527,0.93557
1748217657986.0,0.93528,0.93558
1748217658551.0,0.93527,0.93557
1748217660098.0,0.93528,0.93558
1748217660471.0,0.93527,0.93557
1748217660590.0,0.93525,0.93555
1748217660834.0,0.93527,0.93557
1748217661085.0,0.93525,0.93555
1748217661214.0,0.93527,0.93557
1748217666374.0,0.93528,0.93558
1748217668012.0,0.93526,0.93556
1748217668261.0,0.93527,0.93557
1748217668916.0,0.93526,0.93556
1748217669035.0,0.93527,0.93557
1748217669785.0,0.93526,0.93556
1748217670657.0,0.93527,0.93557
1748217671030.0,0.93526,0.93556
1748217676716.0,0.93525,0.93555
1748217680599.0,0.93526,0.93556
1748217680717.0,0.93527,0.93557
1748217680850.0,0.93526,0.93556
1748217681226.0,0.93527,0.93557
1748217682177.0,0.93526,0.93556
1748217686290.0,0.93528,0.93558
1748217686412.0,0.93527,0.93557
1748217689750.0,0.93528,0.93558
1748217690253.0,0.93527,0.93557
1748217697828.0,0.93528,0.93558
1748217700454.0,0.93527,0.93557
1748217700922.0,0.93528,0.93558
1748217702070.0,0.93527,0.93557
1748217702321.0,0.93529,0.93559
1748217703333.0,0.93531,0.93561
1748217703454.0,0.93529,0.93559
1748217706930.0,0.93531,0.93561
1748217707353.0,0.93529,0.93559
1748217708017.0,0.93528,0.93558
1748217708265.0,0.93529,0.93559
1748217710218.0,0.9353,0.9356
1748217712580.0,0.93529,0.93559
1748217713303.0,0.9353,0.9356
1748217716140.0,0.93529,0.93559
1748217716434.0,0.9353,0.9356
1748217717556.0,0.93529,0.93559
1748217719713.0,0.9353,0.9356
1748217720154.0,0.93529,0.93559
1748217720405.0,0.9353,0.9356
1748217720528.0,0.93529,0.93559
1748217720655.0,0.93528,0.93558
1748217721148.0,0.93529,0.93559
1748217723466.0,0.9353,0.9356
1748217723592.0,0.93529,0.93559
1748217723846.0,0.9353,0.9356
1748217724197.0,0.93529,0.93559
1748217728846.0,0.9353,0.9356
1748217729148.0,0.93532,0.93562
1748217729398.0,0.93539,0.93569
1748217729523.0,0.9354,0.9357
1748217729648.0,0.93541,0.93571
1748217730905.0,0.93542,0.93572
1748217731158.0,0.93544,0.93574
1748217731406.0,0.93545,0.93575
1748217732452.0,0.93544,0.93574
1748217732579.0,0.93545,0.93575
1748217732828.0,0.93544,0.93574
1748217733748.0,0.93545,0.93575
1748217733872.0,0.93546,0.93576
1748217734122.0,0.93544,0.93574
1748217735169.0,0.93546,0.93576
1748217736340.0,0.93544,0.93574
1748217738207.0,0.93543,0.93573
1748217738336.0,0.93544,0.93574
1748217738582.0,0.93543,0.93573
1748217739148.0,0.93544,0.93574
1748217739522.0,0.93543,0.93573
1748217740652.0,0.93544,0.93574
1748217745248.0,0.9355,0.9358
1748217745498.0,0.93552,0.93582
1748217745746.0,0.93553,0.93583
1748217745996.0,0.93556,0.93586
1748217746242.0,0.93555,0.93585
1748217747022.0,0.93554,0.93584
1748217747887.0,0.93554,0.93584
1748217748011.0,0.93556,0.93586
1748217748966.0,0.93557,0.93587
1748217749804.0,0.93555,0.93585
1748217749929.0,0.93556,0.93586
1748217750064.0,0.93557,0.93587
1748217750179.0,0.93556,0.93586
1748217750429.0,0.93558,0.93588
1748217751860.0,0.93559,0.93589
1748217752813.0,0.93558,0.93588
1748217753556.0,0.93559,0.93589
1748217753681.0,0.93558,0.93588
1748217753931.0,0.93559,0.93589
1748217754085.0,0.9356,0.9359
1748217754772.0,0.93561,0.93591
1748217763468.0,0.93562,0.93592
1748217767707.0,0.93561,0.93591
1748217768358.0,0.93562,0.93592
1748217769425.0,0.93561,0.93591
1748217770750.0,0.93562,0.93592
1748217770871.0,0.93556,0.93586
1748217777133.0,0.93555,0.93585
1748217777382.0,0.93551,0.93581
1748217778275.0,0.9355,0.9358
1748217778825.0,0.9355,0.9358
1748217779199.0,0.93549,0.93579
1748217779324.0,0.93548,0.93578
1748217780156.0,0.93549,0.93579
1748217780280.0,0.93551,0.93581
1748217780405.0,0.9355,0.9358
1748217780530.0,0.93552,0.93582
1748217782460.0,0.9355,0.9358
1748217782712.0,0.93553,0.93583
1748217782835.0,0.93552,0.93582
1748217783584.0,0.9355,0.9358
1748217785687.0,0.93552,0.93582
1748217785831.0,0.93553,0.93583
1748217786676.0,0.93552,0.93582
1748217790816.0,0.93551,0.93581
1748217791676.0,0.93552,0.93582
1748217791925.0,0.93552,0.93582
1748217795710.0,0.93553,0.93583
1748217796256.0,0.93554,0.93584
1748217796507.0,0.93553,0.93583
1748217798282.0,0.93554,0.93584
1748217798409.0,0.93553,0.93583
1748217799903.0,0.93554,0.93584
1748217800151.0,0.93552,0.93582
1748217800665.0,0.93553,0.93583
1748217800782.0,0.93555,0.93585
1748217801642.0,0.93554,0.93584
1748217801759.0,0.93555,0.93585
1748217802209.0,0.93553,0.93583
1748217802596.0,0.93555,0.93585
1748217803302.0,0.93553,0.93583
1748217804226.0,0.93554,0.93584
1748217804347.0,0.93555,0.93585
1748217804476.0,0.93554,0.93584
1748217804597.0,0.93555,0.93585
1748217805354.0,0.93554,0.93584
1748217806413.0,0.93553,0.93583
1748217806664.0,0.93554,0.93584
1748217807510.0,0.93553,0.93583
1748217809422.0,0.93552,0.93582
1748217810061.0,0.93553,0.93583
1748217810953.0,0.93554,0.93584
1748217811517.0,0.93553,0.93583
1748217819786.0,0.93552,0.93582
1748217820034.0,0.93553,0.93583
1748217820875.0,0.93552,0.93582
1748217822151.0,0.93551,0.93581
1748217823904.0,0.93553,0.93583
1748217824153.0,0.93551,0.93581
1748217826767.0,0.93553,0.93583
1748217826892.0,0.93551,0.93581
1748217828335.0,0.93553,0.93583
1748217828598.0,0.93551,0.93581
1748217829485.0,0.93553,0.93583
1748217831283.0,0.93551,0.93581
1748217831392.0,0.9355,0.9358
1748217834550.0,0.93552,0.93582
1748217834686.0,0.9355,0.9358
1748217835050.0,0.93551,0.93581
1748217835179.0,0.9355,0.9358
1748217836691.0,0.93547,0.93577
1748217836941.0,0.9355,0.9358
1748217837060.0,0.93551,0.93581
1748217837312.0,0.93553,0.93583
1748217837560.0,0.93551,0.93581
1748217837936.0,0.93549,0.93579
1748217838187.0,0.9355,0.9358
1748217838311.0,0.93549,0.93579
1748217838811.0,0.9355,0.9358
1748217839531.0,0.93549,0.93579
1748217839656.0,0.9355,0.9358
1748217840312.0,0.93549,0.93579
1748217840562.0,0.93552,0.93582
1748217841082.0,0.93551,0.93581
1748217841573.0,0.93557,0.93587
1748217842209.0,0.93558,0.93588
1748217842613.0,0.93557,0.93587
1748217843110.0,0.93561,0.93591
1748217845542.0,0.93559,0.93589
1748217847083.0,0.93558,0.93588
1748217847647.0,0.93558,0.93588
1748217849745.0,0.93559,0.93589
1748217851617.0,0.9356,0.9359
1748217853916.0,0.93559,0.93589
1748217857037.0,0.93557,0.93587
1748217857162.0,0.9356,0.9359
1748217858387.0,0.93558,0.93588
1748217860818.0,0.93554,0.93584
1748217860942.0,0.93553,0.93583
1748217861246.0,0.93554,0.93584
1748217861371.0,0.93555,0.93585
1748217861497.0,0.93558,0.93588
1748217861623.0,0.93556,0.93586
1748217862106.0,0.93558,0.93588
1748217862504.0,0.93557,0.93587
1748217862755.0,0.93558,0.93588
1748217865765.0,0.93558,0.93588
1748217866015.0,0.93557,0.93587
1748217867721.0,0.93555,0.93585
1748217867971.0,0.93557,0.93587
1748217870655.0,0.93555,0.93585
1748217870781.0,0.93554,0.93584
1748217871698.0,0.93555,0.93585
1748217873401.0,0.93554,0.93584
1748217873515.0,0.93553,0.93583
1748217876242.0,0.93554,0.93584
1748217876493.0,0.93553,0.93583
1748217877406.0,0.93554,0.93584
1748217882308.0,0.93557,0.93587
1748217882557.0,0.93556,0.93586
1748217882806.0,0.93557,0.93587
1748217883263.0,0.93556,0.93586
1748217883525.0,0.93558,0.93588
1748217884276.0,0.93559,0.93589
1748217885440.0,0.93558,0.93588
1748217885807.0,0.9356,0.9359
1748217886757.0,0.93559,0.93589
1748217895063.0,0.93557,0.93587
1748217897012.0,0.93556,0.93586
1748217897358.0,0.93557,0.93587
1748217897483.0,0.93558,0.93588
1748217898014.0,0.93557,0.93587
1748217898140.0,0.93558,0.93588
1748217898984.0,0.93559,0.93589
1748217901616.0,0.93558,0.93588
1748217902686.0,0.9356,0.9359
1748217907855.0,0.93561,0.93591
1748217908828.0,0.93558,0.93588
1748217908958.0,0.9356,0.9359
1748217910525.0,0.93561,0.93591
1748217914284.0,0.93563,0.93593
1748217914408.0,0.93562,0.93592
1748217914745.0,0.93564,0.93594
1748217915114.0,0.93562,0.93592
1748217915493.0,0.93562,0.93592
1748217918026.0,0.93561,0.93591
1748217919586.0,0.93562,0.93592
1748217932276.0,0.93561,0.93591
1748217935315.0,0.9356,0.9359
1748217936434.0,0.93561,0.93591
1748217937372.0,0.9356,0.9359
1748217937496.0,0.93561,0.93591
1748217946910.0,0.93563,0.93593
1748217948896.0,0.93562,0.93592
1748217949021.0,0.9356,0.9359
1748217950952.0,0.93562,0.93592
1748217954343.0,0.93561,0.93591
1748217955256.0,0.9356,0.9359
1748217955655.0,0.93561,0.93591
1748217958531.0,0.93562,0.93592
1748217961426.0,0.93565,0.93595
1748217962447.0,0.93564,0.93594
1748217962692.0,0.93565,0.93595
1748217963693.0,0.93564,0.93594
1748217963819.0,0.93562,0.93592
1748217964193.0,0.93564,0.93594
1748217966567.0,0.93564,0.93594
1748217967078.0,0.93564,0.93594
1748217969963.0,0.93562,0.93592
1748217971343.0,0.93561,0.93591
1748217971599.0,0.93562,0.93592
1748217972057.0,0.93561,0.93591
1748217973389.0,0.93562,0.93592
1748217974163.0,0.93563,0.93593
1748217976917.0,0.93562,0.93592
1748217983673.0,0.93563,0.93593
1748217983794.0,0.93562,0.93592
1748217991909.0,0.93563,0.93593
1748217992019.0,0.93564,0.93594
1748217993478.0,0.93562,0.93592
1748217998163.0,0.93561,0.93591
1748218004506.0,0.93562,0.93592
1748218004629.0,0.93564,0.93594
1748218004984.0,0.93563,0.93593
1748218009148.0,0.93565,0.93595
1748218009273.0,0.93564,0.93594
1748218010021.0,0.93561,0.93591
1748218010522.0,0.93562,0.93592
1748218010892.0,0.93561,0.93591
1748218011143.0,0.93564,0.93594
1748218011269.0,0.93562,0.93592
1748218011689.0,0.93563,0.93593
1748218012067.0,0.93565,0.93595
1748218017349.0,0.93563,0.93593
1748218021809.0,0.93564,0.93594
1748218023415.0,0.93565,0.93595
1748218023555.0,0.93563,0.93593
1748218025306.0,0.93564,0.93594
1748218029655.0,0.93565,0.93595
1748218031883.0,0.93567,0.93597
1748218032134.0,0.93565,0.93595
1748218032405.0,0.93564,0.93594
1748218037520.0,0.93561,0.93591
1748218037770.0,0.9356,0.9359
1748218038846.0,0.93561,0.93591
1748218038968.0,0.93564,0.93594
1748218041428.0,0.93562,0.93592
1748218042671.0,0.93561,0.93591
1748218044273.0,0.93561,0.93591
1748218044401.0,0.9356,0.9359
1748218046151.0,0.93559,0.93589
1748218046270.0,0.93561,0.93591
1748218046399.0,0.93559,0.93589
1748218051006.0,0.93558,0.93588
1748218051884.0,0.93559,0.93589
1748218052594.0,0.93561,0.93591
1748218052870.0,0.9356,0.9359
1748218055922.0,0.93561,0.93591
1748218056930.0,0.9356,0.9359
1748218057383.0,0.93558,0.93588
1748218057502.0,0.93563,0.93593
1748218057633.0,0.93562,0.93592
1748218058225.0,0.93561,0.93591
1748218061376.0,0.93562,0.93592
1748218066157.0,0.93561,0.93591
1748218069641.0,0.93562,0.93592
1748218070255.0,0.93563,0.93593
1748218070382.0,0.93562,0.93592
1748218072285.0,0.93563,0.93593
1748218074288.0,0.93562,0.93592
1748218078961.0,0.93563,0.93593
1748218079085.0,0.93562,0.93592
1748218079528.0,0.93563,0.93593
1748218079653.0,0.93565,0.93595
1748218079778.0,0.93563,0.93593
1748218082267.0,0.93562,0.93592
1748218082395.0,0.93565,0.93595
1748218083063.0,0.93563,0.93593
1748218084132.0,0.93564,0.93594
1748218084381.0,0.93566,0.93596
1748218085294.0,0.93565,0.93595
1748218085546.0,0.93567,0.93597
1748218085667.0,0.93568,0.93598
1748218085990.0,0.93567,0.93597
1748218086118.0,0.93568,0.93598
1748218086239.0,0.93567,0.93597
1748218086564.0,0.93568,0.93598
1748218086862.0,0.93567,0.93597
1748218088390.0,0.93568,0.93598
1748218089559.0,0.93567,0.93597
1748218096532.0,0.93567,0.93597
1748218101022.0,0.93569,0.93599
1748218101442.0,0.9357,0.936
1748218109636.0,0.93568,0.93598
1748218111115.0,0.9357,0.936
1748218113530.0,0.93568,0.93598
1748218115002.0,0.93569,0.93599
1748218117920.0,0.9357,0.936
1748218118965.0,0.93569,0.93599
1748218122137.0,0.9357,0.936
1748218122373.0,0.93571,0.93601
1748218128187.0,0.9357,0.936
1748218129333.0,0.93571,0.93601
1748218132547.0,0.9357,0.936
1748218132856.0,0.93571,0.93601
1748218132977.0,0.9357,0.936
1748218133355.0,0.93571,0.93601
1748218133480.0,0.93573,0.93603
1748218133854.0,0.93572,0.93602
1748218134104.0,0.93574,0.93604
1748218134355.0,0.93575,0.93605
1748218139474.0,0.93574,0.93604
1748218139597.0,0.93573,0.93603
1748218140243.0,0.93575,0.93605
1748218140946.0,0.93571,0.93601
1748218141399.0,0.93572,0.93602
1748218142076.0,0.93574,0.93604
1748218143164.0,0.93572,0.93602
1748218143288.0,0.93571,0.93601
1748218144035.0,0.93572,0.93602
1748218144386.0,0.93571,0.93601
1748218146242.0,0.93572,0.93602
1748218146487.0,0.93572,0.93602
1748218146609.0,0.93573,0.93603
1748218151307.0,0.93571,0.93601
1748218151432.0,0.93572,0.93602
1748218151918.0,0.9357,0.936
1748218152696.0,0.93572,0.93602
1748218153727.0,0.93573,0.93603
1748218153976.0,0.93572,0.93602
1748218154129.0,0.9357,0.936
1748218156865.0,0.93571,0.93601
1748218158540.0,0.9357,0.936
1748218164074.0,0.93571,0.93601
1748218165062.0,0.9357,0.936
1748218173658.0,0.93569,0.93599
1748218175107.0,0.9357,0.936
1748218192088.0,0.93572,0.93602
1748218192212.0,0.93571,0.93601
1748218192846.0,0.93572,0.93602
1748218193097.0,0.9357,0.936
1748218193222.0,0.93572,0.93602
1748218193537.0,0.93573,0.93603
1748218193654.0,0.93572,0.93602
1748218193877.0,0.93571,0.93601
1748218194002.0,0.9357,0.936
1748218199362.0,0.93571,0.93601
1748218199613.0,0.9357,0.936
1748218203244.0,0.93571,0.93601
1748218205559.0,0.9357,0.936
1748218205682.0,0.93571,0.93601
1748218209147.0,0.9357,0.936
1748218212863.0,0.9357,0.936
1748218215550.0,0.93569,0.93599
1748218215673.0,0.93568,0.93598
1748218216840.0,0.9357,0.936
1748218216963.0,0.93568,0.93598
1748218217674.0,0.93566,0.93596
1748218220285.0,0.93565,0.93595
1748218221358.0,0.93566,0.93596
1748218223536.0,0.93567,0.93597
1748218224381.0,0.93566,0.93596
1748218233875.0,0.93567,0.93597
1748218234125.0,0.93566,0.93596
1748218234870.0,0.93565,0.93595
1748218236714.0,0.93566,0.93596
1748218238099.0,0.93564,0.93594
1748218238212.0,0.93566,0.93596
1748218241179.0,0.93564,0.93594
1748218241426.0,0.93564,0.93594
1748218248654.0,0.93561,0.93591
1748218248906.0,0.93559,0.93589
1748218249291.0,0.93562,0.93592
1748218250416.0,0.93561,0.93591
1748218250667.0,0.93562,0.93592
1748218254555.0,0.9356,0.9359
1748218255217.0,0.93562,0.93592
1748218258204.0,0.93561,0.93591
1748218258321.0,0.93566,0.93596
1748218258571.0,0.93565,0.93595
1748218260859.0,0.93564,0.93594
1748218267021.0,0.93563,0.93593
1748218267834.0,0.93562,0.93592
1748218268208.0,0.93563,0.93593
1748218270524.0,0.93561,0.93591
1748218272100.0,0.9356,0.9359
1748218274792.0,0.93561,0.93591
1748218276915.0,0.9356,0.9359
1748218285785.0,0.93559,0.93589
1748218286841.0,0.9356,0.9359
1748218287090.0,0.93556,0.93586
1748218287209.0,0.93557,0.93587
1748218288645.0,0.93559,0.93589
1748218291022.0,0.93558,0.93588
1748218293949.0,0.9356,0.9359
1748218298009.0,0.93559,0.93589
1748218298955.0,0.9356,0.9359
1748218299366.0,0.93559,0.93589
1748218299712.0,0.9356,0.9359
1748218300957.0,0.9356,0.9359
1748218301087.0,0.93561,0.93591
1748218301570.0,0.9356,0.9359
1748218307520.0,0.93561,0.93591
1748218313779.0,0.9356,0.9359
1748218313905.0,0.93561,0.93591
1748218317832.0,0.9356,0.9359
1748218319846.0,0.93561,0.93591
1748218321763.0,0.93559,0.93589
1748218323007.0,0.93561,0.93591
1748218324101.0,0.93559,0.93589
1748218324221.0,0.93561,0.93591
1748218324832.0,0.9356,0.9359
1748218326588.0,0.93561,0.93591
1748218328153.0,0.93559,0.93589
1748218335205.0,0.93558,0.93588
1748218335464.0,0.9356,0.9359
1748218342085.0,0.93559,0.93589
1748218342462.0,0.9356,0.9359
1748218352722.0,0.93558,0.93588
1748218356434.0,0.93559,0.93589
1748218358848.0,0.93558,0.93588
1748218360627.0,0.93559,0.93589
1748218374978.0,0.93558,0.93588
1748218375097.0,0.93557,0.93587
1748218376641.0,0.93558,0.93588
1748218383400.0,0.93555,0.93585
1748218387046.0,0.93556,0.93586
1748218387170.0,0.93557,0.93587
1748218389147.0,0.93556,0.93586
1748218390997.0,0.93557,0.93587
1748218391109.0,0.93558,0.93588
1748218393175.0,0.93557,0.93587
1748218395382.0,0.93558,0.93588
1748218397386.0,0.93557,0.93587
1748218402081.0,0.93559,0.93589
1748218402200.0,0.93557,0.93587
1748218403460.0,0.93558,0.93588
1748218403837.0,0.93555,0.93585
1748218407813.0,0.93557,0.93587
1748218407930.0,0.93558,0.93588
1748218408064.0,0.93554,0.93584
1748218408181.0,0.93556,0.93586
1748218418151.0,0.93557,0.93587
1748218419181.0,0.93555,0.93585
1748218423282.0,0.93554,0.93584
1748218424982.0,0.93555,0.93585
1748218428337.0,0.93554,0.93584
1748218429148.0,0.93556,0.93586
1748218437689.0,0.93554,0.93584
1748218439969.0,0.93556,0.93586
1748218440090.0,0.93555,0.93585
1748218440810.0,0.93556,0.93586
1748218440935.0,0.93555,0.93585
1748218443628.0,0.93556,0.93586
1748218445359.0,0.93557,0.93587
1748218445484.0,0.93556,0.93586
1748218448934.0,0.93557,0.93587
1748218449048.0,0.93559,0.93589
1748218449763.0,0.93557,0.93587
1748218450138.0,0.93556,0.93586
1748218451731.0,0.93557,0.93587
1748218452249.0,0.93556,0.93586
1748218452640.0,0.93557,0.93587
1748218454280.0,0.93556,0.93586
1748218457331.0,0.93557,0.93587
1748218457673.0,0.93556,0.93586
1748218459348.0,0.93555,0.93585
1748218462195.0,0.93555,0.93585
1748218462957.0,0.93556,0.93586
1748218463082.0,0.93554,0.93584
1748218463332.0,0.93557,0.93587
1748218463456.0,0.93556,0.93586
1748218471413.0,0.93554,0.93584
1748218471538.0,0.93555,0.93585
1748218471787.0,0.93557,0.93587
1748218472936.0,0.93558,0.93588
1748218474828.0,0.93557,0.93587
1748218475860.0,0.93558,0.93588
1748218476786.0,0.93557,0.93587
1748218477042.0,0.93558,0.93588
1748218478350.0,0.93557,0.93587
1748218480975.0,0.93556,0.93586
1748218481225.0,0.93557,0.93587
1748218481352.0,0.93558,0.93588
1748218484087.0,0.93557,0.93587
1748218484340.0,0.9356,0.9359
1748218484499.0,0.93558,0.93588
1748218485867.0,0.93557,0.93587
1748218486242.0,0.93558,0.93588
1748218492906.0,0.93557,0.93587
1748218493157.0,0.93558,0.93588
1748218501240.0,0.9356,0.9359
1748218501909.0,0.93561,0.93591
1748218502156.0,0.9356,0.9359
1748218502280.0,0.93562,0.93592
1748218503083.0,0.9356,0.9359
1748218503746.0,0.93564,0.93594
1748218503995.0,0.93568,0.93598
1748218504250.0,0.93572,0.93602
1748218504372.0,0.9357,0.936
1748218504495.0,0.93569,0.93599
1748218504990.0,0.93568,0.93598
1748218505391.0,0.93566,0.93596
1748218505743.0,0.93568,0.93598
1748218505993.0,0.93566,0.93596
1748218509053.0,0.93565,0.93595
1748218509979.0,0.93566,0.93596
1748218510103.0,0.93568,0.93598
1748218510884.0,0.93569,0.93599
1748218511135.0,0.93568,0.93598
1748218511712.0,0.93569,0.93599
1748218512001.0,0.9357,0.936
1748218513507.0,0.93569,0.93599
1748218514910.0,0.93567,0.93597
1748218515033.0,0.93566,0.93596
1748218515210.0,0.93568,0.93598
1748218515977.0,0.93569,0.93599
1748218517091.0,0.9357,0.936
1748218517468.0,0.9357,0.936
1748218518773.0,0.93569,0.93599
1748218520289.0,0.9357,0.936
1748218521862.0,0.93573,0.93603
1748218523147.0,0.93572,0.93602
1748218523396.0,0.93574,0.93604
1748218523771.0,0.93578,0.93608
1748218526174.0,0.93578,0.93608
1748218527404.0,0.93579,0.93609
1748218527951.0,0.93578,0.93608
1748218528197.0,0.93574,0.93604
1748218528317.0,0.93576,0.93606
1748218528692.0,0.93575,0.93605
1748218529623.0,0.93577,0.93607
1748218529747.0,0.93578,0.93608
1748218530249.0,0.9358,0.9361
1748218530374.0,0.93579,0.93609
1748218530498.0,0.9358,0.9361
1748218531248.0,0.93583,0.93613
1748218531374.0,0.93582,0.93612
1748218531622.0,0.93584,0.93614
1748218531746.0,0.93583,0.93613
1748218535222.0,0.93584,0.93614
1748218535784.0,0.93582,0.93612
1748218535903.0,0.93584,0.93614
1748218536843.0,0.93583,0.93613
1748218537194.0,0.93584,0.93614
1748218537746.0,0.93585,0.93615
1748218537997.0,0.93586,0.93616
1748218539195.0,0.93587,0.93617
1748218539311.0,0.93586,0.93616
1748218540811.0,0.93587,0.93617
1748218549152.0,0.93589,0.93619
1748218552538.0,0.9359,0.9362
1748218554121.0,0.93591,0.93621
1748218554787.0,0.9359,0.9362
1748218555987.0,0.93589,0.93619
1748218557170.0,0.93589,0.93619
1748218558175.0,0.93587,0.93617
1748218558589.0,0.93588,0.93618
1748218559284.0,0.9359,0.9362
1748218559658.0,0.93587,0.93617
1748218560329.0,0.93588,0.93618
1748218560703.0,0.93583,0.93613
1748218560829.0,0.93588,0.93618
1748218561321.0,0.93589,0.93619
1748218561447.0,0.93588,0.93618
1748218561702.0,0.93589,0.93619
1748218562968.0,0.93587,0.93617
1748218563471.0,0.93589,0.93619
1748218564346.0,0.93588,0.93618
1748218565094.0,0.93593,0.93623
1748218566100.0,0.93591,0.93621
1748218566351.0,0.93597,0.93627
1748218566479.0,0.93598,0.93628
1748218566729.0,0.936,0.9363
1748218567819.0,0.93598,0.93628
1748218569975.0,0.93599,0.93629
1748218571554.0,0.93601,0.93631
1748218571928.0,0.93598,0.93628
1748218576283.0,0.93599,0.93629
1748218579648.0,0.93601,0.93631
1748218580803.0,0.93602,0.93632
1748218580926.0,0.93603,0.93633
1748218582268.0,0.93604,0.93634
1748218582391.0,0.93606,0.93636
1748218582641.0,0.93606,0.93636
1748218583476.0,0.93608,0.93638
1748218584278.0,0.93609,0.93639
1748218584965.0,0.93608,0.93638
1748218585528.0,0.93607,0.93637
1748218585778.0,0.93605,0.93635
1748218587637.0,0.936,0.9363
1748218588001.0,0.93599,0.93629
1748218588125.0,0.936,0.9363
1748218589041.0,0.93601,0.93631
1748218589542.0,0.936,0.9363
1748218590076.0,0.93602,0.93632
1748218593668.0,0.93603,0.93633
1748218594303.0,0.93605,0.93635
1748218594430.0,0.93604,0.93634
1748218597588.0,0.93606,0.93636
1748218599080.0,0.93604,0.93634
1748218600702.0,0.93606,0.93636
1748218601674.0,0.93604,0.93634
1748218609327.0,0.93606,0.93636
1748218611204.0,0.936,0.9363
1748218611607.0,0.93601,0.93631
1748218615190.0,0.93601,0.93631
1748218615571.0,0.936,0.9363
1748218623180.0,0.93601,0.93631
1748218623903.0,0.936,0.9363
1748218624021.0,0.93602,0.93632
1748218624943.0,0.936,0.9363
1748218625302.0,0.93602,0.93632
1748218626865.0,0.936,0.9363
1748218626989.0,0.93602,0.93632
1748218632799.0,0.936,0.9363
1748218633051.0,0.93603,0.93633
1748218636452.0,0.93604,0.93634
1748218636563.0,0.936,0.9363
1748218637134.0,0.93601,0.93631
1748218639684.0,0.936,0.9363
1748218642105.0,0.93599,0.93629
1748218642975.0,0.936,0.9363
1748218645054.0,0.93597,0.93627
1748218645188.0,0.93599,0.93629
1748218648168.0,0.93596,0.93626
1748218648771.0,0.93597,0.93627
1748218649282.0,0.93599,0.93629
1748218649405.0,0.93597,0.93627
1748218649786.0,0.93596,0.93626
1748218650160.0,0.936,0.9363
1748218652210.0,0.93599,0.93629
1748218652337.0,0.93596,0.93626
1748218652465.0,0.93597,0.93627
1748218654059.0,0.93599,0.93629
1748218654182.0,0.93595,0.93625
1748218654383.0,0.93596,0.93626
1748218655081.0,0.93598,0.93628
1748218656114.0,0.93596,0.93626
1748218660467.0,0.93595,0.93625
1748218662194.0,0.93596,0.93626
1748218662802.0,0.93595,0.93625
1748218664448.0,0.93594,0.93624
1748218666253.0,0.93594,0.93624
1748218666504.0,0.93595,0.93625
1748218669378.0,0.93594,0.93624
1748218670617.0,0.93592,0.93622
1748218671812.0,0.93591,0.93621
1748218674911.0,0.93595,0.93625
1748218675021.0,0.93594,0.93624
1748218675977.0,0.93592,0.93622
1748218676085.0,0.93591,0.93621
1748218676468.0,0.93592,0.93622
1748218677363.0,0.93591,0.93621
1748218678080.0,0.93592,0.93622
1748218678330.0,0.93589,0.93619
1748218678449.0,0.93591,0.93621
1748218678928.0,0.93592,0.93622
1748218679366.0,0.93591,0.93621
1748218681300.0,0.93591,0.93621
1748218681635.0,0.9359,0.9362
1748218682386.0,0.93593,0.93623
1748218683141.0,0.93592,0.93622
1748218685718.0,0.9359,0.9362
1748218688295.0,0.93591,0.93621
1748218689147.0,0.9359,0.9362
1748218690501.0,0.93592,0.93622
1748218691807.0,0.93589,0.93619
1748218692194.0,0.93586,0.93616
1748218692440.0,0.93587,0.93617
1748218693303.0,0.93588,0.93618
1748218696747.0,0.93586,0.93616
1748218696997.0,0.93588,0.93618
1748218697981.0,0.93589,0.93619
1748218699203.0,0.93588,0.93618
1748218700190.0,0.93589,0.93619
1748218700853.0,0.93588,0.93618
1748218705490.0,0.93582,0.93612
1748218705617.0,0.93583,0.93613
1748218706205.0,0.93582,0.93612
1748218706660.0,0.9358,0.9361
1748218707476.0,0.93582,0.93612
1748218712349.0,0.93581,0.93611
1748218713935.0,0.93582,0.93612
1748218716909.0,0.93581,0.93611
1748218717031.0,0.93583,0.93613
1748218720542.0,0.93581,0.93611
1748218721298.0,0.9358,0.9361
1748218722019.0,0.93579,0.93609
1748218722393.0,0.93583,0.93613
1748218722817.0,0.93582,0.93612
1748218731744.0,0.93581,0.93611
1748218731995.0,0.93582,0.93612
1748218733308.0,0.93583,0.93613
1748218733433.0,0.93586,0.93616
1748218735210.0,0.93584,0.93614
1748218738102.0,0.93585,0.93615
1748218738223.0,0.93583,0.93613
1748218740315.0,0.93581,0.93611
1748218740439.0,0.9358,0.9361
1748218740564.0,0.93582,0.93612
1748218741297.0,0.93583,0.93613
1748218741547.0,0.93581,0.93611
1748218742462.0,0.9358,0.9361
1748218742711.0,0.93584,0.93614
1748218743550.0,0.93585,0.93615
1748218743921.0,0.93582,0.93612
1748218744531.0,0.93583,0.93613
1748218744866.0,0.93585,0.93615
1748218744991.0,0.93586,0.93616
1748218745116.0,0.93585,0.93615
1748218745493.0,0.93583,0.93613
1748218745999.0,0.93582,0.93612
1748218747005.0,0.93583,0.93613
1748218748492.0,0.93582,0.93612
1748218750781.0,0.93581,0.93611
1748218752524.0,0.93582,0.93612
1748218755638.0,0.93583,0.93613
1748218755878.0,0.93583,0.93613
1748218756004.0,0.93584,0.93614
1748218758478.0,0.93583,0.93613
1748218758987.0,0.93584,0.93614
1748218760307.0,0.93586,0.93616
1748218760642.0,0.93584,0.93614
1748218760890.0,0.93583,0.93613
1748218762265.0,0.93584,0.93614
1748218762745.0,0.93583,0.93613
1748218763048.0,0.93582,0.93612
1748218765792.0,0.93583,0.93613
1748218765915.0,0.93582,0.93612
1748218767356.0,0.93583,0.93613
1748218767607.0,0.93584,0.93614
1748218770103.0,0.93583,0.93613
1748218770351.0,0.93584,0.93614
1748218771020.0,0.93585,0.93615
1748218771951.0,0.93587,0.93617
1748218772200.0,0.93588,0.93618
1748218773160.0,0.93587,0.93617
1748218773284.0,0.93586,0.93616
1748218773409.0,0.9359,0.9362
1748218774002.0,0.93589,0.93619
1748218776807.0,0.93587,0.93617
1748218777129.0,0.93586,0.93616
1748218778216.0,0.93587,0.93617
1748218779148.0,0.93589,0.93619
1748218779398.0,0.93587,0.93617
1748218780170.0,0.93588,0.93618
1748218781373.0,0.93587,0.93617
1748218783415.0,0.93588,0.93618
1748218784334.0,0.93586,0.93616
1748218784458.0,0.93588,0.93618
1748218784584.0,0.93587,0.93617
1748218785153.0,0.93585,0.93615
1748218785620.0,0.93586,0.93616
1748218786813.0,0.93585,0.93615
1748218786937.0,0.93587,0.93617
1748218787505.0,0.93585,0.93615
1748218790625.0,0.93587,0.93617
1748218793014.0,0.93585,0.93615
1748218794667.0,0.93587,0.93617
1748218794916.0,0.93585,0.93615
1748218795416.0,0.93586,0.93616
1748218803896.0,0.93585,0.93615
1748218804187.0,0.93586,0.93616
1748218804515.0,0.93584,0.93614
1748218804642.0,0.93586,0.93616
1748218805183.0,0.93587,0.93617
1748218806417.0,0.93589,0.93619
1748218807178.0,0.93586,0.93616
1748218807303.0,0.93587,0.93617
1748218809710.0,0.93586,0.93616
1748218809833.0,0.93581,0.93611
1748218809961.0,0.93582,0.93612
1748218810757.0,0.93583,0.93613
1748218810885.0,0.93587,0.93617
1748218811007.0,0.9359,0.9362
1748218811133.0,0.93588,0.93618
1748218813681.0,0.93587,0.93617
1748218814777.0,0.93588,0.93618
1748218817121.0,0.93589,0.93619
1748218817325.0,0.93588,0.93618
1748218820027.0,0.93588,0.93618
1748218824247.0,0.93589,0.93619
1748218824367.0,0.93593,0.93623
1748218825189.0,0.93592,0.93622
1748218829122.0,0.93594,0.93624
1748218830042.0,0.93593,0.93623
1748218833689.0,0.93594,0.93624
1748218833805.0,0.93593,0.93623
1748218840394.0,0.93594,0.93624
1748218840765.0,0.93594,0.93624
1748218841017.0,0.93596,0.93626
1748218841773.0,0.93597,0.93627
1748218843951.0,0.93595,0.93625
1748218849148.0,0.93597,0.93627
1748218857794.0,0.93598,0.93628
1748218863409.0,0.93596,0.93626
1748218863659.0,0.93596,0.93626
1748218875488.0,0.93598,0.93628
1748218875612.0,0.93601,0.93631
1748218875737.0,0.936,0.9363
1748218875861.0,0.93601,0.93631
1748218875986.0,0.93599,0.93629
1748218876745.0,0.93601,0.93631
1748218878170.0,0.936,0.9363
1748218879920.0,0.93601,0.93631
1748218880168.0,0.93597,0.93627
1748218883088.0,0.93598,0.93628
1748218883733.0,0.93599,0.93629
1748218886288.0,0.93598,0.93628
1748218888412.0,0.93596,0.93626
1748218888695.0,0.93598,0.93628
1748218892054.0,0.93597,0.93627
1748218892171.0,0.93598,0.93628
1748218894397.0,0.93599,0.93629
1748218896697.0,0.93598,0.93628
1748218897699.0,0.93599,0.93629
1748218901607.0,0.93598,0.93628
1748218901857.0,0.93599,0.93629
1748218913383.0,0.93603,0.93633
1748218913632.0,0.93603,0.93633
1748218913881.0,0.93604,0.93634
1748218914142.0,0.93604,0.93634
1748218914899.0,0.93603,0.93633
1748218915598.0,0.93604,0.93634
1748218918247.0,0.93603,0.93633
1748218920227.0,0.93604,0.93634
1748218920350.0,0.93605,0.93635
1748218920683.0,0.93607,0.93637
1748218929295.0,0.93608,0.93638
1748218929417.0,0.93607,0.93637
1748218932297.0,0.93605,0.93635
1748218932420.0,0.93606,0.93636
1748218935831.0,0.93608,0.93638
1748218936858.0,0.93607,0.93637
1748218937235.0,0.93605,0.93635
1748218937358.0,0.93604,0.93634
1748218937485.0,0.93603,0.93633
1748218938462.0,0.93605,0.93635
1748218939015.0,0.93604,0.93634
1748218939287.0,0.93605,0.93635
1748218939411.0,0.93604,0.93634
1748218940296.0,0.9361,0.9364
1748218944692.0,0.93608,0.93638
1748218947726.0,0.9361,0.9364
1748218952489.0,0.93608,0.93638
1748218952612.0,0.93609,0.93639
1748218952738.0,0.93607,0.93637
1748218953113.0,0.93608,0.93638
1748218954608.0,0.9361,0.9364
1748218975689.0,0.93611,0.93641
1748218980265.0,0.9361,0.9364
1748218980563.0,0.93612,0.93642
1748218980687.0,0.9361,0.9364
1748218984265.0,0.93605,0.93635
1748218984388.0,0.93606,0.93636
1748218984758.0,0.93605,0.93635
1748219001491.0,0.93606,0.93636
1748219001609.0,0.93605,0.93635
1748219007673.0,0.93609,0.93639
1748219008915.0,0.93608,0.93638
1748219009846.0,0.93607,0.93637
1748219010864.0,0.93605,0.93635
1748219011892.0,0.93607,0.93637
1748219019192.0,0.93605,0.93635
1748219021748.0,0.93607,0.93637
1748219022359.0,0.93608,0.93638
1748219022479.0,0.93606,0.93636
1748219022730.0,0.93605,0.93635
1748219024605.0,0.93606,0.93636
1748219024853.0,0.93606,0.93636
1748219027516.0,0.93604,0.93634
1748219036031.0,0.93603,0.93633
1748219041238.0,0.93604,0.93634
1748219042779.0,0.93603,0.93633
1748219043215.0,0.93604,0.93634
1748219044262.0,0.93602,0.93632
1748219044388.0,0.93597,0.93627
1748219044513.0,0.93594,0.93624
1748219044638.0,0.93597,0.93627
1748219044765.0,0.93598,0.93628
1748219046390.0,0.936,0.9363
1748219047358.0,0.936,0.9363
1748219050606.0,0.93602,0.93632
1748219050945.0,0.93601,0.93631
1748219051941.0,0.93599,0.93629
1748219052822.0,0.93597,0.93627
1748219052947.0,0.93599,0.93629
1748219061831.0,0.936,0.9363
1748219061973.0,0.93601,0.93631
1748219067042.0,0.936,0.9363
1748219067783.0,0.93601,0.93631
1748219067998.0,0.936,0.9363
1748219072825.0,0.93601,0.93631
1748219072947.0,0.93604,0.93634
1748219073547.0,0.93603,0.93633
1748219077514.0,0.93601,0.93631
1748219078327.0,0.936,0.9363
1748219078450.0,0.93602,0.93632
1748219078827.0,0.93603,0.93633
1748219080010.0,0.93601,0.93631
1748219080261.0,0.93602,0.93632
1748219081803.0,0.93604,0.93634
1748219082053.0,0.93602,0.93632
1748219082179.0,0.93603,0.93633
1748219085137.0,0.93602,0.93632
1748219085258.0,0.93603,0.93633
1748219085811.0,0.93602,0.93632
1748219089649.0,0.93603,0.93633
1748219089929.0,0.93606,0.93636
1748219091018.0,0.93605,0.93635
1748219092748.0,0.93603,0.93633
1748219095980.0,0.93604,0.93634
1748219096479.0,0.93603,0.93633
1748219099632.0,0.93604,0.93634
1748219100260.0,0.93606,0.93636
1748219103760.0,0.93607,0.93637
1748219103867.0,0.93605,0.93635
1748219108058.0,0.93606,0.93636
1748219120324.0,0.93608,0.93638
1748219120574.0,0.93611,0.93641
1748219124376.0,0.9361,0.9364
1748219128797.0,0.93608,0.93638
1748219128919.0,0.93609,0.93639
1748219129406.0,0.9361,0.9364
1748219131745.0,0.93609,0.93639
1748219132789.0,0.9361,0.9364
1748219138451.0,0.93609,0.93639
1748219138815.0,0.9361,0.9364
1748219139753.0,0.93612,0.93642
1748219140301.0,0.9361,0.9364
1748219142699.0,0.93612,0.93642
1748219142823.0,0.9361,0.9364
1748219145795.0,0.93612,0.93642
1748219145915.0,0.93613,0.93643
1748219146049.0,0.93612,0.93642
1748219150748.0,0.93613,0.93643
1748219150869.0,0.93614,0.93644
1748219155400.0,0.93613,0.93643
1748219156176.0,0.93615,0.93645
1748219160108.0,0.93613,0.93643
1748219160232.0,0.93614,0.93644
1748219162328.0,0.93613,0.93643
1748219162720.0,0.93614,0.93644
1748219163156.0,0.93613,0.93643
1748219163461.0,0.93612,0.93642
1748219164870.0,0.93613,0.93643
1748219166901.0,0.93612,0.93642
1748219167150.0,0.93609,0.93639
1748219167401.0,0.93611,0.93641
1748219168809.0,0.9361,0.9364
1748219170683.0,0.93608,0.93638
1748219174180.0,0.93609,0.93639
1748219175942.0,0.93613,0.93643
1748219176075.0,0.93612,0.93642
1748219182989.0,0.93611,0.93641
1748219183966.0,0.9361,0.9364
1748219184091.0,0.93611,0.93641
1748219185040.0,0.93612,0.93642
1748219185289.0,0.93611,0.93641
1748219185666.0,0.9361,0.9364
1748219190192.0,0.93611,0.93641
1748219191624.0,0.9361,0.9364
1748219192098.0,0.93611,0.93641
1748219192223.0,0.9361,0.9364
1748219193377.0,0.93611,0.93641
1748219196728.0,0.93613,0.93643
1748219196849.0,0.93614,0.93644
1748219198740.0,0.93613,0.93643
1748219198991.0,0.93605,0.93635
1748219199402.0,0.93606,0.93636
1748219200063.0,0.93607,0.93637
1748219200437.0,0.93609,0.93639
1748219200981.0,0.93607,0.93637
1748219201107.0,0.93606,0.93636
1748219201232.0,0.9361,0.9364
1748219201356.0,0.93608,0.93638
1748219201481.0,0.93609,0.93639
1748219205875.0,0.93608,0.93638
1748219205997.0,0.9361,0.9364
1748219206146.0,0.93609,0.93639
1748219207842.0,0.9361,0.9364
1748219208092.0,0.93609,0.93639
1748219209723.0,0.9361,0.9364
1748219215059.0,0.93609,0.93639
1748219215167.0,0.9361,0.9364
1748219215414.0,0.93611,0.93641
1748219217855.0,0.93614,0.93644
1748219218178.0,0.93613,0.93643
