1748209676788.0,0.82043,0.82108
1748209693374.0,0.82054,0.82119
1748209726787.0,0.82043,0.82108
1748209748375.0,0.82054,0.82119
1748209780898.0,0.82043,0.82108
1748209803378.0,0.8205,0.82115
1748209813658.0,0.82054,0.82119
1748209860974.0,0.82043,0.82108
1748209868659.0,0.82057,0.82122
1748209907648.0,0.82043,0.82108
1748209923661.0,0.82052,0.82117
1748209955799.0,0.82043,0.82108
1748209978662.0,0.82052,0.82117
1748210020778.0,0.82043,0.82108
1748210033692.0,0.82052,0.82117
1748210070776.0,0.82043,0.82108
1748210088663.0,0.82058,0.82123
1748210105330.0,0.82052,0.82117
1748210140974.0,0.82043,0.82108
1748210143665.0,0.82058,0.82123
1748210160593.0,0.82052,0.82117
1748210190779.0,0.82043,0.82108
1748210198666.0,0.82058,0.82123
1748210240779.0,0.82043,0.82108
1748210253666.0,0.82055,0.8212
1748210286787.0,0.82043,0.82108
1748210308668.0,0.8205,0.82115
1748210330976.0,0.82055,0.8212
1748210335328.0,0.8205,0.82115
1748210352238.0,0.82043,0.82108
1748210363669.0,0.82052,0.82117
1748210393918.0,0.82043,0.82108
1748210401298.0,0.82045,0.8211
1748210402266.0,0.82044,0.82109
1748210402956.0,0.82049,0.82114
1748210403839.0,0.82044,0.82109
1748210405566.0,0.82045,0.8211
1748210440012.0,0.82047,0.82112
1748210457287.0,0.82052,0.82117
1748210457410.0,0.82047,0.82112
1748210458846.0,0.8205,0.82115
1748210464229.0,0.82051,0.82116
1748210475058.0,0.8205,0.82115
1748210475610.0,0.82051,0.82116
1748210477416.0,0.8205,0.82115
1748210489767.0,0.82048,0.82113
1748210491866.0,0.82046,0.82111
1748210495462.0,0.82047,0.82112
1748210495586.0,0.82049,0.82114
1748210496083.0,0.82042,0.82107
1748210496207.0,0.82049,0.82114
1748210503207.0,0.8205,0.82115
1748210504008.0,0.82049,0.82114
1748210506765.0,0.8205,0.82115
1748210508764.0,0.82049,0.82114
1748210522932.0,0.82044,0.82109
1748210527277.0,0.8204,0.82105
1748210530361.0,0.82039,0.82104
1748210532635.0,0.8204,0.82105
1748210534397.0,0.82043,0.82108
1748210535336.0,0.82042,0.82107
1748210538178.0,0.82039,0.82104
1748210538428.0,0.82037,0.82102
1748210539348.0,0.82038,0.82103
1748210545710.0,0.82037,0.82102
1748210546085.0,0.82038,0.82103
1748210548499.0,0.82034,0.82099
1748210548622.0,0.82038,0.82103
1748210553374.0,0.82039,0.82104
1748210559596.0,0.8204,0.82105
1748210570414.0,0.82063,0.82128
1748210588737.0,0.82063,0.82128
1748210599348.0,0.82064,0.82129
1748210601521.0,0.82048,0.82113
1748210601645.0,0.82047,0.82112
1748210604243.0,0.82049,0.82114
1748210625410.0,0.82064,0.82129
1748210637282.0,0.82065,0.8213
1748210640212.0,0.82073,0.82138
1748210642478.0,0.82064,0.82129
1748210672628.0,0.82051,0.82116
1748210673703.0,0.82054,0.82119
1748210673827.0,0.82074,0.82139
1748210677885.0,0.82073,0.82138
1748210678552.0,0.82064,0.82129
1748210682158.0,0.82065,0.8213
1748210686169.0,0.82064,0.82129
1748210686274.0,0.82066,0.82131
1748210689246.0,0.82064,0.82129
1748210691194.0,0.82065,0.8213
1748210691323.0,0.82074,0.82139
1748210694645.0,0.82075,0.8214
1748210695012.0,0.82076,0.82141
1748210696490.0,0.82077,0.82142
1748210700019.0,0.82084,0.82134
1748210704761.0,0.82097,0.82147
1748210707262.0,0.82098,0.82148
1748210709607.0,0.82099,0.82149
1748210709856.0,0.82098,0.82148
1748210709981.0,0.82099,0.82149
1748210714082.0,0.82098,0.82148
1748210714458.0,0.82093,0.82143
1748210718429.0,0.82095,0.82145
1748210723719.0,0.82096,0.82146
1748210726111.0,0.82104,0.82154
1748210726236.0,0.82103,0.82153
1748210731737.0,0.82105,0.82155
1748210748278.0,0.82104,0.82154
1748210748402.0,0.82105,0.82155
1748210749743.0,0.82106,0.82156
1748210749866.0,0.82109,0.82159
1748210757060.0,0.82115,0.82165
1748210757184.0,0.82123,0.82173
1748210759061.0,0.82125,0.82175
1748210759840.0,0.82124,0.82174
1748210760085.0,0.82125,0.82175
1748210765571.0,0.8212,0.8217
1748210797936.0,0.82125,0.82175
1748210807268.0,0.82124,0.82174
1748210812074.0,0.82125,0.82175
1748210816892.0,0.82129,0.82179
1748210817024.0,0.82131,0.82181
1748210818488.0,0.82137,0.82187
1748210818612.0,0.82133,0.82183
1748210819246.0,0.82132,0.82182
1748210819368.0,0.82133,0.82183
1748210819580.0,0.82132,0.82182
1748210819834.0,0.82133,0.82183
1748210820080.0,0.82145,0.82195
1748210820329.0,0.82136,0.82186
1748210822030.0,0.82137,0.82187
1748210823161.0,0.82145,0.82195
1748210825901.0,0.82146,0.82196
1748210826106.0,0.82145,0.82195
1748210827826.0,0.8214,0.8219
1748210828325.0,0.82141,0.82191
1748210829671.0,0.8214,0.8219
1748210830774.0,0.82139,0.82189
1748210830899.0,0.8214,0.8219
1748210831785.0,0.82141,0.82191
1748210832612.0,0.8214,0.8219
1748210836802.0,0.82134,0.82184
1748210837727.0,0.82135,0.82185
1748210837853.0,0.82131,0.82181
1748210838226.0,0.8213,0.8218
1748210840406.0,0.8213,0.8218
1748210840736.0,0.82131,0.82181
1748210840860.0,0.8214,0.8219
1748210841619.0,0.82141,0.82191
1748210841742.0,0.8214,0.8219
1748210847802.0,0.82164,0.82214
1748210849701.0,0.82152,0.82202
1748210850077.0,0.82154,0.82204
1748210850200.0,0.82165,0.82215
1748210850574.0,0.82155,0.82205
1748210852926.0,0.82152,0.82202
1748210858910.0,0.82161,0.82211
1748210859027.0,0.82162,0.82212
1748210865436.0,0.8216,0.8221
1748210865938.0,0.82159,0.82209
1748210870378.0,0.82158,0.82208
1748210875076.0,0.82139,0.82189
1748210890631.0,0.82135,0.82185
1748210894505.0,0.82136,0.82186
1748210894631.0,0.82137,0.82187
1748210895036.0,0.82142,0.82192
1748210925647.0,0.82153,0.82203
1748210927440.0,0.82137,0.82187
1748210930819.0,0.82138,0.82188
1748210930943.0,0.82137,0.82187
1748210958560.0,0.82134,0.82184
1748210958856.0,0.82138,0.82188
1748210978040.0,0.82139,0.82189
1748210978531.0,0.82138,0.82188
1748210980966.0,0.82139,0.82189
1748210983689.0,0.82125,0.82175
1748210983808.0,0.82115,0.82165
1748210985014.0,0.82147,0.82197
1748210985136.0,0.82148,0.82198
1748210986200.0,0.82149,0.82199
1748210986449.0,0.8215,0.822
1748210987212.0,0.82151,0.82201
1748210987463.0,0.82153,0.82203
1748210987991.0,0.82152,0.82202
1748210988369.0,0.82151,0.82201
1748210988496.0,0.82145,0.82195
1748210989218.0,0.82144,0.82194
1748210990010.0,0.82145,0.82195
1748210990136.0,0.82144,0.82194
1748210991415.0,0.82145,0.82195
1748210991986.0,0.82147,0.82197
1748210992237.0,0.82142,0.82192
1748210992362.0,0.82143,0.82193
1748210995342.0,0.82142,0.82192
1748210995720.0,0.82148,0.82198
1748210995841.0,0.82151,0.82201
1748210996505.0,0.8215,0.822
1748210997212.0,0.82151,0.82201
1748210997922.0,0.8215,0.822
1748210998835.0,0.82151,0.82201
1748210999569.0,0.82138,0.82188
1748211000089.0,0.82137,0.82187
1748211001138.0,0.82136,0.82186
1748211001380.0,0.8214,0.8219
1748211001716.0,0.82139,0.82189
1748211001841.0,0.82126,0.82176
1748211003339.0,0.82131,0.82181
1748211004850.0,0.8214,0.8219
1748211006292.0,0.82138,0.82188
1748211006541.0,0.8213,0.8218
1748211008138.0,0.82126,0.82176
1748211010086.0,0.82131,0.82181
1748211013259.0,0.82132,0.82182
1748211014385.0,0.82139,0.82189
1748211016161.0,0.82138,0.82188
1748211016635.0,0.82139,0.82189
1748211018777.0,0.82142,0.82192
1748211019328.0,0.82141,0.82191
1748211019450.0,0.8214,0.8219
1748211020518.0,0.82138,0.82188
1748211021530.0,0.82139,0.82189
1748211022477.0,0.8214,0.8219
1748211024892.0,0.82138,0.82188
1748211027950.0,0.82137,0.82187
1748211031345.0,0.82138,0.82188
1748211032898.0,0.82135,0.82185
1748211035625.0,0.82136,0.82186
1748211037640.0,0.82137,0.82187
1748211038894.0,0.82136,0.82186
1748211042179.0,0.82135,0.82185
1748211048139.0,0.82136,0.82186
1748211050116.0,0.82137,0.82187
1748211050985.0,0.82136,0.82186
1748211052099.0,0.82135,0.82185
1748211052872.0,0.82134,0.82184
1748211055381.0,0.82129,0.82179
1748211055499.0,0.82119,0.82169
1748211056928.0,0.82121,0.82171
1748211059159.0,0.8212,0.8217
1748211059409.0,0.82108,0.82158
1748211059534.0,0.82119,0.82169
1748211062595.0,0.8212,0.8217
1748211072258.0,0.82123,0.82173
1748211079718.0,0.82124,0.82174
1748211080473.0,0.82137,0.82187
1748211081952.0,0.82138,0.82188
1748211084068.0,0.82139,0.82189
1748211084480.0,0.82138,0.82188
1748211086358.0,0.82137,0.82187
1748211086485.0,0.82138,0.82188
1748211087146.0,0.82135,0.82185
1748211087272.0,0.82127,0.82177
1748211087699.0,0.82128,0.82178
1748211087824.0,0.82131,0.82181
1748211089988.0,0.82132,0.82182
1748211090397.0,0.82131,0.82181
1748211091998.0,0.8213,0.8218
1748211092122.0,0.82105,0.82155
1748211092541.0,0.82136,0.82186
1748211093586.0,0.8214,0.8219
1748211094421.0,0.82141,0.82191
1748211095432.0,0.82142,0.82192
1748211095555.0,0.82145,0.82195
1748211095888.0,0.82144,0.82194
1748211096015.0,0.82135,0.82185
1748211100068.0,0.82107,0.82157
1748211100194.0,0.82101,0.82151
1748211100569.0,0.82107,0.82157
1748211102602.0,0.82117,0.82167
1748211104497.0,0.82118,0.82168
1748211110921.0,0.82125,0.82175
1748211111045.0,0.82126,0.82176
1748211113047.0,0.82115,0.82165
1748211115942.0,0.82116,0.82166
1748211116945.0,0.8213,0.8218
1748211117383.0,0.82129,0.82179
1748211118139.0,0.82131,0.82181
1748211122039.0,0.8213,0.8218
1748211124858.0,0.82134,0.82184
1748211124983.0,0.82136,0.82186
1748211125319.0,0.82142,0.82192
1748211127246.0,0.82148,0.82198
1748211127369.0,0.82147,0.82197
1748211127620.0,0.82141,0.82191
1748211127869.0,0.82147,0.82197
1748211131190.0,0.82146,0.82196
1748211132174.0,0.82147,0.82197
1748211132785.0,0.82145,0.82195
1748211134709.0,0.8213,0.8218
1748211134957.0,0.82128,0.82178
1748211135209.0,0.82129,0.82179
1748211148389.0,0.82133,0.82183
1748211149856.0,0.82132,0.82182
1748211155924.0,0.8213,0.8218
1748211156048.0,0.82127,0.82177
1748211158686.0,0.8213,0.8218
1748211158936.0,0.82128,0.82178
1748211159072.0,0.8213,0.8218
1748211159320.0,0.82128,0.82178
1748211159566.0,0.8213,0.8218
1748211159942.0,0.82128,0.82178
1748211160203.0,0.8213,0.8218
1748211161420.0,0.82127,0.82177
1748211163572.0,0.8213,0.8218
1748211164562.0,0.82127,0.82177
1748211164810.0,0.82128,0.82178
1748211165063.0,0.82126,0.82176
1748211166825.0,0.82129,0.82179
1748211173519.0,0.82125,0.82175
1748211173628.0,0.8213,0.8218
1748211174866.0,0.82129,0.82179
1748211175116.0,0.82131,0.82181
1748211175492.0,0.82127,0.82177
1748211175743.0,0.82126,0.82176
1748211178465.0,0.82125,0.82175
1748211178953.0,0.82127,0.82177
1748211180658.0,0.82131,0.82181
1748211180908.0,0.8213,0.8218
1748211183403.0,0.82127,0.82177
1748211184606.0,0.82129,0.82179
1748211184731.0,0.82128,0.82178
1748211186667.0,0.82151,0.82201
1748211187542.0,0.8215,0.822
1748211189996.0,0.8215,0.822
1748211190118.0,0.82151,0.82201
1748211191722.0,0.8215,0.822
1748211192195.0,0.82147,0.82197
1748211192320.0,0.8215,0.822
1748211192695.0,0.82147,0.82197
1748211194385.0,0.82151,0.82201
1748211194504.0,0.82156,0.82206
1748211194862.0,0.82155,0.82205
1748211194986.0,0.82156,0.82206
1748211195236.0,0.82123,0.82173
1748211197337.0,0.82124,0.82174
1748211197447.0,0.82128,0.82178
1748211199136.0,0.82127,0.82177
1748211204822.0,0.82123,0.82173
1748211206945.0,0.82124,0.82174
1748211207195.0,0.82123,0.82173
1748211210108.0,0.82122,0.82172
1748211210550.0,0.82119,0.82169
1748211210678.0,0.82112,0.82162
1748211210923.0,0.8211,0.8216
1748211212408.0,0.82111,0.82161
1748211213057.0,0.8211,0.8216
1748211213312.0,0.82111,0.82161
1748211222661.0,0.82104,0.82154
1748211230322.0,0.8211,0.8216
1748211230926.0,0.82111,0.82161
1748211232316.0,0.82107,0.82157
1748211232431.0,0.8211,0.8216
1748211233107.0,0.82103,0.82153
1748211233613.0,0.82102,0.82152
1748211234100.0,0.82099,0.82149
1748211234227.0,0.82098,0.82148
1748211236558.0,0.82096,0.82146
1748211240506.0,0.82099,0.82149
1748211242355.0,0.82093,0.82143
1748211245036.0,0.82081,0.82131
1748211245608.0,0.82082,0.82132
1748211247661.0,0.82083,0.82133
1748211248146.0,0.82081,0.82131
1748211253048.0,0.82091,0.82141
1748211253176.0,0.82089,0.82139
1748211254403.0,0.82085,0.82135
1748211254521.0,0.82088,0.82138
1748211254654.0,0.82089,0.82139
1748211254953.0,0.82088,0.82138
1748211255479.0,0.82089,0.82139
1748211255604.0,0.82088,0.82138
1748211255993.0,0.82089,0.82139
1748211256557.0,0.82096,0.82146
1748211257245.0,0.82093,0.82143
1748211259386.0,0.82095,0.82145
1748211259511.0,0.82097,0.82147
1748211262524.0,0.82096,0.82146
1748211263479.0,0.82097,0.82147
1748211263730.0,0.82093,0.82143
1748211263978.0,0.82097,0.82147
1748211264102.0,0.82094,0.82144
1748211265636.0,0.82093,0.82143
1748211266536.0,0.82077,0.82127
1748211267461.0,0.8208,0.8213
1748211268032.0,0.82087,0.82137
1748211270600.0,0.82092,0.82142
1748211272725.0,0.82091,0.82141
1748211278141.0,0.82095,0.82145
1748211278853.0,0.82096,0.82146
1748211278977.0,0.82095,0.82145
1748211280565.0,0.82096,0.82146
1748211281531.0,0.82106,0.82156
1748211281781.0,0.82107,0.82157
1748211283984.0,0.821,0.8215
1748211284110.0,0.82103,0.82153
1748211285795.0,0.82099,0.82149
1748211285918.0,0.82103,0.82153
1748211287711.0,0.82098,0.82148
1748211293906.0,0.82095,0.82145
1748211294652.0,0.82096,0.82146
1748211297152.0,0.82095,0.82145
1748211297252.0,0.82094,0.82144
1748211299054.0,0.82095,0.82145
1748211300142.0,0.82109,0.82159
1748211301221.0,0.821,0.8215
1748211301670.0,0.82101,0.82151
1748211301796.0,0.82102,0.82152
1748211301922.0,0.82103,0.82153
1748211302171.0,0.82127,0.82177
1748211302795.0,0.82131,0.82181
1748211303232.0,0.8213,0.8218
1748211303364.0,0.82133,0.82179
1748211303482.0,0.82132,
1748211303732.0,0.8213,
1748211304233.0,0.82131,0.82177
1748211304482.0,,0.82176
1748211304607.0,0.82133,
1748211304731.0,,0.82178
1748211305357.0,,0.82179
1748211305608.0,0.82131,
1748211305732.0,,0.82176
1748211305857.0,,0.82177
1748211305982.0,0.8213,0.82179
1748211306231.0,,0.82177
1748211306608.0,,0.82178
1748211306857.0,,0.82174
1748211306981.0,,0.82175
1748211307357.0,0.82129,0.82177
1748211307483.0,0.82133,0.82183
1748211311834.0,0.82131,0.8218
1748211311956.0,0.82128,0.82175
1748211312333.0,0.8213,0.82174
1748211314220.0,0.82132,0.82178
1748211314338.0,,0.8218
1748211314472.0,0.82131,
1748211315215.0,0.82132,
1748211318287.0,0.82133,
1748211318538.0,,0.82179
1748211319624.0,0.82132,
1748211319735.0,0.82133,
1748211320377.0,,0.82179
1748211320497.0,,0.8218
1748211320873.0,0.82132,
1748211320998.0,0.82133,0.8218
1748211321373.0,,0.82179
1748211322417.0,0.82135,0.82182
1748211322763.0,,0.82181
1748211323397.0,,0.82182
1748211323677.0,,0.82181
1748211324195.0,,0.82182
1748211324319.0,,0.82181
1748211324580.0,,0.82182
1748211324831.0,,0.82181
1748211324944.0,,0.82182
1748211325194.0,,0.82181
1748211325569.0,0.82136,
1748211326761.0,0.82135,
1748211327511.0,0.82136,
1748211328107.0,0.82135,
1748211328357.0,0.82136,
1748211328811.0,0.82135,
1748211328935.0,0.82136,
1748211329312.0,0.82135,
1748211329560.0,,0.82181
1748211329687.0,,0.82182
1748211329812.0,,0.82183
1748211330186.0,,0.82181
1748211330436.0,,0.82183
1748211330937.0,,0.82184
1748211331062.0,0.82134,
1748211331186.0,0.82135,0.82183
1748211331310.0,,0.82184
1748211331687.0,,0.82183
1748211337076.0,,0.82184
1748211337447.0,,0.82183
1748211338422.0,,0.82184
1748211339206.0,,0.82183
1748211339581.0,,0.82182
1748211339830.0,,0.82183
1748211340097.0,,0.82184
1748211340670.0,,0.82183
1748211340917.0,,0.82184
1748211341167.0,,0.82183
1748211342531.0,0.82136,0.82184
1748211344881.0,,0.82183
1748211345256.0,0.82137,0.82186
1748211347317.0,,0.82185
1748211347564.0,,0.82186
1748211348573.0,,0.82187
1748211348699.0,0.82138,
1748211348823.0,0.82137,
1748211349662.0,0.82136,0.82186
1748211349786.0,0.82137,
1748211349915.0,0.82136,
1748211350049.0,0.82137,0.82187
1748211350411.0,0.82136,0.82186
1748211350537.0,0.82137,0.82187
1748211353709.0,0.82136,0.82186
1748211353834.0,0.82137,0.82187
1748211357232.0,0.82136,0.82186
1748211358855.0,0.8214,0.8219
1748211360152.0,0.82139,0.82189
1748211360248.0,0.82141,0.82191
1748211360386.0,0.82142,0.82192
1748211368918.0,,0.82191
1748211369036.0,,0.82192
1748211369592.0,,0.82191
1748211369877.0,,0.82192
1748211370127.0,,0.82191
1748211370252.0,,0.82192
1748211370921.0,,0.8219
1748211371051.0,,0.82191
1748211371175.0,,0.82192
1748211371425.0,0.82142,0.82192
1748211374118.0,0.82143,0.82193
1748211374493.0,0.82142,0.82192
1748211376293.0,0.82141,0.82191
1748211376437.0,0.82142,0.82192
1748211377606.0,0.82141,0.82191
1748211377731.0,0.82142,0.82192
1748211381317.0,0.82143,0.82193
1748211381441.0,0.82142,0.82192
1748211390271.0,0.8214,0.8219
1748211390397.0,0.82139,0.82189
1748211390530.0,0.8214,0.8219
1748211390867.0,0.82139,0.82189
1748211390991.0,0.8214,0.8219
1748211391767.0,0.82139,0.82189
1748211391891.0,0.8214,0.8219
1748211392016.0,0.82139,0.82189
1748211392977.0,0.8214,0.8219
1748211393228.0,0.82139,0.82189
1748211393478.0,0.82139,0.82189
1748211393982.0,0.82138,
1748211394231.0,0.82139,0.82189
1748211394769.0,0.82143,
1748211396168.0,0.82144,
1748211398678.0,0.82143,0.82188
1748211398927.0,0.82143,
1748211399178.0,0.8214,
1748211399301.0,0.82142,
1748211400790.0,0.82143,
1748211401678.0,0.82142,
1748211402124.0,0.8214,
1748211403037.0,0.82139,
1748211403289.0,0.8214,
1748211404057.0,0.82139,
1748211404182.0,0.82141,0.82188
1748211404678.0,0.82139,0.82189
1748211405088.0,0.82138,0.82188
1748211405411.0,0.82139,0.82189
1748211405677.0,0.8214,0.82188
1748211406278.0,0.82141,
1748211406402.0,0.8214,0.8219
1748211413738.0,0.82139,0.82189
1748211413840.0,0.82135,0.82185
1748211413983.0,0.82136,0.82186
1748211414471.0,0.82135,0.82185
1748211415581.0,0.82147,0.82187
1748211415711.0,0.8215,0.82186
1748211416535.0,,0.82186
1748211416788.0,0.82151,0.82187
1748211416912.0,0.8215,0.82186
1748211417161.0,0.82149,0.82185
1748211417287.0,0.82144,0.82181
1748211417979.0,,0.8218
1748211418230.0,0.82145,0.82182
1748211418999.0,0.82144,0.82181
1748211419283.0,0.82145,0.82182
1748211421032.0,0.82144,0.82181
1748211421315.0,0.82145,0.82182
1748211422050.0,0.82144,0.82181
1748211422329.0,0.82145,
1748211423122.0,,0.82182
1748211424206.0,0.82143,0.82183
1748211425576.0,0.82142,0.82184
1748211425702.0,0.82143,0.82183
1748211425952.0,0.82144,
1748211426201.0,0.82143,
1748211427507.0,0.82144,
1748211427631.0,0.82143,
1748211427937.0,0.82144,0.82182
1748211428061.0,0.82143,0.82183
1748211429382.0,,0.82186
1748211429505.0,,0.82184
1748211429754.0,,0.82185
1748211430982.0,0.82144,0.82186
1748211431952.0,0.82145,0.82187
1748211432826.0,0.82143,0.82183
1748211432950.0,,0.82184
1748211434014.0,0.82142,
1748211434265.0,0.82143,
1748211435256.0,0.82142,
1748211438348.0,0.82143,0.82182
1748211438472.0,0.82142,0.82184
1748211441618.0,0.82143,0.82182
1748211441742.0,0.82142,0.82184
1748211442712.0,0.82143,0.82182
1748211442832.0,0.82142,0.82184
1748211443425.0,,0.82185
1748211444429.0,,0.82183
1748211444553.0,0.82142,0.82184
1748211462897.0,0.82146,
1748211463008.0,0.8215,0.82188
1748211466940.0,0.82149,0.82187
1748211473748.0,0.82153,0.82191
1748211475196.0,,0.82193
1748211475445.0,0.82152,0.82191
1748211480410.0,0.82154,0.82196
1748211480539.0,,0.82195
1748211480660.0,0.82156,0.82193
1748211481035.0,0.82155,0.82191
1748211481298.0,,0.82193
1748211481419.0,,0.82192
1748211481798.0,,0.82191
1748211482543.0,,0.82191
1748211483566.0,0.82156,0.82192
1748211484627.0,,0.82191
1748211484752.0,,0.82192
1748211485248.0,0.82155,0.82193
1748211485868.0,,0.82193
1748211486773.0,0.82162,0.82197
1748211486898.0,0.8216,
1748211487274.0,0.82159,0.82196
1748211487920.0,0.82162,
1748211488928.0,0.82159,
1748211489977.0,0.82162,0.82197
1748211490100.0,,0.82196
1748211490812.0,0.82159,0.82195
1748211491783.0,0.82162,0.82196
1748211492333.0,0.82159,
1748211492833.0,0.82166,0.82202
1748211493088.0,0.82169,0.82201
1748211493537.0,0.82165,0.82197
1748211493786.0,0.82168,0.82198
1748211501051.0,0.82166,0.82197
1748211502050.0,0.82168,0.82198
1748211503489.0,0.82167,
1748211503933.0,0.82168,
1748211504183.0,0.82169,0.822
1748211504308.0,0.82168,0.82198
1748211504559.0,,0.82199
1748211504983.0,,0.82198
1748211505231.0,,0.82199
1748211509691.0,0.82167,0.82201
1748211511431.0,0.82168,
1748211511556.0,0.82172,0.82206
1748211512565.0,0.82171,0.82204
1748211513106.0,,0.82202
1748211513938.0,0.82172,0.82206
1748211514422.0,,0.82207
1748211514935.0,,0.82205
1748211515810.0,0.82174,0.82204
1748211515934.0,,0.82203
1748211517890.0,0.82173,
1748211520416.0,0.82172,0.82204
1748211525482.0,,0.82206
1748211525726.0,,0.82207
1748211526155.0,,0.82208
1748211526272.0,0.82173,
1748211526520.0,,0.82207
1748211527412.0,0.82175,0.82205
1748211528785.0,0.82176,0.82206
1748211528909.0,,0.82207
1748211529891.0,0.82175,0.82205
1748211532447.0,0.82176,0.82206
1748211532562.0,0.82175,0.82205
1748211533567.0,,0.82206
1748211533693.0,,0.82207
1748211534280.0,,0.82206
1748211541837.0,0.82177,0.82202
1748211541967.0,,0.82203
1748211542837.0,,0.82202
1748211542962.0,,0.82203
1748211543841.0,,0.82202
1748211544087.0,,0.82203
1748211544679.0,,0.82204
1748211544803.0,,0.82203
1748211544930.0,0.82177,0.82206
1748211545178.0,,0.82203
1748211545304.0,,0.82206
1748211545554.0,,0.82204
1748211545803.0,0.82176,0.82202
1748211545929.0,,0.82206
1748211546054.0,,0.82203
1748211546178.0,,0.82205
1748211546303.0,0.82177,0.82204
1748211546553.0,,0.82206
1748211546679.0,,0.82203
1748211546805.0,0.82176,0.82204
1748211546929.0,,0.82203
1748211547178.0,,0.82204
1748211547303.0,,0.82202
1748211547679.0,,0.82203
1748211547846.0,,0.82205
1748211547978.0,,0.82203
1748211548348.0,,0.82208
1748211548847.0,0.82173,0.82206
1748211549099.0,0.82172,
1748211552864.0,0.82171,
1748211553495.0,,0.82207
1748211553762.0,,0.82205
1748211560497.0,0.82172,
1748211562185.0,0.82172,
1748211562537.0,0.82171,
1748211562663.0,0.82172,
1748211562914.0,0.82169,0.82202
1748211563038.0,,0.82203
1748211563979.0,,0.82202
1748211569298.0,0.82171,0.82204
1748211569416.0,0.82174,0.82209
1748211574955.0,0.82175,0.82213
1748211575074.0,,0.82215
1748211575201.0,,0.82213
1748211575449.0,,0.82214
1748211576379.0,,0.82212
1748211576502.0,,0.82213
1748211577130.0,,0.8221
1748211577842.0,0.82171,
1748211577962.0,0.82175,0.82213
1748211578491.0,0.82174,0.82212
1748211578737.0,0.82175,0.82213
1748211578987.0,,0.82211
1748211580893.0,,0.82213
1748211581017.0,,0.82211
1748211581269.0,,0.82212
1748211581569.0,,0.82211
1748211581816.0,,0.82212
1748211581942.0,,0.82211
1748211582191.0,,0.82212
1748211582788.0,,0.82214
1748211582913.0,,0.82212
1748211583162.0,,0.82209
1748211583412.0,0.82177,0.82209
1748211584801.0,,0.8221
1748211585077.0,,0.82209
1748211585576.0,0.82178,0.8221
1748211585827.0,0.82178,
1748211585952.0,0.82177,
1748211586077.0,,0.82209
1748211586326.0,0.82178,0.8221
1748211586579.0,0.82177,
1748211586898.0,,0.82209
1748211587021.0,0.82178,0.8221
1748211587397.0,0.82175,0.82209
1748211587521.0,,0.8221
1748211587773.0,,0.8221
1748211588399.0,0.82178,
1748211588652.0,,0.8221
1748211588774.0,0.82178,
1748211589022.0,0.82177,0.82209
1748211589152.0,0.82178,0.8221
1748211589272.0,0.82177,0.82209
1748211589524.0,,0.8221
1748211589898.0,0.82177,
1748211590023.0,0.82178,
1748211590148.0,0.82177,
1748211590399.0,0.82178,
1748211590648.0,0.82177,
1748211590899.0,0.82178,0.8221
1748211591178.0,0.82177,0.82211
1748211591283.0,0.82181,0.82215
1748211591530.0,0.8218,
1748211591779.0,0.82178,0.82213
1748211592273.0,0.82179,0.82215
1748211592523.0,0.82177,
1748211592648.0,,0.82213
1748211593149.0,0.82179,0.82215
1748211593648.0,0.82179,
1748211594116.0,,0.82213
1748211594361.0,0.8218,
1748211594611.0,0.8218,
1748211594736.0,0.82179,
1748211594991.0,0.82179,
1748211595239.0,0.8218,
1748211595366.0,0.82177,0.82214
1748211595612.0,0.8218,
1748211595735.0,0.82179,
1748211595986.0,0.8218,
1748211596111.0,0.82179,
1748211596481.0,,0.82214
1748211596605.0,0.82177,
1748211596856.0,0.8218,
1748211597106.0,0.8218,
1748211597235.0,0.82179,
1748211597510.0,0.82177,0.82214
1748211597762.0,0.82179,
1748211598142.0,0.8218,
1748211598267.0,0.82182,0.82213
1748211598756.0,0.82182,
1748211599005.0,0.82182,
1748211600297.0,0.82181,
1748211600548.0,0.82181,
1748211600802.0,0.82182,
1748211606610.0,0.82185,0.82216
1748211607797.0,0.82184,
1748211608712.0,0.82184,
1748211609525.0,0.82185,
1748211609768.0,0.82184,
1748211610638.0,0.82185,
1748211610889.0,,0.82217
1748211613171.0,,0.82216
1748211613298.0,,0.82217
1748211616958.0,,0.82217
1748211617958.0,0.82188,0.82221
1748211618207.0,0.82189,0.82224
1748211618583.0,,0.82223
1748211620270.0,,0.82224
1748211620522.0,,0.82223
1748211621067.0,,0.82223
1748211621190.0,,0.82224
1748211621690.0,0.8219,
1748211622103.0,0.82189,
1748211622602.0,0.82192,0.82225
1748211622904.0,,0.82226
1748211623017.0,,0.82231
1748211623147.0,0.82197,0.82229
1748211625108.0,0.82196,
1748211625923.0,0.82197,
1748211626536.0,0.82198,0.82231
1748211627527.0,0.82196,0.82229
1748211630519.0,0.82193,0.82227
1748211632553.0,,0.82228
1748211632678.0,,0.82227
1748211635245.0,,0.82226
1748211635365.0,,0.82228
1748211635495.0,,0.82227
1748211637097.0,,0.82226
1748211638617.0,,0.82227
1748211638742.0,,0.82225
1748211641425.0,0.82193,
1748211643293.0,0.82205,0.82238
1748211643422.0,0.82206,0.82237
1748211643546.0,0.82202,0.82235
1748211643918.0,,0.82234
1748211644044.0,,0.82235
1748211644468.0,,0.82234
1748211644593.0,,0.82235
1748211646763.0,0.822,
1748211646886.0,0.82205,0.82238
1748211647958.0,0.82204,
1748211648084.0,0.82205,
1748211649409.0,0.82202,
1748211649534.0,0.82218,0.82248
1748211649907.0,0.82219,0.8225
1748211650031.0,0.82218,
1748211650283.0,,0.82251
1748211650407.0,0.82218,0.8225
1748211650661.0,0.82219,
1748211651162.0,,0.82251
1748211651283.0,,0.8225
1748211651534.0,,0.8225
1748211651793.0,,0.82251
1748211651915.0,0.82219,0.8225
1748211652907.0,0.8222,
1748211655957.0,0.82223,0.82252
1748211657138.0,0.82224,0.82251
1748211657387.0,,0.82252
1748211657763.0,0.82223,0.82252
1748211658141.0,0.82224,0.82251
1748211658692.0,,0.82252
1748211659406.0,0.82223,0.82251
1748211659654.0,0.82222,0.82252
1748211659780.0,,0.82251
1748211659905.0,0.8222,0.8225
1748211660032.0,,0.82251
1748211660281.0,,0.8225
1748211660656.0,,0.82251
1748211661417.0,,0.8225
1748211661668.0,,0.82251
1748211661791.0,,0.8225
1748211662166.0,,0.8225
1748211662415.0,,0.8225
1748211662541.0,,0.82251
1748211663457.0,,0.8225
1748211663582.0,,0.82251
1748211663956.0,,0.82251
1748211664332.0,,0.8225
1748211664587.0,0.82219,0.82249
1748211664707.0,,0.8225
1748211665707.0,0.8222,
1748211665832.0,0.82222,
1748211666207.0,0.8222,
1748211666458.0,0.82219,0.82251
1748211666583.0,0.82221,0.8225
1748211666833.0,,0.8225
1748211667750.0,,0.8225
1748211667999.0,,0.8225
1748211668252.0,,0.82251
1748211668390.0,0.82226,0.82254
1748211670146.0,,0.82253
1748211670263.0,0.82222,0.8225
1748211670389.0,0.82227,0.82252
1748211670921.0,0.82224,0.82251
1748211671547.0,0.82222,0.8225
1748211671671.0,0.82224,0.82251
1748211672546.0,,0.8225
1748211672672.0,,0.82251
1748211673421.0,,0.8225
1748211673671.0,,0.82251
1748211673792.0,,0.8225
1748211674042.0,,0.82251
1748211674375.0,,0.8225
1748211674475.0,0.82218,0.82249
1748211674623.0,0.82219,
1748211674725.0,0.82218,0.82248
1748211675475.0,0.8222,0.82249
1748211675967.0,0.82219,
1748211676100.0,0.82218,
1748211677093.0,0.8222,
1748211680106.0,0.82219,
1748211680349.0,,0.82251
1748211681291.0,,0.82251
1748211681541.0,0.82217,0.82245
1748211681808.0,,0.82246
1748211682578.0,,0.82248
1748211683207.0,0.82216,0.82245
1748211683331.0,0.82221,0.82249
1748211683456.0,0.82219,
1748211684494.0,0.8222,
1748211685492.0,0.82219,
1748211686524.0,0.8222,
1748211689687.0,0.82219,0.82248
1748211689812.0,,0.82249
1748211693539.0,0.82234,0.82265
1748211693786.0,0.82232,
1748211694039.0,0.82233,0.82265
1748211695095.0,0.82232,0.82263
1748211698742.0,0.82237,
1748211698993.0,,0.82269
1748211699122.0,,0.82267
1748211702524.0,0.82236,
1748211702650.0,0.82235,0.82265
1748211702900.0,0.82239,0.82269
1748211703151.0,,0.82268
1748211704653.0,0.82251,0.82278
1748211704778.0,0.82248,0.82279
1748211705153.0,0.82245,0.82276
1748211705277.0,0.82246,
1748211706098.0,0.82245,0.82274
1748211713057.0,,0.82275
1748211713828.0,0.82249,0.82279
1748211714324.0,0.82259,0.8229
1748211714450.0,0.82258,
1748211715178.0,0.82261,0.82292
1748211715427.0,0.8226,
1748211715945.0,,0.82293
1748211717200.0,,0.82292
1748211717310.0,0.82259,0.82293
1748211720102.0,0.82257,0.82291
1748211725045.0,0.82256,
1748211726287.0,0.82257,
1748211727878.0,0.82262,0.82294
1748211728125.0,0.82259,0.82292
1748211728375.0,0.82258,
1748211729396.0,0.82259,
1748211730603.0,0.82258,
1748211730852.0,0.82256,0.8229
1748211736063.0,0.82259,0.82292
1748211737706.0,0.8226,
1748211738188.0,0.82259,
1748211740202.0,0.82259,
1748211741702.0,0.82258,
1748211741828.0,0.82259,
1748211742076.0,0.82258,
1748211742203.0,0.82259,
1748211742701.0,0.82259,
1748211747078.0,0.82259,
1748211747337.0,0.82258,
1748211747480.0,0.82255,0.8229
1748211747585.0,0.82257,
1748211747831.0,0.82256,
1748211748506.0,0.82253,0.82288
1748211749734.0,0.82257,0.82291
1748211751735.0,0.82254,0.82289
1748211751861.0,0.82255,
1748211751987.0,0.82254,
1748211752448.0,0.82248,0.82287
1748211752565.0,0.82253,0.82288
1748211753634.0,0.8225,
1748211753758.0,0.82249,
1748211754010.0,0.82252,0.82287
1748211754634.0,0.82252,0.82287
1748211755651.0,0.8225,
1748211755893.0,0.8225,
1748211756018.0,0.82249,0.82284
1748211757142.0,0.8225,
1748211758751.0,0.82255,0.8229
1748211761167.0,0.82254,0.82289
1748211761785.0,0.82253,0.82288
1748211766813.0,0.82252,
1748211766933.0,0.8225,0.82286
1748211767183.0,0.82251,
1748211767312.0,0.82249,0.82286
1748211768432.0,0.82251,
1748211768808.0,0.82257,0.82291
1748211768934.0,0.82254,0.82289
1748211772139.0,0.82255,
1748211773443.0,0.82254,
1748211773918.0,0.82255,
1748211775645.0,0.82254,
1748211775769.0,0.82252,0.82288
1748211776021.0,0.82253,
1748211776146.0,0.82252,
1748211776397.0,0.82253,
1748211776654.0,0.82252,
1748211776771.0,0.82253,
1748211777020.0,0.82252,
1748211777148.0,0.82253,
1748211777270.0,0.82252,
1748211777522.0,0.82253,
1748211779513.0,0.82252,
1748211779640.0,0.82253,
1748211779764.0,0.82252,
1748211781234.0,0.82253,
1748211781608.0,0.82254,0.82288
1748211783107.0,0.82249,0.82287
1748211783361.0,,0.82285
1748211783736.0,0.82251,0.82286
1748211783862.0,0.82252,
1748211784612.0,0.82251,
1748211784861.0,0.82254,0.82289
1748211785555.0,,0.82288
1748211785813.0,,0.82289
1748211787832.0,,0.82288
1748211790019.0,,0.82289
1748211791578.0,0.82256,0.8229
1748211792335.0,0.82254,0.82289
1748211793527.0,0.82251,
1748211794214.0,0.8225,
1748211794339.0,0.82251,
1748211799736.0,0.82248,0.82284
1748211799868.0,0.82252,0.82287
1748211799992.0,0.82251,
1748211800446.0,0.82249,0.82285
1748211800570.0,,0.82284
1748211800821.0,0.82248,
1748211801070.0,0.82249,
1748211801196.0,0.82248,
1748211801694.0,0.82252,0.82287
1748211802098.0,0.82251,
1748211802222.0,0.82249,0.82284
1748211803317.0,0.82253,0.82288
1748211803817.0,0.82254,
1748211804191.0,0.82254,
1748211804442.0,0.82253,0.82288
1748211807163.0,0.82251,0.82285
1748211809698.0,0.82248,0.82283
1748211810322.0,0.82249,
1748211816261.0,0.82251,0.82285
1748211816658.0,0.8225,0.82283
1748211817037.0,0.82249,
1748211817283.0,0.8225,
1748211817408.0,0.82249,
1748211817668.0,0.82252,0.82286
1748211818268.0,,0.82285
1748211819030.0,0.8225,0.82284
1748211819930.0,0.82251,
1748211820181.0,0.82252,
1748211821338.0,,0.82286
1748211821458.0,,0.82285
1748211822174.0,,0.82286
1748211824030.0,0.82257,0.8229
1748211824279.0,0.82253,0.82287
1748211824530.0,0.8225,
1748211824656.0,0.82251,0.82285
1748211824780.0,,0.82284
1748211826553.0,,0.82285
1748211826677.0,0.82259,0.82292
1748211827208.0,0.8226,0.82291
1748211827882.0,0.82259,
1748211828331.0,0.8226,
1748211828457.0,0.82257,0.8229
1748211828582.0,0.82254,0.82287
1748211828986.0,,0.82288
1748211829239.0,,0.82287
1748211829890.0,0.82253,
1748211830407.0,0.82254,
1748211831458.0,0.82253,
1748211831796.0,0.82254,
1748211833278.0,0.82253,
1748211834564.0,0.82251,0.82285
1748211834675.0,0.82247,0.82282
1748211835018.0,0.82248,
1748211835267.0,0.82247,
1748211835908.0,0.82245,0.82281
1748211836032.0,0.82249,0.82283
1748211836408.0,,0.82284
1748211837867.0,0.82248,
1748211839023.0,0.82247,0.82282
1748211842264.0,0.82244,0.82279
1748211842387.0,0.82243,
1748211846882.0,0.8224,0.82277
1748211847758.0,0.82241,
1748211847883.0,0.82242,0.82281
1748211848134.0,,0.82282
1748211848803.0,0.8224,0.82278
1748211849052.0,0.82241,0.82279
1748211849171.0,0.82242,0.82282
1748211849746.0,0.82243,
1748211849872.0,0.8224,0.82278
1748211850172.0,0.82241,
1748211850668.0,0.82242,0.82282
1748211852215.0,0.82242,
1748211852465.0,0.82242,0.82281
1748211852595.0,0.82241,
1748211852715.0,0.82242,
1748211853436.0,,0.82282
1748211854448.0,,0.82281
1748211854823.0,,0.82278
1748211855609.0,,0.82281
1748211856610.0,0.8224,
1748211857537.0,0.82241,0.82281
1748211857661.0,0.8224,
1748211857786.0,0.82241,
1748211858162.0,0.8224,0.82277
1748211858285.0,0.82241,
1748211859036.0,0.82242,0.82281
1748211859286.0,0.82245,
1748211860752.0,0.82244,
1748211862631.0,0.82242,0.82279
1748211862882.0,0.82243,
1748211863266.0,,0.82282
1748211863382.0,0.82249,0.82284
1748211864796.0,0.82246,0.82282
1748211866724.0,0.82249,0.82284
1748211867069.0,0.82246,0.82281
1748211868598.0,0.82249,0.82284
1748211868716.0,0.8225,0.82285
1748211870871.0,0.82253,0.82288
1748211871445.0,0.82255,0.82289
1748211871571.0,0.82256,0.8229
1748211877653.0,,0.82289
1748211877756.0,0.82253,0.82287
1748211879722.0,0.8225,0.82284
1748211881409.0,0.82249,
1748211881533.0,0.82254,0.82288
1748211883442.0,0.8225,0.82284
1748211884537.0,0.82253,0.82286
1748211885506.0,,0.82287
1748211887097.0,0.82251,0.82284
1748211887848.0,,0.82285
1748211890185.0,0.82246,0.8228
1748211890310.0,0.82245,
1748211893523.0,0.82249,0.82283
1748211894553.0,0.82249,0.82284
1748211894802.0,,0.82283
1748211895301.0,0.8225,
1748211896028.0,0.82249,
1748211896409.0,0.82252,0.82286
1748211897240.0,0.82255,0.82289
1748211898938.0,0.82252,0.82286
1748211900902.0,0.82255,0.82289
1748211901530.0,0.82252,0.82286
1748211901823.0,,0.82287
1748211902210.0,0.82255,
1748211904092.0,0.82258,0.82292
1748211905912.0,0.82258,
1748211907321.0,0.82257,
1748211907693.0,0.82258,
1748211918795.0,0.82267,0.82298
1748211919176.0,0.82268,
1748211920775.0,0.8226,0.82293
1748211920906.0,0.82259,
1748211922092.0,0.82262,0.82295
1748211922218.0,0.82266,0.82297
1748211923483.0,0.82258,0.8229
1748211923610.0,0.82257,
1748211924628.0,,0.82291
1748211926211.0,0.82267,0.82298
1748211926600.0,0.82266,0.82299
1748211929142.0,,0.82301
1748211929390.0,0.82259,0.82295
1748211929642.0,0.82258,
1748211931864.0,0.82259,
1748211932113.0,0.82258,
1748211934041.0,0.82259,
1748211934297.0,0.82258,
1748211934417.0,,0.82295
1748211935432.0,0.82256,0.82293
1748211935557.0,0.82255,0.82294
1748211935809.0,,0.82293
1748211936188.0,0.82256,0.82293
1748211936308.0,0.82253,0.82292
1748211938846.0,0.82254,
1748211948665.0,0.82253,
1748211951496.0,0.82247,0.82279
1748211952979.0,0.82248,0.82278
1748211953099.0,,0.82277
1748211953888.0,,0.82272
1748211954511.0,0.82242,0.82271
1748211955012.0,,0.82272
1748211955269.0,0.82242,0.82271
1748211955522.0,0.82241,0.82272
1748211956107.0,0.82242,
1748211958473.0,0.8224,0.8227
1748211958610.0,0.82239,
1748211959480.0,0.8224,
1748211959606.0,0.82239,
1748211959855.0,0.8224,
1748211959979.0,0.82239,
1748211960229.0,,0.82269
1748211960858.0,0.8224,
1748211961106.0,0.82242,0.82273
1748211961230.0,0.82243,
1748211961480.0,0.82242,0.82272
1748211962640.0,0.82243,0.82273
1748211962756.0,0.82246,0.82274
1748211963005.0,0.82244,
1748211963255.0,0.82245,
1748211964823.0,,0.82274
1748211965632.0,,0.82272
1748211967042.0,,0.82273
1748211968839.0,,0.82273
1748211968964.0,0.82244,
1748211969941.0,0.82244,
1748211970068.0,0.82245,
1748211970192.0,0.82244,
1748211970807.0,0.82245,
1748211971330.0,,0.82272
1748211971449.0,0.82243,0.8227
1748211974605.0,0.82242,0.82269
1748211974856.0,0.82241,
1748211975478.0,0.82242,
1748211977712.0,0.82241,0.82268
1748211983556.0,0.82238,0.82265
1748211984270.0,0.82237,0.82266
1748211984392.0,0.82238,
1748211985933.0,0.8223,0.82257
1748211986061.0,0.82228,0.82255
1748211986182.0,0.82226,0.82252
1748211986433.0,0.82224,
1748211988009.0,0.82226,0.8225
1748211988259.0,0.82225,0.82249
1748211988510.0,0.82224,0.82248
1748211989150.0,0.8222,0.82245
1748211990346.0,0.82224,0.82248
1748211990592.0,0.82223,0.82247
1748211994253.0,0.82222,0.82246
1748211994371.0,0.82219,0.82243
1748211995994.0,0.82218,0.82242
1748211996113.0,0.82215,0.82239
1748211998699.0,0.82213,0.82237
1748211999073.0,0.82212,0.82236
1748211999886.0,0.82209,0.82233
1748212000036.0,0.82215,0.82239
1748212006523.0,0.82214,0.82238
1748212008791.0,0.82215,0.82239
1748212008917.0,0.82219,0.82243
1748212009413.0,0.82222,0.82246
1748212013068.0,0.82217,0.82241
1748212015916.0,0.82216,0.8224
1748212016167.0,0.82212,0.82236
1748212018790.0,0.82208,0.82232
1748212018918.0,0.82207,0.82231
1748212019167.0,0.82206,0.8223
1748212021499.0,0.82203,0.82227
1748212023717.0,0.822,0.82224
1748212024767.0,0.82197,0.82221
1748212026583.0,0.82202,0.82226
1748212028500.0,0.82198,0.82222
1748212035823.0,0.82199,0.82223
1748212035942.0,0.82202,0.82226
1748212042263.0,0.82201,0.82225
1748212044739.0,0.82196,0.8222
1748212046652.0,0.82195,0.82219
1748212046902.0,0.82194,0.82218
1748212047384.0,0.82195,0.82219
1748212048149.0,0.82197,0.82221
1748212051462.0,0.82199,0.82223
1748212056931.0,0.82198,0.82222
1748212057300.0,0.82203,0.82227
1748212057551.0,0.82202,0.82226
1748212057930.0,0.82206,0.8223
1748212060324.0,0.82209,0.82233
1748212065259.0,0.82211,0.82235
1748212066162.0,0.82209,0.82233
1748212067999.0,0.82208,
1748212069128.0,0.82209,
1748212069426.0,0.82208,
1748212069552.0,0.82207,0.82236
1748212069802.0,0.82208,
1748212069925.0,0.82207,
1748212070343.0,0.82209,0.82233
1748212070967.0,0.82208,0.82236
1748212071101.0,0.82207,
1748212072805.0,0.82211,0.82238
1748212073657.0,0.8221,
1748212073779.0,0.82209,0.82236
1748212073905.0,0.82208,
1748212074153.0,0.82209,
1748212074406.0,0.82215,0.82244
1748212074658.0,0.82216,0.82243
1748212077257.0,0.82215,0.82245
1748212078235.0,0.82216,0.82246
1748212078338.0,0.8222,0.8225
1748212078587.0,,0.82251
1748212079345.0,,0.8225
1748212079864.0,0.82221,
1748212080216.0,0.82222,0.82252
1748212080343.0,0.82223,0.82251
1748212081153.0,,0.82252
1748212081276.0,0.82224,
1748212085018.0,0.82226,0.8225
1748212085390.0,0.82225,
1748212085638.0,,0.82249
1748212087912.0,0.82224,0.82248
1748212088684.0,0.82225,0.82249
1748212089454.0,0.82221,0.82245
1748212091143.0,0.82219,0.82243
1748212095489.0,,0.82245
1748212095740.0,0.82218,
1748212098333.0,0.82219,0.82243
1748212099187.0,,0.82245
1748212099301.0,0.82225,0.8225
1748212100732.0,,0.82249
1748212103293.0,0.82222,0.82248
1748212106780.0,0.82221,0.82247
1748212106896.0,0.82217,0.82244
1748212107146.0,0.82216,0.82242
1748212107658.0,0.82217,
1748212107784.0,0.82216,
1748212108282.0,,0.82243
1748212108967.0,0.82219,
1748212110208.0,,0.82244
1748212110338.0,,0.82243
1748212110456.0,,0.82244
1748212110847.0,0.82219,
1748212114429.0,0.82218,0.82242
1748212116643.0,0.82219,0.82243
1748212117501.0,0.82218,0.82242
1748212119061.0,0.82219,0.82243
1748212119184.0,,0.82246
1748212126180.0,0.82222,
1748212126889.0,0.82221,0.82245
1748212127014.0,0.82222,0.82246
1748212139048.0,0.82221,
1748212139172.0,0.82222,
1748212144483.0,0.8222,0.82244
1748212145350.0,0.82215,0.82239
1748212154446.0,0.82214,0.82238
1748212157057.0,0.82213,0.82237
1748212157175.0,0.82212,0.82236
1748212159917.0,0.82213,0.82237
1748212160040.0,0.82215,0.82239
1748212170203.0,0.82213,0.82237
1748212173511.0,0.82214,0.82238
1748212173761.0,0.82212,0.82236
1748212178678.0,0.82206,0.8223
1748212187292.0,0.82205,0.82229
1748212194221.0,0.82204,0.82228
1748212194329.0,0.82202,0.82226
1748212194714.0,0.822,0.82224
1748212197955.0,0.82203,0.82227
1748212199560.0,0.82204,0.82228
1748212199685.0,0.82205,0.82229
1748212201212.0,0.82206,0.8223
1748212202256.0,0.82205,0.82229
1748212202379.0,0.822,0.82224
1748212207190.0,0.82199,0.82223
1748212207316.0,0.82197,0.82221
1748212207443.0,0.82201,0.82225
1748212210467.0,0.822,0.82224
1748212211909.0,0.82198,0.82222
1748212212010.0,0.82194,
1748212214158.0,,0.82224
1748212214407.0,0.82195,
1748212214532.0,0.82196,
1748212214783.0,0.82195,
1748212215148.0,0.82196,
1748212215395.0,0.82195,
1748212215520.0,0.82196,
1748212215772.0,0.82195,
1748212216727.0,0.82196,
1748212216850.0,0.82195,
1748212216986.0,0.82196,0.82225
1748212217233.0,0.82196,
1748212217477.0,0.82195,
1748212217602.0,0.82196,
1748212217852.0,0.82195,
1748212217996.0,0.82196,
1748212218787.0,0.82195,0.82223
1748212218901.0,0.8219,0.82219
1748212219412.0,0.82186,0.82214
1748212219543.0,,0.82213
1748212220377.0,0.82186,
1748212220628.0,0.82185,
1748212220754.0,0.82186,
1748212220879.0,0.82188,0.82212
1748212221925.0,0.82186,0.8221
1748212226563.0,0.82185,0.82209
1748212227235.0,0.82187,0.82211
1748212227723.0,0.82188,0.82212
1748212227974.0,0.82187,0.82211
1748212228383.0,0.82186,0.8221
1748212229146.0,0.8219,0.82214
1748212232409.0,0.82196,0.8222
1748212236384.0,0.82199,0.82223
1748212236798.0,0.82198,0.82222
1748212237050.0,0.82198,0.82222
1748212238141.0,0.82197,0.82221
1748212239923.0,0.82194,0.82218
1748212240687.0,0.82193,0.82217
1748212241443.0,0.82194,0.82218
1748212244933.0,0.82195,0.82219
1748212245760.0,0.82197,0.82221
1748212246017.0,0.82196,0.8222
1748212247954.0,,0.82221
1748212248080.0,,0.8222
1748212248521.0,0.82194,0.82218
1748212249952.0,0.82195,0.82219
1748212250310.0,0.82193,0.82221
1748212250437.0,,0.82222
1748212250560.0,,0.82221
1748212250904.0,0.82192,
1748212251156.0,,0.82222
1748212252780.0,,0.82221
1748212253033.0,,0.82222
1748212253280.0,0.82193,0.82219
1748212253396.0,0.82194,0.82218
1748212253953.0,0.82193,0.82219
1748212254784.0,0.82194,0.82218
1748212255032.0,0.82193,0.82219
1748212255648.0,0.82194,
1748212256782.0,0.82193,0.82221
1748212257156.0,,0.82219
1748212257768.0,0.82192,
1748212257887.0,,0.82217
1748212258391.0,0.82191,0.82218
1748212259022.0,0.8219,0.82219
1748212259266.0,0.82191,0.82218
1748212260171.0,0.8219,0.8222
1748212261273.0,,0.82219
1748212261523.0,0.82191,
1748212261956.0,,0.82219
1748212262206.0,0.8219,0.82221
1748212263643.0,,0.8222
1748212264017.0,0.82189,0.82219
1748212264265.0,0.82187,0.82216
1748212264642.0,0.82187,
1748212266951.0,,0.82217
1748212267200.0,,0.82216
1748212267712.0,,0.82217
1748212267980.0,0.82185,0.82215
1748212268087.0,0.82182,0.82212
1748212268559.0,,0.82211
1748212268685.0,0.82185,0.82214
1748212268809.0,,0.82213
1748212269853.0,,0.82212
1748212270392.0,0.82184,
1748212270508.0,0.82176,0.82205
1748212270820.0,0.82175,0.82206
1748212271506.0,0.82176,0.82205
1748212271628.0,0.82177,0.82204
1748212272384.0,,0.82205
1748212273585.0,,0.82206
1748212273946.0,0.82178,0.82204
1748212275773.0,0.82177,0.82205
1748212275897.0,0.82178,0.82204
1748212276539.0,0.82177,0.82206
1748212277362.0,0.82178,0.82205
1748212277612.0,0.82178,0.82203
1748212278325.0,0.82179,
1748212278578.0,0.82179,
1748212278883.0,0.82178,
1748212279007.0,0.82177,0.82205
1748212279320.0,,0.82207
1748212279571.0,0.82178,0.82205
1748212279826.0,,0.82203
1748212280429.0,0.82177,0.82205
1748212280803.0,0.82177,
1748212281506.0,0.82176,0.82204
1748212282005.0,0.82178,0.82203
1748212282254.0,0.82176,0.82204
1748212283147.0,0.82178,0.82203
1748212283397.0,0.82176,0.82204
1748212284681.0,0.82178,0.82203
1748212284945.0,0.82177,0.82204
1748212285691.0,0.82176,0.82205
1748212285816.0,,0.82204
1748212286064.0,0.82178,0.82203
1748212286313.0,0.82176,0.82204
1748212287412.0,0.82178,0.82203
1748212287662.0,0.82176,0.82204
1748212287944.0,,0.82205
1748212288750.0,0.82178,0.82203
1748212289001.0,0.82178,0.82203
1748212289325.0,,0.82202
1748212289576.0,0.82176,0.82205
1748212289828.0,,0.82204
1748212290402.0,0.82178,0.82202
1748212291210.0,0.82176,0.82204
1748212291580.0,0.82178,0.82203
1748212293156.0,0.82176,0.82204
1748212293891.0,0.82177,0.82205
1748212294010.0,0.82178,0.82208
1748212294943.0,,0.82209
1748212296205.0,,0.82208
1748212298140.0,,0.82209
1748212299874.0,,0.82208
1748212299997.0,0.82175,0.822
1748212300873.0,0.82172,0.82198
1748212301763.0,0.82171,
1748212301885.0,,0.82196
1748212302386.0,0.8217,
1748212302514.0,0.82171,
1748212303888.0,0.8217,
1748212304012.0,0.82165,0.8219
1748212304945.0,,0.82191
1748212305542.0,0.82167,0.82194
1748212306498.0,0.8217,0.82197
1748212308257.0,0.82169,
1748212308578.0,0.8217,
1748212309722.0,,0.82198
1748212309970.0,0.8217,
1748212312004.0,0.82169,
1748212312128.0,0.8217,
1748212312381.0,0.82169,
1748212312732.0,0.8217,
1748212313034.0,0.82169,
1748212314440.0,0.8217,0.82199
1748212317191.0,0.8217,0.822
1748212319121.0,0.82176,0.82204
1748212320163.0,,0.82203
1748212320779.0,0.82177,0.82204
1748212321735.0,0.82173,0.82201
1748212321983.0,,0.82202
1748212322824.0,0.82174,
1748212322948.0,0.82173,
1748212323352.0,,0.82201
1748212323467.0,0.82169,0.82196
1748212323720.0,0.8217,0.82199
1748212329579.0,0.82171,
1748212329953.0,0.82168,0.82196
1748212330202.0,,0.82196
1748212332083.0,,0.82195
1748212332208.0,,0.82193
1748212332339.0,0.82166,
1748212335357.0,,0.82194
1748212335480.0,0.82169,0.82193
1748212335776.0,0.8217,0.82194
1748212337851.0,0.82169,0.82193
1748212338812.0,0.8217,0.82194
1748212340345.0,0.82169,0.82193
1748212340595.0,0.82168,0.82195
1748212341163.0,,0.82192
1748212341414.0,0.82161,0.82187
1748212342190.0,0.8216,
1748212342435.0,0.82161,
1748212342565.0,0.8216,
1748212343417.0,0.82161,
1748212344345.0,0.82163,
1748212350731.0,,0.82188
1748212355249.0,,0.82189
1748212360690.0,,0.82188
1748212362052.0,0.82162,
1748212362428.0,0.82168,
1748212362816.0,0.82166,0.8219
1748212364095.0,0.82167,0.82191
1748212364217.0,0.82166,0.82195
1748212364466.0,0.82166,0.8219
1748212364877.0,0.82165,0.82189
1748212364999.0,0.82164,
1748212365128.0,0.82165,
1748212372154.0,0.82166,0.8219
1748212373154.0,0.82167,0.82191
1748212373597.0,0.82168,0.82192
1748212377774.0,0.82166,0.8219
1748212378024.0,0.82165,0.82189
1748212381136.0,0.82166,0.8219
1748212381387.0,0.82168,0.82192
1748212384204.0,0.82169,0.82194
1748212384817.0,,0.82195
1748212384931.0,0.8217,
1748212390827.0,0.82171,
1748212391319.0,0.82172,0.82196
1748212395349.0,0.82171,0.82195
1748212397883.0,0.82165,0.82189
1748212398025.0,0.82166,0.8219
1748212402246.0,0.82168,0.82193
1748212403191.0,,0.82192
1748212405796.0,0.82169,0.82193
1748212414867.0,0.82172,0.82196
1748212416237.0,0.82174,0.82198
1748212417619.0,0.82176,0.822
1748212417745.0,0.82175,0.82199
1748212419763.0,0.82171,0.82195
1748212436175.0,0.82173,0.82197
1748212436659.0,0.82175,0.82199
1748212437489.0,0.82177,0.82201
1748212438457.0,0.82177,0.82201
1748212438591.0,0.82179,0.82203
1748212445816.0,0.8218,0.82204
1748212454056.0,0.82179,0.82203
1748212456132.0,,0.82204
1748212456385.0,0.8218,0.82205
1748212459331.0,0.82181,0.82206
1748212460512.0,0.8218,0.82208
1748212465417.0,0.82179,
1748212465543.0,0.82177,
1748212465973.0,0.82179,0.82207
1748212467335.0,0.8218,0.82206
1748212467953.0,0.82179,0.82207
1748212468332.0,,0.82209
1748212468583.0,,0.82207
1748212469572.0,0.82181,
1748212470887.0,0.8218,0.82209
1748212471001.0,0.82181,0.82207
1748212471139.0,0.82179,
1748212471250.0,,0.82209
1748212471388.0,0.8218,0.82207
1748212472085.0,0.82181,
1748212472206.0,0.82182,0.82208
1748212474334.0,0.82181,0.82209
1748212474893.0,0.82182,0.82208
1748212480436.0,0.82181,
1748212480547.0,0.8218,
1748212481098.0,0.82181,
1748212482427.0,0.82179,0.82207
1748212484653.0,,0.82206
1748212484771.0,0.82182,0.82208
1748212488333.0,0.82183,0.82207
1748212488826.0,0.82182,0.82206
1748212488932.0,0.82181,0.82205
1748212489426.0,0.82179,0.82208
1748212489564.0,0.8218,
1748212489681.0,0.82181,
1748212490065.0,,0.82211
1748212490318.0,0.82183,
1748212490420.0,0.82186,0.8221
1748212492332.0,0.82184,0.82212
1748212493335.0,0.82186,0.8221
1748212496334.0,0.82184,0.82212
1748212497334.0,0.82186,0.8221
1748212499482.0,,0.82211
1748212500313.0,0.82187,
1748212500418.0,0.82185,0.82212
1748212501125.0,0.82187,0.82211
1748212501374.0,0.82185,0.82212
1748212501748.0,0.82183,
1748212501874.0,0.82185,
1748212504680.0,0.82184,
1748212510334.0,0.82186,0.82211
1748212510584.0,,0.82211
1748212511333.0,0.82185,0.8221
1748212511458.0,,0.82209
1748212512058.0,0.82186,0.8221
1748212514889.0,0.82185,0.82209
1748212516689.0,0.82184,0.82208
1748212516783.0,0.82181,0.82205
1748212518837.0,0.82183,0.82207
1748212519002.0,0.82184,0.82208
1748212520874.0,0.82182,0.82206
1748212521011.0,0.82184,0.82208
1748212524169.0,0.82181,0.82205
1748212527084.0,0.82182,0.82206
1748212527229.0,0.82184,0.82208
1748212530071.0,0.82186,0.8221
1748212530330.0,,0.82211
1748212532633.0,0.82188,0.82215
1748212533174.0,0.82187,0.82214
1748212537386.0,0.82185,0.82209
1748212550773.0,0.82184,0.82208
1748212552712.0,,0.82209
1748212553873.0,,0.82208
1748212554822.0,,0.82209
1748212558702.0,0.82185,0.82214
1748212561253.0,0.82187,0.82215
1748212561503.0,0.82188,
1748212567001.0,0.82187,0.82214
1748212570533.0,0.82189,0.82213
1748212571121.0,0.82191,0.82215
1748212572245.0,0.82192,0.82216
1748212578965.0,0.82196,0.8222
1748212581034.0,0.82195,0.82219
1748212581159.0,0.82193,0.82217
1748212582260.0,0.82192,0.82216
1748212582510.0,0.82193,0.82217
1748212590480.0,0.82198,0.82222
1748212592416.0,0.82197,0.82221
1748212598014.0,0.822,0.82224
1748212600956.0,0.82201,0.82225
1748212601080.0,0.822,0.82224
1748212602707.0,0.82201,0.82225
1748212604869.0,0.82202,0.82226
1748212604968.0,0.82204,0.82228
1748212609797.0,0.82203,0.82229
1748212611116.0,0.82204,0.82228
1748212613561.0,0.82201,0.82225
1748212613810.0,0.82202,0.82226
1748212614461.0,0.82201,0.82225
1748212617891.0,0.82202,0.82226
1748212618282.0,0.82203,
1748212620954.0,0.822,0.82224
1748212621702.0,0.82199,0.82223
1748212622563.0,0.82194,0.82218
1748212623908.0,0.82195,0.82219
1748212624034.0,0.82196,0.8222
1748212625105.0,0.82197,0.82221
1748212625862.0,0.82198,0.82222
1748212626112.0,0.82197,0.82221
1748212627883.0,0.82199,0.82223
1748212638137.0,0.82195,0.82219
1748212642743.0,0.82196,0.8222
1748212642848.0,0.82198,0.82222
1748212643968.0,0.82197,0.82221
1748212649409.0,0.82195,0.82219
1748212651636.0,0.82193,0.82217
1748212654399.0,0.82192,0.82216
1748212654522.0,0.82191,0.82215
1748212657790.0,0.8219,0.82214
1748212666650.0,0.82192,0.82216
1748212666769.0,0.82194,0.82218
1748212668317.0,0.82193,0.82217
1748212670246.0,0.82198,0.82223
1748212670655.0,0.822,0.82226
1748212671168.0,,0.82224
1748212671294.0,0.82198,0.82222
1748212671678.0,0.82197,0.82221
1748212671795.0,0.82194,0.82218
1748212671924.0,0.82195,0.82219
1748212672697.0,0.82197,0.82221
1748212674348.0,0.82195,
1748212674483.0,0.82196,0.8222
1748212675982.0,0.82195,0.82222
1748212676357.0,0.82195,
1748212676608.0,0.82195,
1748212677746.0,0.82198,
1748212677858.0,0.82197,0.82223
1748212678620.0,0.82198,0.82222
1748212680181.0,0.8219,0.82214
1748212680351.0,0.82191,0.82215
1748212685273.0,0.82192,0.82216
1748212685523.0,0.82191,0.82215
1748212687808.0,0.8219,0.82214
1748212690150.0,,0.82213
1748212690400.0,0.82188,0.82212
1748212690533.0,0.82186,0.8221
1748212690779.0,,0.82212
1748212691029.0,0.82185,0.8221
1748212692803.0,0.82186,
1748212693049.0,0.82189,0.82215
1748212694334.0,,0.82214
1748212694441.0,0.82187,0.82212
1748212695348.0,,0.82211
1748212695675.0,,0.82212
1748212696714.0,,0.82211
1748212696836.0,0.8219,0.82214
1748212697214.0,,0.82214
1748212697462.0,,0.82215
1748212697882.0,0.82191,0.82216
1748212698003.0,0.82193,0.82217
1748212701236.0,0.82191,
1748212702973.0,0.82193,
1748212709424.0,0.82194,0.82218
1748212713820.0,0.82193,
1748212713932.0,,0.82217
1748212714187.0,0.82197,0.82221
1748212715220.0,0.82195,0.82219
1748212715475.0,0.82191,0.82215
1748212716775.0,0.82187,0.82211
1748212718583.0,0.82188,0.82212
1748212722445.0,0.82187,0.82211
1748212725018.0,0.82188,0.82212
1748212727088.0,0.82193,0.82217
1748212730639.0,0.82194,0.82218
1748212731465.0,0.82192,0.82216
1748212731595.0,0.82191,0.82215
1748212739102.0,0.8219,0.82214
1748212739715.0,0.82186,0.8221
1748212742414.0,0.82185,0.82209
1748212749402.0,0.82187,0.82211
1748212751203.0,0.82186,0.8221
1748212752358.0,0.82185,0.82209
1748212754216.0,0.82184,0.82208
1748212756098.0,,0.8221
1748212760204.0,0.8218,0.82204
1748212765583.0,0.8218,0.82204
1748212765708.0,0.82181,0.82205
1748212766593.0,0.82183,0.82207
1748212766842.0,0.82183,0.82207
1748212770104.0,0.82182,0.82206
1748212773443.0,0.82184,0.82208
1748212774874.0,0.82187,0.82211
1748212780896.0,0.82188,0.82212
1748212781605.0,0.82189,0.82213
1748212782330.0,0.82191,0.82215
1748212790655.0,0.82189,0.82213
1748212791989.0,0.8219,0.82214
1748212798150.0,0.82191,0.82215
1748212804548.0,0.82192,0.82216
1748212807006.0,0.82191,0.82215
1748212810945.0,0.82189,0.82213
1748212816405.0,0.82191,0.82215
1748212816654.0,0.8219,0.82214
1748212819464.0,0.82184,0.82208
1748212820878.0,0.82183,0.82207
1748212821572.0,0.82184,0.82208
1748212827492.0,0.82185,0.82209
1748212827867.0,0.82184,0.82208
1748212831813.0,0.82185,0.82209
1748212835794.0,0.82184,0.82208
1748212835918.0,0.82186,0.8221
1748212836043.0,0.82185,0.82209
1748212836176.0,0.82187,0.82211
1748212865846.0,0.82185,0.82209
1748212866089.0,0.8218,0.82204
1748212868732.0,0.82181,0.82205
1748212869769.0,0.82184,0.82208
1748212870909.0,0.82183,0.82207
1748212871031.0,0.82181,0.82205
1748212872099.0,0.82179,0.82203
1748212876493.0,0.8218,0.82204
1748212878809.0,0.82183,0.82207
1748212879059.0,0.82182,0.82206
1748212879557.0,0.8218,0.82204
1748212881003.0,0.82179,0.82203
1748212885862.0,0.82173,0.82197
1748212886113.0,0.82174,0.82198
1748212886236.0,0.82173,0.82197
1748212889307.0,0.82174,0.82198
1748212889585.0,0.82173,0.82197
1748212890303.0,0.82174,0.82198
1748212891523.0,0.82173,0.82197
1748212893046.0,0.82172,0.82196
1748212893294.0,0.82165,0.82189
1748212893421.0,0.82163,0.82187
1748212893654.0,0.82162,0.82186
1748212893777.0,0.82159,0.82183
1748212897392.0,0.82158,0.82182
1748212898149.0,0.82159,0.82183
1748212900345.0,0.8216,0.82184
1748212903476.0,0.82163,0.82187
1748212908684.0,0.82162,0.82186
1748212909613.0,0.82163,0.82187
1748212911862.0,0.82161,0.82185
1748212914694.0,0.82163,0.82187
1748212919771.0,0.82162,0.82186
1748212921355.0,0.82163,0.82187
1748212922686.0,0.82162,0.82186
1748212922810.0,0.82153,0.82177
1748212923060.0,0.82146,0.8217
1748212923310.0,0.82143,0.82167
1748212926197.0,0.82146,0.8217
1748212934198.0,0.8215,0.82174
1748212934557.0,0.82149,0.82173
1748212941683.0,0.82152,0.82176
1748212942052.0,0.82153,0.82177
1748212942428.0,0.82154,0.82178
1748212945111.0,0.82153,0.82177
1748212945216.0,0.82152,0.82176
1748212946684.0,0.8215,0.82174
1748212946767.0,0.82149,0.82173
1748212947733.0,0.82148,0.82172
1748212948306.0,0.82149,0.82173
1748212951379.0,0.82153,0.82177
1748212953612.0,0.82152,0.82176
1748212956112.0,0.82149,0.82173
1748212975206.0,0.82155,0.82179
1748212975711.0,0.82154,0.82178
1748212978814.0,0.82155,0.82179
1748212978937.0,0.82159,0.82183
1748212979935.0,0.8216,0.82184
1748212980186.0,0.82161,0.82185
1748212983123.0,0.82165,0.82189
1748212987678.0,0.82167,0.82191
1748212989807.0,0.82165,0.82189
1748212990320.0,0.82163,0.82187
1748212997108.0,0.82162,0.82186
1748212997202.0,0.82161,0.82185
1748213001855.0,0.82162,0.82186
1748213004148.0,0.82163,0.82187
1748213004275.0,0.82165,0.82189
1748213007943.0,0.82166,0.8219
1748213010892.0,0.82165,0.82189
1748213013130.0,0.82163,0.82187
1748213013982.0,0.8216,0.82184
1748213018811.0,0.82161,0.82185
1748213018931.0,0.82164,0.82188
1748213019182.0,0.82163,0.82187
1748213019556.0,0.82162,0.82186
1748213020490.0,0.82163,0.82187
1748213031181.0,0.82165,0.82189
1748213031431.0,0.82164,0.82188
1748213031806.0,0.82163,0.82187
1748213035518.0,0.8216,0.82184
1748213037106.0,0.8216,0.82184
1748213064947.0,0.82161,0.82185
1748213065070.0,0.82163,0.82187
1748213065196.0,0.82165,0.82189
1748213070629.0,0.82178,0.82202
1748213070750.0,0.82181,0.82205
1748213070878.0,0.82182,0.82206
1748213072350.0,0.82185,0.82209
1748213074577.0,0.82183,
1748213074678.0,0.8218,0.82204
1748213075628.0,0.82181,0.82205
1748213081706.0,0.82183,0.82207
1748213105085.0,0.82182,0.82206
1748213107694.0,0.82185,0.82209
1748213109251.0,0.82192,0.82216
1748213110420.0,0.82195,0.82219
1748213112864.0,0.82194,0.82218
1748213112987.0,0.82191,0.82215
1748213116571.0,0.82194,0.82218
1748213118514.0,0.82193,0.82217
1748213123219.0,0.82186,0.8221
1748213123343.0,0.82184,0.82208
1748213128440.0,0.82183,0.82207
1748213131985.0,0.82179,0.82203
1748213132233.0,0.82177,0.82201
1748213136180.0,0.82176,0.822
1748213136592.0,0.82174,0.82198
1748213167605.0,0.82166,0.8219
1748213167855.0,0.82163,0.82187
1748213179174.0,0.82167,0.82191
1748213183208.0,0.82169,0.82193
1748213187114.0,0.82166,0.8219
1748213187245.0,0.82167,0.82191
1748213192465.0,0.82169,0.82193
1748213194689.0,0.82168,0.82192
1748213194808.0,0.82166,0.8219
1748213202318.0,0.82164,0.82188
1748213219424.0,0.82161,0.82185
1748213219676.0,0.82162,0.82186
1748213225300.0,0.82161,0.82185
1748213234491.0,0.82165,0.82189
1748213234738.0,0.82169,0.82193
1748213235118.0,0.82168,0.82192
1748213235667.0,0.82167,0.82191
1748213238838.0,0.82168,0.82192
1748213240435.0,0.82167,0.82191
1748213242646.0,0.82165,0.82189
1748213242895.0,0.82164,0.82188
1748213244855.0,0.82163,0.82187
1748213247726.0,0.82162,0.82186
1748213248101.0,0.82163,0.82187
1748213248486.0,0.82162,0.82186
1748213248609.0,0.8216,0.82184
1748213265034.0,0.82158,0.82182
1748213269947.0,0.8216,0.82184
1748213277142.0,0.82159,0.82183
1748213277264.0,0.82157,0.82181
1748213282115.0,0.82158,0.82182
1748213285415.0,0.82157,0.82181
1748213296016.0,0.82156,0.8218
1748213311448.0,0.82157,0.82181
1748213311825.0,0.82158,0.82182
1748213312867.0,0.82159,0.82183
1748213313112.0,0.82163,0.82187
1748213316672.0,0.82162,0.82186
1748213321237.0,0.82161,0.82185
1748213327904.0,0.82157,0.82181
1748213341165.0,0.82158,0.82182
1748213341286.0,0.82159,0.82183
1748213345572.0,0.82161,0.82185
1748213348042.0,0.82163,0.82187
1748213352923.0,0.82164,0.82188
1748213367858.0,0.82159,0.82183
1748213370846.0,0.8216,0.82184
1748213373278.0,0.82159,0.82183
1748213373522.0,0.8216,0.82184
1748213379679.0,0.82166,0.8219
1748213379921.0,0.82167,0.82191
1748213380242.0,0.82166,0.8219
1748213380484.0,0.82161,0.82185
1748213382586.0,0.82163,0.82187
1748213382710.0,0.82164,0.82188
1748213386475.0,0.82165,0.82189
1748213391269.0,0.82166,0.8219
1748213398883.0,0.82164,0.82188
1748213401092.0,0.82163,0.82187
1748213405852.0,0.82164,0.82188
1748213406101.0,0.82165,0.82189
1748213406674.0,0.82166,0.8219
1748213406793.0,0.8217,0.82194
1748213417186.0,0.82171,0.82195
1748213417722.0,0.82172,0.82196
1748213417846.0,0.82177,0.82201
1748213433386.0,0.82176,0.822
1748213433501.0,0.82171,0.82195
1748213436414.0,0.82172,0.82196
1748213436895.0,0.82171,0.82195
1748213440625.0,0.82168,0.82192
1748213440753.0,0.82167,0.82191
1748213443741.0,0.82166,0.82196
1748213445053.0,0.8217,0.82199
1748213445178.0,,0.822
1748213446670.0,0.82171,
1748213446787.0,0.82172,0.82201
1748213447546.0,0.82171,
1748213447660.0,0.82172,
1748213450342.0,0.82171,
1748213450445.0,0.82173,0.82202
1748213451069.0,0.82175,0.82205
1748213451314.0,0.82174,
1748213458569.0,0.82174,
1748213460632.0,0.82175,0.82203
1748213460749.0,,0.82204
1748213461209.0,,0.82205
1748213462204.0,,0.82204
1748213462454.0,0.82171,
1748213462705.0,,0.82201
1748213463363.0,0.82172,
1748213463485.0,0.82173,0.82202
1748213463806.0,,0.82203
1748213463926.0,,0.82202
1748213466862.0,,0.82203
1748213466992.0,0.82172,
1748213467510.0,0.82173,0.82202
1748213471113.0,0.82171,0.82201
1748213471246.0,0.82166,0.82195
1748213471363.0,0.82164,0.82194
1748213472157.0,0.82165,
1748213472407.0,0.82164,
1748213474991.0,0.8216,0.8219
1748213475927.0,0.82161,0.82191
1748213476050.0,0.82165,0.82194
1748213476425.0,0.82164,
1748213476675.0,0.82165,
1748213476801.0,0.82164,
1748213478168.0,0.82165,
1748213478506.0,0.82164,
1748213478633.0,0.82165,
1748213479542.0,0.82164,
1748213479793.0,0.82165,
1748213481088.0,0.82164,
1748213481213.0,0.82165,
1748213482051.0,0.82164,
1748213482172.0,0.82165,
1748213482856.0,0.82169,0.82198
1748213485048.0,0.82168,
1748213485421.0,0.82167,0.82197
1748213486421.0,0.82168,
1748213490239.0,0.82167,
1748213491686.0,0.82168,
1748213491798.0,0.82171,0.82201
1748213491932.0,0.82172,
1748213492934.0,0.82171,
1748213494004.0,0.82172,
1748213494118.0,0.82173,
1748213495755.0,0.82172,
1748213497927.0,0.82173,
1748213498054.0,0.82171,
1748213498303.0,0.82171,
1748213502363.0,0.82172,
1748213506508.0,0.82171,
1748213509495.0,0.8217,0.822
1748213514586.0,0.82169,0.82199
1748213519841.0,0.8217,
1748213524792.0,0.82169,
1748213524903.0,0.8217,
1748213529793.0,0.8217,
1748213530043.0,0.82169,
1748213531109.0,0.8217,
1748213536308.0,0.82171,0.822
1748213536415.0,,0.82201
1748213538709.0,,0.822
1748213538826.0,0.8217,0.82199
1748213538960.0,0.82171,0.822
1748213539077.0,,0.82201
1748213539861.0,0.82172,
1748213539981.0,0.82174,0.82204
1748213540757.0,0.82176,0.82205
1748213540868.0,0.82177,
1748213542468.0,,0.82206
1748213567898.0,0.82176,0.82205
1748213571614.0,0.82171,0.822
1748213571863.0,0.82174,0.82203
1748213576818.0,0.82173,
1748213578948.0,,0.82202
1748213579072.0,,0.82201
1748213580593.0,0.82183,0.82209
1748213580845.0,0.82165,0.82192
1748213581094.0,0.82165,0.82192
1748213581343.0,0.82182,0.82209
1748213581469.0,0.82164,0.82192
1748213581594.0,0.82173,0.82202
1748213583460.0,,0.82201
1748213585968.0,,0.82202
1748213592357.0,,0.82203
1748213594761.0,0.82174,
1748213594866.0,0.82177,0.82206
1748213605048.0,0.82179,0.82207
1748213608321.0,0.82178,0.82208
1748213608441.0,0.82179,0.82207
1748213619099.0,0.8218,
1748213620305.0,,0.82208
1748213632315.0,0.82187,0.82214
1748213632559.0,0.82187,
1748213632806.0,0.82186,
1748213633381.0,0.82187,
1748213637491.0,0.82186,
1748213639340.0,0.82184,0.82213
1748213640676.0,0.82185,
1748213655648.0,0.82184,
1748213656910.0,0.82185,0.82212
1748213660115.0,,0.82213
1748213660242.0,0.82186,0.82214
1748213671799.0,0.82185,
1748213671926.0,0.82183,0.82209
1748213675678.0,0.82182,0.82211
1748213676397.0,,0.8221
1748213676709.0,,0.82211
1748213676835.0,,0.82209
1748213678936.0,0.82174,0.82202
1748213679968.0,0.82176,0.82203
1748213680091.0,0.82175,0.82202
1748213686521.0,,0.82203
1748213692486.0,0.82172,0.822
1748213694928.0,0.82171,0.82201
1748213695375.0,0.82172,0.82202
1748213695501.0,0.82173,0.82201
1748213697062.0,0.82174,
1748213697150.0,0.82175,0.82203
1748213700617.0,0.82178,0.82206
1748213705893.0,0.82177,0.82205
1748213707395.0,0.82176,0.82203
1748213711522.0,,0.82204
1748213711634.0,0.82178,0.82206
1748213712541.0,0.82177,0.82205
1748213717950.0,,0.82206
1748213720736.0,,0.82205
1748213720852.0,0.82175,0.82203
1748213721797.0,0.82176,
1748213724611.0,,0.82204
1748213727451.0,,0.82204
1748213729108.0,,0.82203
1748213730877.0,,0.82204
1748213733001.0,0.82177,0.82205
1748213735840.0,0.82176,0.82204
1748213735952.0,,0.82203
1748213736622.0,,0.82202
1748213738498.0,,0.82203
1748213743895.0,0.82177,
1748213744019.0,,0.82205
1748213744797.0,,0.82206
1748213746648.0,0.82178,
1748213753378.0,0.82177,
1748213753496.0,,0.82205
1748213755820.0,0.82176,0.82203
1748213758012.0,0.82175,0.82202
1748213758934.0,0.82176,
1748213759196.0,0.82175,
1748213767331.0,0.82174,
1748213769492.0,0.82171,0.822
1748213769623.0,,0.82199
1748213778547.0,0.82172,0.822
1748213782713.0,0.82171,
1748213784882.0,0.82172,
1748213785130.0,0.82173,0.82201
1748213790684.0,0.82172,0.822
1748213791652.0,0.82171,0.82199
1748213793217.0,0.82173,0.82201
1748213793871.0,0.82174,0.82202
1748213800803.0,0.82173,0.82201
1748213801053.0,0.8216,0.82186
1748213803097.0,0.82159,
1748213803997.0,0.82158,
1748213807791.0,0.82157,0.82185
1748213811149.0,0.82155,0.82182
1748213811397.0,,0.82183
1748213812668.0,,0.82182
1748213817778.0,0.82154,
1748213820124.0,0.82155,
1748213820366.0,0.8216,0.82189
1748213824988.0,0.82159,
1748213825114.0,0.8216,
1748213830115.0,0.82161,0.82188
1748213830244.0,0.82158,0.82185
1748213830364.0,0.82157,0.82182
1748213830613.0,,0.82183
1748213835209.0,0.82156,
1748213837693.0,0.82153,0.8218
1748213839195.0,0.82152,0.82179
1748213846898.0,0.82151,0.82178
1748213847001.0,0.82147,0.82174
1748213847251.0,,0.82175
1748213847703.0,0.82148,
1748213847810.0,0.8215,0.82178
1748213850099.0,0.82151,0.8218
1748213850224.0,0.82153,0.82182
1748213853739.0,0.82152,0.82181
1748213855346.0,0.82153,0.82182
1748213855940.0,,0.82181
1748213856550.0,,0.8218
1748213858071.0,0.82151,0.82178
1748213860534.0,,0.82179
1748213860654.0,0.82152,0.8218
1748213864360.0,0.82151,0.82182
1748213864479.0,0.82154,
1748213868378.0,0.82155,
1748213868632.0,0.82159,0.82186
1748213868888.0,0.82162,0.82189
1748213871048.0,0.82161,
1748213871670.0,0.82162,
1748213871792.0,0.82164,0.82192
1748213874657.0,0.82163,0.8219
1748213874786.0,0.82162,
1748213879075.0,,0.82189
1748213879330.0,0.82161,
1748213879985.0,0.82162,0.8219
1748213880081.0,0.82164,0.82191
1748213884638.0,0.82162,0.8219
1748213884741.0,0.82161,0.82189
1748213885714.0,0.8216,0.82187
1748213902589.0,0.82159,
1748213902694.0,0.82158,0.82185
1748213903516.0,0.82157,0.82184
1748213903635.0,0.82154,0.82181
1748213906229.0,,0.82182
1748213906335.0,,0.82181
1748213906838.0,,0.82182
1748213906962.0,0.82155,
1748213909308.0,0.82157,0.82184
1748213909559.0,0.82159,0.82186
1748213909683.0,0.82158,0.82185
1748213909936.0,,0.82186
1748213911585.0,0.82159,0.82185
1748213912138.0,0.82155,0.8218
1748213919691.0,0.82156,0.82181
1748213924000.0,0.82155,0.8218
1748213925848.0,0.82154,
1748213934398.0,0.82156,
1748213934522.0,0.82159,0.82184
1748213935844.0,0.82158,0.82183
1748213939315.0,0.82159,0.82184
1748213941037.0,0.82158,
1748213941167.0,0.82155,0.82181
1748213942511.0,0.82154,
1748213945464.0,0.82155,0.82182
1748213949413.0,,0.82183
1748213949663.0,0.82156,
1748213949918.0,0.82163,0.8219
1748213951614.0,0.82159,0.82187
1748213967832.0,0.82158,0.82186
1748213968075.0,,0.82184
1748213982335.0,0.82158,0.82186
1748213982463.0,0.8216,0.82187
1748213982844.0,0.82158,0.82185
1748213983771.0,,0.82186
1748213984800.0,0.82157,0.82188
1748213984920.0,0.82159,0.82187
1748213985704.0,0.82164,0.82192
1748213986632.0,0.82165,
1748213991347.0,0.82166,0.82193
1748213991472.0,,0.82195
1748213991989.0,0.82167,0.82194
1748213994016.0,0.82168,
1748213994142.0,0.82169,0.82196
1748213996044.0,0.8217,0.82197
1748213996162.0,0.82172,0.82199
1748214000182.0,0.82165,0.82192
1748214001034.0,0.82166,
1748214001273.0,0.82171,0.82201
1748214001524.0,0.82176,0.82202
1748214002202.0,0.82175,
1748214002327.0,,0.82203
1748214004251.0,0.82176,0.82204
1748214004373.0,0.82175,0.82203
1748214004502.0,0.82176,0.82204
1748214004751.0,0.82178,0.82202
1748214005499.0,0.82177,0.82201
1748214006144.0,0.82181,0.82205
1748214006680.0,,0.82206
1748214006818.0,0.82179,0.82203
1748214008213.0,0.8218,0.82204
1748214011210.0,0.82178,0.82202
1748214011688.0,0.82179,0.82203
1748214017193.0,0.8218,0.82204
1748214017493.0,0.82179,0.82203
1748214021947.0,0.82178,0.82202
1748214022065.0,0.82173,0.82197
1748214022790.0,0.82179,0.82203
1748214025296.0,0.82178,0.82202
1748214025546.0,0.82179,0.82203
1748214026857.0,0.82178,0.82202
1748214030890.0,0.82177,0.82201
1748214031016.0,0.82175,0.82199
1748214037305.0,0.82173,0.82197
1748214040572.0,0.82171,0.82195
1748214049569.0,0.8217,0.82194
1748214049685.0,0.82172,0.82196
1748214049934.0,0.8217,0.82194
1748214053038.0,0.82171,0.82195
1748214061424.0,0.82172,0.82196
1748214061542.0,0.82173,0.82197
1748214064358.0,0.82174,0.82198
1748214064471.0,0.82176,0.822
1748214067451.0,0.82179,0.82203
1748214080299.0,0.82181,0.82205
1748214081882.0,0.82182,0.82206
1748214081988.0,0.82185,0.82209
1748214089215.0,0.82184,0.82208
1748214091116.0,0.82185,0.82209
1748214091369.0,0.82186,0.8221
1748214091835.0,0.82185,0.82209
1748214092373.0,0.82184,0.82208
1748214097194.0,0.82185,0.82209
1748214102836.0,0.82186,0.8221
1748214104650.0,0.82185,0.82209
1748214104893.0,0.82186,0.8221
1748214109112.0,0.82185,0.82209
1748214112279.0,0.82187,0.82211
1748214116117.0,0.82188,0.82212
1748214116764.0,0.82189,0.82213
1748214119883.0,0.82188,0.82212
1748214120260.0,0.8219,0.82214
1748214120520.0,0.82191,0.82215
1748214120661.0,0.82192,0.82216
1748214122157.0,0.82193,0.82217
1748214123310.0,0.82194,0.82218
1748214123432.0,0.82199,0.82223
1748214123563.0,0.82201,0.82225
1748214124379.0,0.82198,0.82222
1748214125874.0,0.82199,0.82223
1748214126677.0,0.82198,0.82222
1748214128246.0,0.82197,0.82221
1748214128362.0,0.82192,0.82216
1748214128814.0,0.82194,0.82218
1748214133084.0,0.82193,0.82217
1748214133215.0,0.82192,0.82216
1748214135186.0,0.82191,0.82215
1748214138423.0,0.8219,0.82214
1748214139018.0,0.82191,0.82215
1748214144083.0,0.82192,0.82216
1748214144211.0,0.82191,0.82215
1748214144981.0,0.82189,0.82213
1748214146194.0,0.8219,0.82214
1748214146312.0,0.82193,0.82217
1748214156665.0,0.82189,0.82213
1748214165416.0,0.8219,0.82214
1748214165529.0,0.82192,0.82216
1748214182291.0,0.82193,0.82217
1748214182415.0,0.82192,0.82216
1748214190292.0,0.82192,0.82216
1748214192543.0,0.82191,0.82215
1748214199819.0,0.8219,0.82214
1748214201506.0,0.82189,0.82213
1748214201629.0,0.82185,0.82209
1748214202932.0,0.82186,0.8221
1748214204103.0,0.82185,0.82209
1748214204228.0,0.82183,0.82207
1748214213610.0,0.82182,0.82206
1748214226447.0,0.82184,0.82208
1748214233803.0,0.82186,0.8221
1748214234053.0,0.82187,0.82211
1748214234304.0,0.82186,0.8221
1748214235281.0,0.82184,0.82208
1748214246701.0,0.82185,0.82209
1748214246822.0,0.82186,0.8221
1748214246950.0,0.82185,0.82209
1748214253332.0,0.82186,0.8221
1748214253455.0,0.82187,0.82211
1748214255109.0,0.82186,0.8221
1748214261541.0,0.82187,0.82211
1748214261791.0,0.82186,0.8221
1748214263814.0,0.82185,0.82209
1748214266014.0,0.82184,0.82208
1748214266235.0,0.82185,0.82209
1748214289808.0,0.82184,0.82208
1748214290056.0,0.82183,0.82207
1748214299847.0,0.82182,0.82206
1748214303581.0,0.82183,0.82207
1748214315207.0,0.82185,0.82209
1748214315833.0,0.82183,0.82207
1748214316335.0,0.82184,0.82208
1748214323403.0,0.82182,0.82206
1748214328864.0,0.82183,0.82207
1748214332398.0,0.82184,0.82208
1748214333556.0,0.82185,0.82209
1748214345754.0,0.82186,0.8221
1748214345874.0,0.82188,0.82212
1748214346124.0,0.82193,0.82217
1748214346373.0,0.82194,0.82218
1748214349457.0,0.82195,0.82219
1748214349567.0,0.82197,0.82221
1748214349817.0,0.82203,0.82227
1748214351313.0,0.82202,0.82226
1748214351427.0,0.82197,0.82221
1748214351855.0,0.82196,0.8222
1748214352855.0,0.82197,0.82221
1748214355524.0,0.82199,0.82223
1748214357672.0,0.82198,0.82222
1748214358556.0,0.82197,0.82221
1748214362150.0,0.82191,0.82215
1748214371247.0,0.82192,0.82216
1748214372912.0,0.82191,0.82215
1748214374146.0,0.82192,0.82216
1748214374396.0,0.82191,0.82215
1748214384502.0,0.82192,0.82216
1748214390584.0,0.82191,0.82215
1748214395359.0,0.82192,0.82216
1748214395735.0,0.82191,0.82215
1748214405896.0,0.82192,0.82216
1748214419569.0,0.82191,0.82215
1748214437418.0,0.8219,0.82214
1748214437663.0,0.82181,0.82205
1748214438454.0,0.82181,0.82205
1748214438567.0,0.82182,0.82206
1748214462760.0,0.82177,0.82201
1748214464292.0,0.82176,0.822
1748214466604.0,0.82177,0.82201
1748214469384.0,0.82178,0.82202
1748214469926.0,0.82177,0.82201
1748214470051.0,0.82178,0.82202
1748214470393.0,0.82179,0.82203
1748214478725.0,0.82178,0.82202
1748214478843.0,0.82176,0.822
1748214480336.0,0.82177,0.82201
1748214487103.0,0.82178,0.82202
1748214497699.0,0.82177,0.82201
1748214505042.0,0.82176,0.822
1748214505135.0,0.82175,0.82199
1748214505626.0,0.82172,0.82196
1748214509684.0,0.8217,0.82194
1748214510337.0,0.82171,0.82195
1748214514098.0,0.8217,0.82194
1748214519181.0,0.82171,0.82195
1748214521553.0,0.8217,0.82194
1748214521673.0,0.82171,0.82195
1748214524548.0,0.8217,0.82194
1748214524797.0,0.82171,0.82195
1748214525312.0,0.82173,0.82197
1748214533986.0,0.82172,0.82196
1748214534112.0,0.82171,0.82195
1748214542361.0,0.8217,0.82194
1748214550789.0,0.82173,0.82197
1748214555503.0,0.82177,0.82201
1748214560381.0,0.82176,0.822
1748214560616.0,0.82177,0.82201
1748214560869.0,0.82176,0.822
1748214561864.0,0.82177,0.82201
1748214564218.0,0.82176,0.822
1748214564466.0,0.82177,0.82201
1748214564997.0,0.82176,0.822
1748214565122.0,0.82177,0.82201
1748214565247.0,0.82176,0.822
1748214565498.0,0.82177,0.82201
1748214570757.0,0.82176,0.822
1748214574729.0,0.82175,0.82199
1748214574855.0,0.82176,0.822
1748214575758.0,0.82175,0.82199
1748214576006.0,0.82174,0.82198
1748214588013.0,0.82175,0.82199
1748214588122.0,0.82173,0.82197
1748214600224.0,0.82174,0.82198
1748214605367.0,0.82173,0.82197
1748214605770.0,0.82172,0.82196
1748214605870.0,0.82163,0.82187
1748214606363.0,0.82161,0.82185
1748214606652.0,0.82162,0.82186
1748214616104.0,0.82163,0.82187
1748214616228.0,0.82166,0.8219
1748214617970.0,0.82165,0.82189
1748214618604.0,0.82166,0.8219
1748214621387.0,0.82165,0.82189
1748214622144.0,0.8217,0.82194
1748214622660.0,0.82169,0.82193
1748214628874.0,0.82168,0.82192
1748214628974.0,0.82167,0.82191
1748214635326.0,0.82166,0.8219
1748214637754.0,0.82167,0.82191
1748214640366.0,0.82166,0.8219
1748214640485.0,0.82164,0.82188
1748214645930.0,0.82161,0.82185
1748214658481.0,0.8216,0.82184
1748214658582.0,0.82158,0.82182
1748214661115.0,0.82157,0.82181
1748214667334.0,0.82156,0.8218
1748214667435.0,0.82155,0.82179
1748214670533.0,0.82156,0.8218
1748214675612.0,0.82155,0.82179
1748214678001.0,0.82153,0.82177
1748214679441.0,0.82155,0.82179
1748214709561.0,,0.82182
1748214709681.0,0.82153,0.82184
1748214722633.0,,0.82183
1748214722748.0,0.82152,0.82181
1748214726953.0,0.82154,0.82178
1748214730206.0,0.82155,0.82179
1748214735434.0,0.82156,0.8218
1748214738152.0,0.82157,0.82181
1748214764565.0,0.82159,0.82183
1748214764941.0,0.8216,0.82184
1748214765658.0,0.82159,0.82183
1748214769293.0,0.8216,0.82184
1748214781223.0,0.82158,0.82182
1748214783433.0,0.82151,0.82175
1748214813521.0,0.82152,0.82176
1748214828153.0,0.82144,0.82168
1748214828280.0,0.8214,0.82164
1748214829414.0,0.82145,0.82169
1748214831207.0,0.82139,0.82163
1748214831332.0,0.82143,0.82167
1748214837356.0,0.82144,0.82168
1748214837477.0,0.82147,0.82171
1748214842605.0,0.82148,0.82172
1748214842718.0,0.82153,0.82177
1748214843309.0,0.82157,0.82181
1748214845059.0,0.82156,0.8218
1748214846720.0,0.82155,0.82179
1748214847947.0,0.82152,0.82176
1748214849602.0,0.82151,0.82175
1748214851105.0,0.82152,0.82176
1748214857366.0,0.82153,0.82177
1748214866335.0,0.82156,0.8218
1748214868630.0,0.82155,0.82179
1748214868872.0,0.82158,0.82182
1748214891048.0,0.82157,0.82181
1748214891174.0,0.82156,0.8218
1748214903638.0,0.82157,0.82181
1748214918154.0,0.82156,0.8218
1748214918279.0,0.82155,0.82179
1748214919013.0,0.8215,0.82174
1748214927824.0,0.82151,0.82175
1748214932106.0,0.8215,0.82174
1748214938636.0,0.82149,0.82173
1748214940515.0,0.82145,0.82169
1748214940633.0,0.82144,0.82168
1748214940931.0,0.82142,0.82166
1748214942498.0,0.82144,0.82168
1748214942747.0,0.82146,0.8217
1748214944899.0,0.82147,0.82171
1748214954431.0,0.82148,0.82172
1748214957483.0,0.82147,0.82171
1748214957732.0,0.82148,0.82172
1748214958645.0,0.82144,0.82168
1748214958767.0,0.82143,0.82167
1748214966110.0,0.8215,0.82174
1748214966235.0,0.82151,0.82175
1748214966483.0,0.82149,0.82173
1748214972048.0,0.82151,0.82175
1748214978573.0,0.8215,0.82174
1748214978691.0,0.82151,0.82175
1748214979296.0,0.8215,0.82174
1748214979588.0,0.82151,0.82175
1748214979837.0,0.8215,0.82174
1748214980405.0,0.82149,0.82173
1748215000429.0,0.82152,0.82176
1748215001970.0,0.82156,0.8218
1748215008868.0,0.82157,0.82181
1748215025207.0,0.82158,0.82182
1748215031605.0,0.82157,0.82181
1748215038400.0,0.82158,0.82182
1748215050011.0,0.82159,0.82183
1748215055402.0,0.82158,0.82182
1748215055487.0,0.82155,0.82179
1748215076586.0,0.82157,0.82181
1748215097091.0,0.82156,0.8218
1748215097214.0,0.82155,0.82179
1748215098380.0,0.82156,0.8218
1748215126753.0,0.82157,0.82181
1748215127003.0,0.82154,0.82178
1748215137190.0,0.82156,0.8218
1748215137313.0,0.82157,0.82181
1748215140778.0,0.82158,0.82182
1748215146103.0,0.82165,0.82189
1748215146231.0,0.82166,0.8219
1748215146706.0,0.82163,0.82187
1748215146958.0,0.82162,0.82186
1748215147888.0,0.82163,0.82187
1748215157664.0,0.82157,0.82181
1748215160018.0,0.82156,0.8218
1748215160140.0,0.82157,0.82181
1748215163347.0,0.82158,0.82182
1748215167665.0,0.82156,0.8218
1748215175568.0,0.82155,0.82179
1748215175819.0,0.82141,0.82165
1748215175940.0,0.8214,0.82164
1748215176896.0,0.82146,0.8217
1748215177020.0,0.82147,0.82171
1748215182689.0,0.82146,0.8217
1748215182815.0,0.82147,0.82171
1748215183947.0,0.82148,0.82172
1748215192442.0,0.82149,0.82173
1748215192541.0,0.82153,0.82177
1748215196937.0,0.82155,0.82179
1748215200064.0,0.82154,0.82178
1748215200188.0,0.82155,0.82179
1748215209047.0,0.82156,0.8218
1748215218802.0,0.8216,0.82184
1748215218938.0,0.82162,0.82186
1748215222393.0,0.82163,0.82187
1748215224456.0,0.82162,0.82186
1748215224552.0,0.82158,0.82182
1748215232760.0,0.8216,0.82184
1748215232886.0,0.82162,0.82186
1748215242877.0,0.82164,0.82188
1748215242999.0,0.82161,0.82185
1748215244076.0,0.82163,0.82187
1748215244201.0,0.82166,0.8219
1748215250927.0,0.82163,0.82187
1748215260391.0,0.82162,0.82186
1748215272702.0,0.82159,0.82183
1748215272947.0,0.82162,0.82186
1748215304534.0,0.82161,0.82185
1748215310344.0,0.82163,0.82187
1748215310747.0,0.82162,0.82186
1748215322190.0,0.82163,0.82187
1748215323067.0,0.82164,0.82188
1748215326391.0,0.82165,0.82189
1748215326510.0,0.82167,0.82191
1748215330192.0,0.82168,0.82192
1748215330316.0,0.82175,0.82199
1748215338039.0,0.82176,0.822
1748215341405.0,0.82177,0.82201
1748215341530.0,0.8218,0.82204
1748215342359.0,0.82181,0.82205
1748215342482.0,0.82183,0.82207
1748215342858.0,0.82182,0.82206
1748215343899.0,0.82183,0.82207
1748215344145.0,0.82184,0.82208
1748215351835.0,0.82185,0.82209
1748215356013.0,0.82186,0.8221
1748215356134.0,0.82188,0.82212
1748215356263.0,0.82187,0.82211
1748215359754.0,0.82184,0.82208
1748215362374.0,0.82182,0.82206
1748215376562.0,0.82186,0.8221
1748215377510.0,0.82187,0.82211
1748215377628.0,0.82188,0.82212
1748215378624.0,0.82186,0.8221
1748215380991.0,0.82185,0.82209
1748215393552.0,0.82183,0.82207
1748215415876.0,0.82182,0.82206
1748215416623.0,0.82178,0.82202
1748215418802.0,0.82179,0.82203
1748215430304.0,0.8218,0.82204
1748215432055.0,0.82179,0.82203
1748215432170.0,0.82176,0.822
1748215439918.0,0.82178,0.82202
1748215445488.0,0.82179,0.82203
1748215450205.0,0.82181,0.82205
1748215450312.0,0.82187,0.82211
1748215456194.0,0.82186,0.8221
1748215473633.0,0.82184,0.82208
1748215473734.0,0.82182,0.82206
1748215473889.0,0.82179,0.82203
1748215504487.0,0.8218,0.82204
1748215505781.0,0.82184,0.82208
1748215517554.0,0.82185,0.82209
1748215520072.0,0.82184,0.82208
1748215526491.0,0.82183,0.82207
1748215528391.0,0.82184,0.82208
1748215528492.0,0.82186,0.8221
1748215533653.0,0.82185,0.82209
1748215555578.0,0.82186,0.8221
1748215560449.0,0.82192,0.82216
1748215567577.0,0.822,0.82224
1748215568059.0,0.82201,0.82225
1748215568434.0,0.82203,0.82227
1748215569677.0,0.82204,0.82228
1748215570196.0,0.82201,0.82225
1748215570445.0,0.82202,0.82226
1748215571053.0,0.82201,0.82225
1748215571471.0,0.822,0.82224
1748215571740.0,0.82201,0.82225
1748215571989.0,0.82202,0.82226
1748215573369.0,0.82203,0.82227
1748215575548.0,0.82202,0.82226
1748215583705.0,0.82198,0.82222
1748215587480.0,0.82199,0.82223
1748215587611.0,0.82197,0.82221
1748215591812.0,0.82194,0.82218
1748215597041.0,0.82193,0.82217
1748215604252.0,0.82192,0.82216
1748215607670.0,0.82191,0.82215
1748215607791.0,0.82185,0.82209
1748215608162.0,0.82184,0.82208
1748215608291.0,0.82182,0.82206
1748215609597.0,0.82185,0.82209
1748215613224.0,0.82186,0.8221
1748215613328.0,0.82189,0.82213
1748215614723.0,0.82188,0.82212
1748215616301.0,0.82187,0.82211
1748215619207.0,0.82189,0.82213
1748215620380.0,0.8219,0.82214
1748215620759.0,0.82191,0.82215
1748215625663.0,0.8219,0.82214
1748215625913.0,0.82188,0.82212
1748215629728.0,0.82189,0.82213
1748215630355.0,0.82188,0.82212
1748215634026.0,0.82189,0.82213
1748215641958.0,0.82188,0.82212
1748215642957.0,0.82189,0.82213
1748215644958.0,0.82188,0.82212
1748215650957.0,0.82189,0.82213
1748215653958.0,0.82188,0.82212
1748215656568.0,0.82187,0.82211
1748215656672.0,0.82184,0.82208
1748215674828.0,0.82182,0.82206
1748215680889.0,0.82185,0.82209
1748215687455.0,0.82184,0.82208
1748215693724.0,0.82183,0.82207
1748215694527.0,0.82185,0.82209
1748215695046.0,0.82186,0.8221
1748215695179.0,0.82187,0.82211
1748215697228.0,0.82186,0.8221
1748215697347.0,0.82185,0.82209
1748215710800.0,0.82186,0.8221
1748215721520.0,0.82187,0.82211
1748215721644.0,0.82186,0.8221
1748215724229.0,0.82187,0.82211
1748215724868.0,0.82188,0.82212
1748215724994.0,0.82187,0.82211
1748215725118.0,0.82189,0.82213
1748215726123.0,0.82187,0.82211
1748215736457.0,0.82186,0.8221
1748215740131.0,0.82187,0.82211
1748215744583.0,0.82186,0.8221
1748215754966.0,0.82187,0.82211
1748215758152.0,0.8219,0.82214
1748215759382.0,0.82189,0.82213
1748215768277.0,0.82188,0.82212
1748215780096.0,0.82186,0.8221
1748215780185.0,0.82185,0.82209
1748215786872.0,0.8218,0.82204
1748215791815.0,0.82179,0.82203
1748215797847.0,0.8218,0.82204
1748215799655.0,0.82179,0.82203
1748215806322.0,0.82176,0.822
1748215807966.0,0.82172,0.82196
1748215808978.0,0.82173,0.82197
1748215811713.0,0.82174,0.82198
1748215811839.0,0.82186,0.8221
1748215819742.0,0.82192,0.82216
1748215819856.0,0.8219,0.82214
1748215821469.0,0.82192,0.82216
1748215828969.0,0.82191,0.82215
1748215829217.0,0.82192,0.82216
1748215831167.0,0.82191,0.82215
1748215835972.0,0.82192,0.82216
1748215843669.0,0.82191,0.82215
1748215853653.0,0.82193,0.82217
1748215854723.0,0.82189,0.82213
1748215860581.0,0.82188,0.82212
1748215860703.0,0.82186,0.8221
1748215862255.0,0.82185,0.82209
1748215864405.0,0.82186,0.8221
1748215864530.0,0.82192,0.82216
1748215874256.0,0.82193,0.82217
1748215874506.0,0.82194,0.82218
1748215875662.0,0.82189,0.82213
1748215879176.0,0.82188,0.82212
1748215879293.0,0.82184,0.82208
1748215899568.0,0.82181,0.82205
1748215903802.0,0.82182,0.82206
1748215920276.0,0.82183,0.82207
1748215927815.0,0.82191,0.82215
1748215927960.0,0.82188,0.82212
1748215929430.0,0.82186,0.8221
1748215930863.0,0.82187,0.82211
1748215931566.0,0.82186,0.8221
1748215932871.0,0.82185,0.82209
1748215932970.0,0.82184,0.82208
1748215933997.0,0.82185,0.82209
1748215934118.0,0.82186,0.8221
1748215935598.0,0.82184,0.82208
1748215951389.0,0.82185,0.82209
1748215951880.0,0.82186,0.8221
1748215979334.0,0.82188,0.82212
1748215982484.0,0.82189,0.82213
1748215982606.0,0.8219,0.82214
1748215982978.0,0.82191,0.82215
1748215986981.0,0.8219,0.82214
1748215987519.0,0.82191,0.82215
1748215992942.0,0.8219,0.82214
1748216000248.0,0.82189,0.82213
1748216000361.0,0.82187,0.82211
1748216014949.0,0.82191,0.82215
1748216017176.0,0.82192,0.82216
1748216019890.0,0.82192,0.82216
1748216032431.0,0.82193,0.82217
1748216034027.0,0.82192,0.82216
1748216034150.0,0.8219,0.82214
1748216034988.0,0.82189,0.82213
1748216040869.0,0.82188,0.82212
1748216045399.0,0.82189,0.82213
1748216048235.0,0.82188,0.82212
1748216048358.0,0.82187,0.82211
1748216049363.0,0.82182,0.82206
1748216064803.0,0.82183,0.82207
1748216065594.0,0.82184,0.82208
1748216066335.0,0.82183,0.82207
1748216073883.0,0.82184,0.82208
1748216073992.0,0.82185,0.82209
1748216082147.0,0.82189,0.82213
1748216082254.0,0.82191,0.82215
1748216082989.0,0.82192,0.82216
1748216090988.0,0.82191,0.82215
1748216094988.0,0.82192,0.82216
1748216095748.0,0.8219,0.82214
1748216095848.0,0.82189,0.82213
1748216096749.0,0.8219,0.82214
1748216097885.0,0.82191,0.82215
1748216097986.0,0.82192,0.82216
1748216104056.0,0.82191,0.82215
1748216104177.0,0.82186,0.8221
1748216106896.0,0.82187,0.82211
1748216107006.0,0.82188,0.82212
1748216109836.0,0.82189,0.82213
1748216109959.0,0.8219,0.82214
1748216116109.0,0.82189,0.82213
1748216116224.0,0.82188,0.82212
1748216116557.0,0.82187,0.82211
1748216116683.0,0.82186,0.8221
1748216118409.0,0.82185,0.82209
1748216123993.0,0.82184,0.82208
1748216125829.0,0.82185,0.82209
1748216125950.0,0.82187,0.82211
1748216136427.0,0.82186,0.8221
1748216136543.0,0.82184,0.82208
1748216142572.0,0.82185,0.82209
1748216150835.0,0.82184,0.82208
1748216152379.0,0.82183,0.82207
1748216153908.0,0.82182,0.82206
1748216156997.0,0.82183,0.82207
1748216161372.0,0.82184,0.82208
1748216161476.0,0.82185,0.82209
1748216162571.0,0.82184,0.82208
1748216162689.0,0.82183,0.82207
1748216167513.0,0.82184,0.82208
1748216167765.0,0.82185,0.82209
1748216168447.0,0.82184,0.82208
1748216175420.0,0.82186,0.8221
1748216181707.0,0.82188,0.82212
1748216181848.0,0.82187,0.82211
1748216192617.0,0.82188,0.82212
1748216192869.0,0.8219,0.82214
1748216193573.0,0.82192,0.82216
1748216206448.0,0.82193,0.82217
1748216209545.0,0.82195,0.82219
1748216210051.0,0.82194,0.82218
1748216210880.0,0.82195,0.82219
1748216211001.0,0.82196,0.8222
1748216217828.0,0.82197,0.82221
1748216220716.0,0.82196,0.8222
1748216220829.0,0.82195,0.82219
1748216225962.0,0.82193,0.82217
1748216249965.0,0.82194,0.82218
1748216250213.0,0.82198,0.82222
1748216266756.0,0.82197,0.82221
1748216273339.0,0.82198,0.82222
1748216273496.0,0.82199,0.82223
1748216275666.0,0.82203,0.82227
1748216275999.0,0.82204,0.82228
1748216276122.0,0.82203,0.82227
1748216276796.0,0.82206,0.8223
1748216277047.0,0.82207,0.82231
1748216283349.0,0.82208,0.82232
1748216283446.0,0.8221,0.82234
1748216286694.0,0.82209,0.82233
1748216286800.0,0.82208,0.82232
1748216288048.0,0.8221,0.82234
1748216288341.0,0.82211,0.82235
1748216290090.0,0.82213,0.82237
1748216291931.0,0.82214,0.82238
1748216292056.0,0.82219,0.82243
1748216297921.0,0.82218,0.82242
1748216300007.0,0.82217,0.82241
1748216300410.0,0.82217,0.82241
1748216300563.0,0.82218,0.82242
1748216301882.0,0.82211,0.82235
1748216314699.0,0.82212,0.82236
1748216314814.0,0.82211,0.82235
1748216332008.0,0.82213,0.82237
1748216332131.0,0.82212,0.82236
1748216333516.0,0.8221,0.82234
1748216333639.0,0.82209,0.82233
1748216333765.0,0.82208,0.82232
1748216343140.0,0.82209,0.82233
1748216344438.0,0.8221,0.82234
1748216346189.0,0.82209,0.82233
1748216352379.0,0.82207,0.82231
1748216352628.0,0.82206,0.8223
1748216354447.0,0.82207,0.82231
1748216388008.0,0.82208,0.82232
1748216388459.0,0.82209,0.82233
1748216394969.0,0.82208,0.82232
1748216398043.0,0.82207,0.82231
1748216399009.0,0.82206,0.8223
1748216400247.0,0.82208,0.82232
1748216400492.0,0.82216,0.8224
1748216400610.0,0.82217,0.82241
1748216401131.0,0.82216,0.8224
1748216411930.0,0.82217,0.82241
1748216412042.0,0.82221,0.82245
1748216412328.0,0.82222,0.82246
1748216417411.0,0.82223,0.82247
1748216417524.0,0.82224,0.82248
1748216424919.0,0.82226,0.8225
1748216425169.0,0.82229,0.82253
1748216429742.0,0.8223,0.82254
1748216430679.0,0.82231,0.82255
1748216434009.0,0.8223,0.82254
1748216435007.0,0.82231,0.82255
1748216439010.0,0.8223,0.82254
1748216439497.0,0.82229,0.82253
1748216439753.0,0.82231,0.82255
1748216442924.0,0.82234,0.82258
1748216444240.0,0.82232,0.82256
1748216446829.0,0.82231,0.82255
1748216457702.0,0.82229,0.82253
1748216458202.0,0.8223,0.82254
1748216458887.0,0.82229,0.82253
1748216461709.0,0.8223,0.82254
1748216462017.0,0.82229,0.82253
1748216463143.0,0.82229,0.82253
1748216463566.0,0.82228,0.82252
1748216464571.0,0.82229,0.82253
1748216464820.0,0.82228,0.82252
1748216466000.0,0.82229,0.82253
1748216467142.0,0.82227,0.82251
1748216467263.0,0.82224,0.82248
1748216467512.0,0.82223,0.82247
1748216481700.0,0.82226,0.8225
1748216486360.0,0.82227,0.82251
1748216486478.0,0.82231,0.82255
1748216493061.0,0.8223,0.82254
1748216496680.0,0.82236,0.8226
1748216503101.0,0.82238,0.82262
1748216511114.0,0.82239,0.82263
1748216516938.0,0.82241,0.82265
1748216522037.0,0.82242,0.82266
1748216522163.0,0.82243,0.82267
1748216522866.0,0.8224,0.82264
1748216527198.0,0.82239,0.82263
1748216527323.0,0.82238,0.82262
1748216527941.0,0.82235,0.82259
1748216533556.0,0.82234,0.82258
1748216533664.0,0.82233,0.82257
1748216534955.0,0.82231,0.82255
1748216539142.0,0.8223,0.82254
1748216539270.0,0.82229,0.82253
1748216541022.0,0.82228,0.82252
1748216546207.0,0.82229,0.82253
1748216553114.0,0.82228,0.82252
1748216557842.0,0.82229,0.82253
1748216564517.0,0.82231,0.82255
1748216569465.0,0.8223,0.82254
1748216571973.0,0.82232,0.82256
1748216581058.0,0.82229,0.82253
1748216581649.0,0.8223,0.82254
1748216582813.0,0.82229,0.82253
1748216584964.0,0.82228,0.82252
1748216587105.0,0.82229,0.82253
1748216595613.0,0.82228,0.82252
1748216596776.0,0.82227,0.82251
1748216605304.0,0.82226,0.8225
1748216626710.0,0.82227,0.82251
1748216645831.0,0.8223,0.82254
1748216646176.0,0.8223,0.82254
1748216646423.0,0.82229,0.82253
1748216647356.0,0.8223,0.82254
1748216647481.0,0.82229,0.82253
1748216648152.0,0.8223,0.82254
1748216648277.0,0.82229,0.82253
1748216649058.0,0.8223,0.82254
1748216649377.0,0.82229,0.82253
1748216650167.0,0.8223,0.82254
1748216650417.0,0.82229,0.82253
1748216651283.0,0.82229,0.82253
1748216652138.0,0.8223,0.82254
1748216652386.0,0.82229,0.82253
1748216653218.0,0.8223,0.82254
1748216653467.0,0.82233,0.82257
1748216673029.0,0.82234,0.82258
1748216680117.0,0.82235,0.82259
1748216680367.0,0.82234,0.82258
1748216680491.0,0.82233,0.82257
1748216682990.0,0.82232,0.82256
1748216683096.0,0.82233,0.82257
1748216690050.0,0.82234,0.82258
1748216690176.0,0.82235,0.82259
1748216691647.0,0.82233,0.82257
1748216700102.0,0.82234,0.82258
1748216700949.0,0.82233,0.82257
1748216701081.0,0.8223,0.82254
1748216701732.0,0.82234,0.82258
1748216702430.0,0.82235,0.82259
1748216709639.0,0.82236,0.8226
1748216709761.0,0.82237,0.82261
1748216710260.0,0.82236,0.8226
1748216711783.0,0.82237,0.82261
1748216713049.0,0.8224,0.82264
1748216720483.0,0.82238,0.82262
1748216727556.0,0.82239,0.82263
1748216727803.0,0.82238,0.82262
1748216728051.0,0.82237,0.82261
1748216729027.0,0.82238,0.82262
1748216729583.0,0.82237,0.82261
1748216729702.0,0.82231,0.82255
1748216730156.0,0.82229,0.82253
1748216731240.0,0.82225,0.82249
1748216734431.0,0.82226,0.8225
1748216738571.0,0.82225,0.82249
1748216738822.0,0.82222,0.82246
1748216748159.0,0.82223,0.82247
1748216752364.0,0.82227,0.82251
1748216752490.0,0.82228,0.82252
1748216752908.0,0.8223,0.82254
1748216757203.0,0.82227,0.82251
1748216757363.0,0.82225,0.82249
1748216758383.0,0.82224,0.82248
1748216761304.0,0.82228,0.82252
1748216762235.0,0.82227,0.82251
1748216762595.0,0.82228,0.82252
1748216764434.0,0.82229,0.82253
1748216770475.0,0.8223,0.82254
1748216771036.0,0.82231,0.82255
1748216774444.0,0.82232,0.82256
1748216774814.0,0.82238,0.82262
1748216783063.0,0.82239,0.82263
1748216789959.0,0.82238,0.82262
1748216790087.0,0.82236,0.8226
1748216791787.0,0.82235,0.82259
1748216792824.0,0.82234,0.82258
1748216794574.0,0.82236,0.8226
1748216805011.0,0.82237,0.82261
1748216810607.0,0.82236,0.8226
1748216813132.0,0.82237,0.82261
1748216814965.0,0.82238,0.82262
1748216817176.0,0.82234,0.82258
1748216817298.0,0.82235,0.82259
1748216824938.0,0.82234,0.82258
1748216825183.0,0.82223,0.82247
1748216825598.0,0.82225,0.82249
1748216826091.0,0.82224,0.82248
1748216826438.0,0.82225,0.82249
1748216844126.0,0.82233,0.82257
1748216850369.0,0.8223,0.82254
1748216850507.0,0.82229,0.82253
1748216855061.0,0.8223,0.82254
1748216858037.0,0.82228,0.82252
1748216859768.0,0.8223,0.82254
1748216859889.0,0.82232,0.82256
1748216861164.0,0.8223,0.82254
1748216861413.0,0.82231,0.82255
1748216864947.0,0.82233,0.82257
1748216865485.0,0.82228,0.82252
1748216869053.0,0.82229,0.82253
1748216869863.0,0.82231,0.82255
1748216870510.0,0.82232,0.82256
1748216870772.0,0.82233,0.82257
1748216877227.0,0.8223,0.82254
1748216886910.0,0.82231,0.82255
1748216887805.0,0.82232,0.82256
1748216892690.0,0.82236,0.8226
1748216895464.0,0.82235,0.82259
1748216895570.0,0.82234,0.82258
1748216897431.0,0.82235,0.82259
1748216900389.0,0.82236,0.8226
1748216905028.0,0.82235,0.82259
1748216905151.0,0.82234,0.82258
1748216907678.0,0.82232,0.82256
1748216907768.0,0.82228,0.82252
1748216909585.0,0.82227,0.82251
1748216909691.0,0.82225,0.82249
1748216912473.0,0.82226,0.8225
1748216915108.0,0.82228,0.82252
1748216918158.0,0.82232,0.82256
1748216918409.0,0.82236,0.8226
1748216928466.0,0.82235,0.82259
1748216941602.0,0.82234,0.82258
1748216950491.0,0.82235,0.82259
1748216950615.0,0.82236,0.8226
1748216950742.0,0.82235,0.82259
1748216961899.0,0.82234,0.82258
1748216962021.0,0.82233,0.82257
1748216971837.0,0.82234,0.82258
1748216974183.0,0.82233,0.82257
1748216974798.0,0.82232,0.82256
1748216988428.0,0.82234,0.82258
1748216989551.0,0.82233,0.82257
1748216991526.0,0.82231,0.82255
1748216992276.0,0.82229,0.82253
1748216992526.0,0.82226,0.8225
1748216992669.0,0.82225,0.82249
1748216999972.0,0.82226,0.8225
1748217000275.0,0.82225,0.82249
1748217000392.0,0.82224,0.82248
1748217002210.0,0.82225,0.82249
1748217005174.0,0.82224,0.82248
1748217007913.0,0.82225,0.82249
1748217011014.0,0.82226,0.8225
1748217011336.0,0.82225,0.82249
1748217012048.0,0.82226,0.8225
1748217013048.0,0.82225,0.82249
1748217015533.0,0.82226,0.8225
1748217018162.0,0.82222,0.82246
1748217022238.0,0.82227,0.82251
1748217022989.0,0.82226,0.8225
1748217035812.0,0.82227,0.82251
1748217038352.0,0.82229,0.82253
1748217046334.0,0.82228,0.82252
1748217047736.0,0.82229,0.82253
1748217056376.0,0.82226,0.8225
1748217062663.0,0.82227,0.82251
1748217062786.0,0.82229,0.82253
1748217063437.0,0.82233,0.82257
1748217077282.0,0.82236,0.8226
1748217080093.0,0.82239,0.82263
1748217087485.0,0.82239,0.82263
1748217087610.0,0.8224,0.82264
1748217087740.0,0.82241,0.82265
1748217088123.0,0.82242,0.82266
1748217089529.0,0.82241,0.82265
1748217091437.0,0.82239,0.82263
1748217091559.0,0.82236,0.8226
1748217094482.0,0.82236,0.8226
1748217102299.0,0.82237,0.82261
1748217103651.0,0.82238,0.82262
1748217104168.0,0.82239,0.82263
1748217105184.0,0.82237,0.82261
1748217106610.0,0.82236,0.8226
1748217107888.0,0.82237,0.82261
1748217109541.0,0.82238,0.82262
1748217109667.0,0.8224,0.82264
1748217113733.0,0.82241,0.82265
1748217114002.0,0.8224,0.82264
1748217114250.0,0.82239,0.82263
1748217123817.0,0.82242,0.82266
1748217128606.0,0.82243,0.82267
1748217128725.0,0.82244,0.82268
1748217128976.0,0.82243,0.82267
1748217130497.0,0.82241,0.82265
1748217130979.0,0.82242,0.82266
1748217134490.0,0.82239,0.82263
1748217145734.0,0.8224,0.82264
1748217145854.0,0.82242,0.82266
1748217147059.0,0.82243,0.82267
1748217148364.0,0.82245,0.82269
1748217148507.0,0.82247,0.82271
1748217148945.0,0.82249,0.82273
1748217149710.0,0.82248,0.82272
1748217150136.0,0.82249,0.82273
1748217164558.0,0.82248,0.82272
1748217164666.0,0.82247,0.82271
1748217168582.0,0.82236,0.8226
1748217168709.0,0.82242,0.82266
1748217169081.0,0.82243,0.82267
1748217174419.0,0.82244,0.82268
1748217174539.0,0.82245,0.82269
1748217185221.0,0.82246,0.8227
1748217185345.0,0.82249,0.82273
1748217185471.0,0.82247,0.82271
1748217192757.0,0.82246,0.8227
1748217197129.0,0.82247,0.82271
1748217199699.0,0.82252,0.82276
1748217199824.0,0.82251,0.82275
1748217200073.0,0.82252,0.82276
1748217201167.0,0.82251,0.82275
1748217204032.0,0.82248,0.82272
1748217209003.0,0.82245,0.82269
1748217209462.0,0.82246,0.8227
1748217209711.0,0.82247,0.82271
1748217211814.0,0.82246,0.8227
1748217211931.0,0.82243,0.82267
1748217213461.0,0.82242,0.82266
1748217215030.0,0.82241,0.82265
1748217216524.0,0.82242,0.82266
1748217216650.0,0.82243,0.82267
1748217229702.0,0.82244,0.82268
1748217235763.0,0.82243,0.82267
1748217235878.0,0.82241,0.82265
1748217236011.0,0.82247,0.82271
1748217236258.0,0.82248,0.82272
1748217238931.0,0.82247,0.82271
1748217269831.0,0.8224,0.82264
1748217272183.0,0.82241,0.82265
1748217285022.0,0.8224,0.82264
1748217285128.0,0.82239,0.82263
1748217286814.0,0.8224,0.82264
1748217295815.0,0.82238,0.82262
1748217300074.0,0.82237,0.82261
1748217300178.0,0.82236,0.8226
1748217300314.0,0.82235,0.82259
1748217301129.0,0.82233,0.82257
1748217302035.0,0.82234,0.82258
1748217304835.0,0.82233,0.82257
1748217310314.0,0.82228,0.82252
1748217322088.0,0.82229,0.82253
1748217322333.0,0.82237,0.82261
1748217329624.0,0.82234,0.82258
1748217331728.0,0.82233,0.82257
1748217331976.0,0.82232,0.82256
1748217332297.0,0.82231,0.82255
1748217332612.0,0.8223,0.82254
1748217335604.0,0.82227,0.82251
1748217335733.0,0.82229,0.82253
1748217336268.0,0.82228,0.82252
1748217340891.0,0.82227,0.82251
1748217341014.0,0.82225,0.82249
1748217351682.0,0.82224,0.82248
1748217352600.0,0.82225,0.82249
1748217355112.0,0.82224,0.82248
1748217355237.0,0.82225,0.82249
1748217366078.0,0.82224,0.82248
1748217368158.0,0.82225,0.82249
1748217369079.0,0.82224,0.82248
1748217371833.0,0.82223,0.82247
1748217378159.0,0.82225,0.82249
1748217383113.0,0.82227,0.82251
1748217383249.0,0.82226,0.8225
1748217384504.0,0.82225,0.82249
1748217386935.0,0.82224,0.82248
1748217398936.0,0.82223,0.82247
1748217399184.0,0.82229,0.82253
1748217399304.0,0.82231,0.82255
1748217403497.0,0.8223,0.82254
1748217405998.0,0.82231,0.82255
1748217408575.0,0.8223,0.82254
1748217413890.0,0.82231,0.82255
1748217421817.0,0.82234,0.82258
1748217427100.0,0.82228,0.82252
1748217427350.0,0.82231,0.82255
1748217427483.0,0.82232,0.82256
1748217428076.0,0.82234,0.82258
1748217428659.0,0.82233,0.82257
1748217460375.0,0.82234,0.82258
1748217460490.0,0.82236,0.8226
1748217470342.0,0.82234,0.82258
1748217470469.0,0.82236,0.8226
1748217470720.0,0.82235,0.82259
1748217472630.0,0.82236,0.8226
1748217472876.0,0.82238,0.82262
1748217477672.0,0.82239,0.82263
1748217477791.0,0.8224,0.82264
1748217483120.0,0.82243,0.82267
1748217489383.0,0.82246,0.8227
1748217489777.0,0.82247,0.82271
1748217502937.0,0.82246,0.8227
1748217503053.0,0.82243,0.82267
1748217503303.0,0.82244,0.82268
1748217503947.0,0.82243,0.82267
1748217505488.0,0.82244,0.82268
1748217505614.0,0.82245,0.82269
1748217509652.0,0.82246,0.8227
1748217510539.0,0.82247,0.82271
1748217516106.0,0.82244,0.82268
1748217520360.0,0.82243,0.82267
1748217520485.0,0.82239,0.82263
1748217524334.0,0.82237,0.82261
1748217524720.0,0.82237,0.82261
1748217525086.0,0.82239,0.82263
1748217543683.0,0.82238,0.82262
1748217543925.0,0.82236,0.8226
1748217544856.0,0.82235,0.82259
1748217545230.0,0.82232,0.82256
1748217545808.0,0.82231,0.82255
1748217546995.0,0.8223,0.82254
1748217550155.0,0.82231,0.82255
1748217555623.0,0.82233,0.82257
1748217556419.0,0.82234,0.82258
1748217556544.0,0.82233,0.82257
1748217558247.0,0.82234,0.82258
1748217579088.0,0.82233,0.82257
1748217579214.0,0.82235,0.82259
1748217581247.0,0.82234,0.82258
1748217581361.0,0.82232,0.82256
1748217581612.0,0.82234,0.82258
1748217581861.0,0.82235,0.82259
1748217582758.0,0.82236,0.8226
1748217589087.0,0.82235,0.82259
1748217590138.0,0.82236,0.8226
1748217590487.0,0.82235,0.82259
1748217591168.0,0.82231,0.82255
1748217599009.0,0.82228,0.82252
1748217600139.0,0.82227,0.82251
1748217600263.0,0.82226,0.8225
1748217605753.0,0.82225,0.82249
1748217607226.0,0.82222,0.82246
1748217607476.0,0.82221,0.82245
1748217607725.0,0.82225,0.82249
1748217608163.0,0.82224,0.82248
1748217608551.0,0.82223,0.82247
1748217610871.0,0.82225,0.82249
1748217614853.0,0.82223,0.82247
1748217615753.0,0.82225,0.82249
1748217616128.0,0.82224,0.82248
1748217617092.0,0.82223,0.82247
1748217619512.0,0.82222,0.82246
1748217619780.0,0.82223,0.82247
1748217620653.0,0.82222,0.82246
1748217620903.0,0.82223,0.82247
1748217621653.0,0.82221,0.82245
1748217621904.0,0.8222,0.82244
1748217622280.0,0.82218,0.82242
1748217623301.0,0.82216,0.8224
1748217625116.0,0.82215,0.82239
1748217625232.0,0.82213,0.82237
1748217625483.0,0.82209,0.82233
1748217626520.0,0.82207,0.82231
1748217626647.0,0.82209,0.82233
1748217626775.0,0.82208,0.82232
1748217629431.0,0.82201,0.82225
1748217629540.0,0.82203,0.82227
1748217629669.0,0.82202,0.82226
1748217629790.0,0.82203,0.82227
1748217630158.0,0.82199,0.82223
1748217630283.0,0.822,0.82224
1748217630409.0,0.82201,0.82225
1748217630664.0,0.822,0.82224
1748217631132.0,0.82199,0.82223
1748217631234.0,0.82196,0.8222
1748217631363.0,0.82197,0.82221
1748217631923.0,0.82199,0.82223
1748217632047.0,0.82201,0.82225
1748217632171.0,0.82202,0.82226
1748217632712.0,0.82203,0.82227
1748217636604.0,0.82204,0.82228
1748217638186.0,0.82205,0.82229
1748217640358.0,0.82204,0.82228
1748217640484.0,0.82205,0.82229
1748217640609.0,0.82203,0.82227
1748217642738.0,0.82204,0.82228
1748217642863.0,0.82203,0.82227
1748217643862.0,0.82203,0.82227
1748217648969.0,0.82202,0.82226
1748217649220.0,0.82201,0.82225
1748217649470.0,0.822,0.82224
1748217649600.0,0.82198,0.82222
1748217649971.0,0.82199,0.82223
1748217650420.0,0.82195,0.82219
1748217650543.0,0.82194,0.82218
1748217650792.0,0.82193,0.82217
1748217653612.0,0.82194,0.82218
