None,,
None,,
None,,
None,,
None,,
None,,
None,,
None,,
None,,
None,,
None,,
None,,
None,,
None,,
None,,
None,,
1748210525483.0,2483.21,2484.71
1748210526225.0,2483.17,2484.67
1748210526438.0,2483.26,2484.76
1748210526643.0,2483.25,2484.75
1748210526739.0,2483.21,2484.71
1748210527345.0,2483.22,2484.72
1748210527587.0,2483.42,2484.92
1748210527944.0,2483.43,2484.93
1748210528041.0,2483.55,2485.05
1748210528170.0,2483.56,2485.06
1748210528266.0,2483.8,2485.3
1748210529147.0,2483.84,2485.34
1748210529468.0,2483.89,2485.39
1748210529618.0,2483.97,2485.47
1748210529843.0,2483.89,2485.39
1748210530140.0,2483.84,2485.34
1748210531496.0,2483.76,2485.26
1748210531712.0,2483.8,2485.3
1748210532295.0,2483.84,2485.34
1748210532507.0,2483.76,2485.26
1748210533058.0,2483.84,2485.34
1748210533998.0,2483.85,2485.35
1748210534093.0,2484.14,2485.64
1748210534476.0,2484.1,2485.6
1748210534701.0,2484.18,2485.68
1748210534924.0,2484.22,2485.72
1748210535132.0,2484.19,2485.69
1748210535230.0,2483.21,2484.71
1748210535452.0,2483.26,2484.76
1748210536414.0,2483.3,2484.8
1748210536959.0,2483.38,2484.88
1748210537163.0,2483.39,2484.89
1748210537259.0,2483.59,2485.09
1748210537729.0,2483.63,2485.13
1748210537937.0,2483.64,2485.14
1748210538034.0,2483.84,2485.34
1748210539036.0,2484.05,2485.55
1748210539502.0,2484.1,2485.6
1748210540128.0,2484.05,2485.55
1748210540827.0,2484.06,2485.56
1748210540923.0,2484.26,2485.76
1748210541963.0,2484.22,2485.72
1748210542199.0,2484.1,2485.6
1748210542414.0,2484.26,2485.76
1748210542637.0,2484.1,2485.6
1748210543618.0,2484.22,2485.72
1748210543834.0,2484.18,2485.68
1748210544136.0,2483.89,2485.39
1748210544458.0,2483.84,2485.34
1748210544683.0,2483.93,2485.43
1748210545529.0,2484.05,2485.55
1748210545744.0,2483.97,2485.47
1748210546024.0,2483.93,2485.43
1748210546888.0,2484.1,2485.6
1748210548505.0,2484.05,2485.55
1748210548764.0,2483.97,2485.47
1748210550351.0,2484.05,2485.55
1748210550543.0,2484.06,2485.56
1748210550639.0,2484.14,2485.64
1748210550974.0,2484.13,2485.63
1748210551066.0,2484.05,2485.55
1748210552024.0,2483.97,2485.47
1748210552598.0,2484.05,2485.55
1748210553249.0,2484.14,2485.64
1748210553378.0,2484.13,2485.63
1748210553474.0,2484.05,2485.55
1748210554083.0,2484.1,2485.6
1748210554278.0,2484.09,2485.59
1748210554374.0,2483.93,2485.43
1748210557067.0,2484.1,2485.6
1748210558045.0,2484.09,2485.59
1748210558140.0,2483.93,2485.43
1748210562024.0,2484.1,2485.6
1748210562861.0,2484.09,2485.59
1748210562957.0,2484.05,2485.55
1748210563862.0,2483.97,2485.47
1748210564765.0,2484.05,2485.55
1748210565877.0,2483.97,2485.47
1748210566294.0,2484.05,2485.55
1748210566508.0,2483.93,2485.43
1748210568449.0,2483.97,2485.47
1748210569960.0,2483.93,2485.43
1748210571382.0,2484.22,2485.72
1748210571528.0,2484.26,2485.76
1748210571752.0,2484.18,2485.68
1748210572559.0,2484.14,2485.64
1748210572851.0,2483.72,2485.22
1748210572978.0,2483.71,2485.21
1748210573076.0,2483.55,2485.05
1748210573240.0,2483.59,2485.09
1748210577028.0,2483.63,2485.13
1748210577220.0,2483.64,2485.14
1748210577317.0,2483.8,2485.3
1748210577465.0,2483.84,2485.34
1748210577670.0,2483.85,2485.35
1748210577915.0,2484.18,2485.68
1748210579101.0,2484.14,2485.64
1748210579315.0,2484.18,2485.68
1748210581217.0,2484.19,2485.69
1748210581313.0,2484.43,2485.93
1748210581538.0,2484.56,2486.06
1748210581883.0,2484.6,2486.1
1748210582290.0,2484.52,2486.02
1748210582718.0,2484.56,2486.06
1748210583435.0,2484.81,2486.31
1748210583580.0,2484.77,2486.27
1748210584176.0,2484.81,2486.31
1748210584389.0,2484.85,2486.35
1748210584762.0,2484.81,2486.31
1748210585270.0,2484.72,2486.22
1748210585564.0,2485.15,2486.65
1748210585691.0,2485.14,2486.64
1748210585788.0,2485.06,2486.56
1748210586846.0,2485.1,2486.6
1748210587145.0,2485.23,2486.73
1748210587555.0,2485.44,2486.94
1748210588156.0,2485.43,2486.93
1748210588248.0,2485.23,2486.73
1748210588606.0,2485.27,2486.77
1748210589229.0,2485.23,2486.73
1748210590229.0,2485.19,2486.69
1748210591302.0,2485.23,2486.73
1748210591865.0,2485.4,2486.9
1748210592101.0,2485.31,2486.81
1748210592542.0,2485.4,2486.9
1748210592688.0,2485.31,2486.81
1748210593801.0,2485.32,2486.82
1748210593896.0,2485.44,2486.94
1748210594056.0,2485.31,2486.81
1748210594452.0,2485.4,2486.9
1748210594599.0,2485.57,2487.07
1748210595291.0,2485.56,2487.06
1748210595386.0,2485.52,2487.02
1748210596214.0,2485.53,2487.03
1748210596459.0,2485.82,2487.32
1748210596684.0,2485.86,2487.36
1748210597013.0,2485.85,2487.35
1748210597110.0,2485.73,2487.23
1748210598297.0,2485.69,2487.19
1748210598509.0,2485.78,2487.28
1748210599661.0,2485.69,2487.19
1748210599954.0,2485.73,2487.23
1748210600336.0,2485.72,2487.22
1748210600432.0,2485.31,2486.81
1748210600656.0,2485.61,2487.11
1748210600953.0,2485.73,2487.23
1748210601187.0,2485.78,2487.28
1748210601746.0,2485.77,2487.27
1748210601845.0,2485.73,2487.23
1748210601970.0,2485.74,2487.24
1748210602068.0,2485.82,2487.32
1748210602517.0,2485.57,2487.07
1748210602644.0,2485.56,2487.06
1748210602741.0,2485.48,2486.98
1748210602889.0,2485.57,2487.07
1748210603125.0,2485.69,2487.19
1748210603322.0,2485.7,2487.2
1748210603419.0,2485.82,2487.32
1748210603926.0,2485.69,2487.19
1748210604085.0,2485.52,2487.02
1748210604613.0,2485.53,2487.03
1748210604709.0,2485.57,2487.07
1748210605011.0,2485.56,2487.06
1748210605107.0,2485.52,2487.02
1748210605474.0,2485.53,2487.03
1748210605569.0,2485.78,2487.28
1748210605937.0,2485.77,2487.27
1748210606033.0,2485.73,2487.23
1748210606761.0,2485.69,2487.19
1748210608139.0,2485.68,2487.18
1748210608360.0,2485.39,2486.89
1748210608456.0,2485.19,2486.69
1748210608605.0,2485.15,2486.65
1748210608829.0,2485.44,2486.94
1748210609316.0,2485.43,2486.93
1748210609413.0,2485.23,2486.73
1748210609793.0,2485.1,2486.6
1748210610016.0,2484.98,2486.48
1748210610241.0,2485.06,2486.56
1748210610466.0,2484.98,2486.48
1748210611329.0,2484.94,2486.44
1748210611542.0,2485.15,2486.65
1748210612607.0,2485.19,2486.69
1748210612823.0,2485.23,2486.73
1748210613370.0,2485.27,2486.77
1748210613584.0,2485.31,2486.81
1748210615266.0,2485.27,2486.77
1748210615480.0,2485.4,2486.9
1748210616083.0,2485.27,2486.77
1748210616282.0,2485.31,2486.81
1748210617590.0,2485.27,2486.77
1748210618427.0,2485.28,2486.78
1748210618521.0,2485.52,2487.02
1748210619395.0,2485.48,2486.98
1748210620028.0,2485.47,2486.97
1748210620123.0,2485.19,2486.69
1748210621804.0,2485.31,2486.81
1748210622530.0,2485.32,2486.82
1748210622627.0,2485.4,2486.9
1748210624064.0,2485.31,2486.81
1748210624279.0,2485.27,2486.77
1748210625923.0,2485.69,2487.19
1748210627112.0,2485.78,2487.28
1748210630227.0,2485.77,2487.27
1748210630321.0,2485.73,2487.23
1748210631594.0,2485.78,2487.28
1748210631887.0,2485.61,2487.11
1748210633548.0,2485.69,2487.19
1748210634902.0,2485.78,2487.28
1748210635126.0,2485.82,2487.32
1748210636015.0,2485.81,2487.31
1748210636334.0,2485.52,2487.02
1748210636481.0,2485.48,2486.98
1748210638224.0,2485.27,2486.77
1748210640585.0,2485.31,2486.81
1748210641556.0,2485.32,2486.82
1748210641650.0,2485.4,2486.9
1748210641873.0,2485.27,2486.77
1748210642945.0,2485.31,2486.81
1748210644434.0,2485.27,2486.77
1748210647446.0,2485.4,2486.9
1748210648671.0,2485.27,2486.77
1748210650851.0,2485.19,2486.69
1748210653489.0,2485.06,2486.56
1748210655484.0,2484.98,2486.48
1748210660695.0,2484.97,2486.47
1748210660790.0,2484.89,2486.39
1748210663505.0,2484.88,2486.38
1748210663599.0,2484.52,2486.02
1748210665868.0,2484.51,2486.01
1748210665961.0,2484.39,2485.89
1748210666556.0,2484.31,2485.81
1748210667416.0,2484.22,2485.72
1748210667867.0,2484.26,2485.76
1748210669018.0,2484.31,2485.81
1748210670220.0,2484.43,2485.93
1748210670434.0,2484.39,2485.89
1748210674593.0,2484.22,2485.72
1748210676963.0,2484.26,2485.76
1748210677185.0,2484.22,2485.72
1748210682100.0,2484.52,2486.02
1748210682228.0,2484.51,2486.01
1748210682323.0,2484.47,2485.97
1748210683702.0,2484.52,2486.02
1748210683917.0,2484.56,2486.06
1748210684425.0,2484.64,2486.14
1748210685362.0,2484.72,2486.22
1748210686741.0,2484.77,2486.27
1748210687074.0,2484.89,2486.39
1748210687365.0,2484.94,2486.44
1748210687873.0,2484.98,2486.48
1748210688993.0,2485.06,2486.56
1748210689632.0,2485.1,2486.6
1748210690696.0,2485.11,2486.61
1748210690791.0,2485.23,2486.73
1748210692796.0,2485.19,2486.69
1748210693672.0,2485.15,2486.65
1748210693865.0,2485.14,2486.64
1748210693962.0,2484.98,2486.48
1748210695345.0,2485.1,2486.6
1748210700439.0,2484.89,2486.39
1748210700652.0,2484.81,2486.31
1748210700878.0,2484.85,2486.35
1748210701332.0,2484.81,2486.31
1748210701927.0,2484.85,2486.35
1748210702339.0,2484.94,2486.44
1748210704405.0,2484.93,2486.43
1748210704497.0,2484.89,2486.39
1748210704645.0,2484.85,2486.35
1748210706507.0,2484.89,2486.39
1748210706881.0,2484.9,2486.4
1748210706974.0,2485.06,2486.56
1748210709447.0,2485.1,2486.6
1748210710079.0,2485.06,2486.56
1748210710312.0,2484.98,2486.48
1748210712341.0,2485.15,2486.65
1748210712553.0,2485.19,2486.69
1748210712781.0,2485.15,2486.65
1748210713766.0,2485.19,2486.69
1748210713983.0,2485.23,2486.73
1748210714862.0,2485.27,2486.77
1748210715088.0,2485.4,2486.9
1748210715537.0,2485.27,2486.77
1748210717980.0,2485.15,2486.65
1748210718172.0,2485.14,2486.64
1748210718269.0,2484.94,2486.44
1748210718420.0,2484.98,2486.48
1748210719608.0,2485.06,2486.56
1748210719996.0,2484.98,2486.48
1748210721276.0,2484.99,2486.49
1748210721370.0,2485.23,2486.73
1748210722781.0,2485.19,2486.69
1748210723073.0,2485.1,2486.6
1748210723598.0,2485.11,2486.61
1748210723692.0,2485.23,2486.73
1748210724759.0,2485.27,2486.77
1748210724974.0,2485.4,2486.9
1748210725480.0,2485.48,2486.98
1748210725694.0,2485.52,2487.02
1748210726572.0,2485.53,2487.03
1748210726892.0,2485.52,2487.02
1748210727985.0,2485.48,2486.98
1748210728485.0,2485.52,2487.02
1748210729046.0,2485.53,2487.03
1748210729268.0,2485.56,2487.06
1748210729366.0,2485.52,2487.02
1748210731127.0,2485.53,2487.03
1748210731222.0,2485.57,2487.07
1748210732790.0,2485.52,2487.02
1748210732938.0,2485.31,2486.81
1748210733145.0,2485.32,2486.82
1748210733240.0,2485.4,2486.9
1748210733387.0,2485.44,2486.94
1748210733917.0,2485.48,2486.98
1748210734124.0,2485.49,2486.99
1748210734221.0,2485.61,2487.11
1748210734373.0,2485.57,2487.07
1748210734678.0,2485.31,2486.81
1748210735097.0,2485.4,2486.9
1748210735243.0,2485.44,2486.94
1748210735698.0,2485.48,2486.98
1748210737187.0,2485.31,2486.81
1748210740250.0,2485.32,2486.82
1748210740493.0,2485.31,2486.81
1748210746270.0,2485.27,2486.77
1748210746816.0,2485.48,2486.98
1748210750561.0,2485.44,2486.94
1748210750774.0,2485.4,2486.9
1748210753758.0,2485.31,2486.81
1748210753953.0,2485.32,2486.82
1748210754049.0,2485.44,2486.94
1748210755830.0,2485.48,2486.98
1748210756473.0,2485.31,2486.81
1748210757640.0,2485.32,2486.82
1748210757735.0,2485.52,2487.02
1748210759743.0,2485.53,2487.03
1748210759983.0,2485.61,2487.11
1748210762237.0,2485.69,2487.19
1748210762450.0,2485.61,2487.11
1748210763530.0,2485.69,2487.19
1748210764193.0,2485.78,2487.28
1748210764483.0,2485.61,2487.11
1748210765518.0,2485.57,2487.07
1748210766896.0,2485.52,2487.02
1748210767172.0,2485.53,2487.03
1748210767413.0,2485.61,2487.11
1748210767640.0,2485.69,2487.19
1748210767863.0,2485.73,2487.23
1748210769277.0,2485.78,2487.28
1748210769491.0,2485.82,2487.32
1748210774502.0,2485.81,2487.31
1748210774597.0,2485.73,2487.23
1748210775086.0,2485.78,2487.28
1748210776910.0,2485.77,2487.27
1748210777005.0,2485.69,2487.19
1748210777472.0,2485.61,2487.11
1748210778325.0,2485.56,2487.06
1748210778423.0,2485.48,2486.98
1748210778815.0,2485.52,2487.02
1748210779338.0,2485.57,2487.07
1748210779487.0,2485.61,2487.11
1748210779711.0,2485.73,2487.23
1748210780690.0,2485.78,2487.28
1748210782113.0,2485.82,2487.32
1748210782590.0,2485.86,2487.36
1748210782816.0,2485.82,2487.32
1748210783412.0,2485.69,2487.19
1748210783559.0,2485.73,2487.23
1748210783784.0,2485.69,2487.19
1748210784010.0,2485.61,2487.11
1748210784601.0,2485.57,2487.07
1748210784899.0,2485.52,2487.02
1748210785126.0,2485.61,2487.11
1748210785279.0,2485.57,2487.07
1748210785486.0,2485.56,2487.06
1748210785582.0,2485.52,2487.02
1748210785803.0,2485.53,2487.03
1748210786028.0,2485.56,2487.06
1748210786126.0,2485.52,2487.02
1748210786770.0,2485.53,2487.03
1748210786867.0,2485.57,2487.07
1748210792144.0,2485.78,2487.28
1748210793460.0,2485.77,2487.27
1748210793555.0,2485.73,2487.23
1748210794178.0,2485.78,2487.28
1748210794375.0,2485.77,2487.27
1748210794471.0,2485.69,2487.19
1748210795743.0,2485.61,2487.11
1748210809617.0,2485.57,2487.07
1748210810092.0,2485.52,2487.02
1748210811460.0,2485.4,2486.9
1748210812262.0,2485.23,2486.73
1748210812690.0,2485.19,2486.69
1748210814793.0,2485.27,2486.77
1748210815897.0,2485.28,2486.78
1748210815992.0,2485.52,2487.02
1748210816220.0,2485.82,2487.32
1748210816347.0,2485.87,2487.37
1748210816573.0,2487.51,2489.01
1748210816669.0,2487.83,2489.33
1748210816817.0,2487.62,2489.12
1748210817136.0,2487.58,2489.08
1748210817352.0,2487.5,2489.0
1748210817653.0,2487.92,2489.42
1748210818176.0,2487.79,2489.29
1748210818323.0,2487.75,2489.25
1748210818785.0,2488.93,2490.43
1748210818913.0,2488.92,2490.42
1748210819011.0,2488.76,2490.26
1748210819236.0,2488.59,2490.09
1748210819362.0,2488.63,2490.13
1748210819458.0,2490.02,2491.52
1748210819685.0,2490.44,2491.94
1748210819811.0,2490.46,2491.96
1748210820038.0,2491.01,2492.51
1748210820135.0,2490.44,2491.94
1748210820360.0,2490.22,2491.72
1748210820490.0,2490.19,2491.69
1748210820585.0,2489.42,2490.92
1748210820808.0,2489.29,2490.79
1748210820955.0,2489.21,2490.71
1748210821259.0,2490.13,2491.63
1748210821405.0,2490.17,2491.67
1748210821631.0,2490.09,2491.59
1748210821857.0,2489.96,2491.46
1748210822160.0,2489.5,2491.0
1748210822387.0,2489.88,2491.38
1748210822514.0,2489.87,2491.37
1748210822610.0,2489.71,2491.21
1748210822755.0,2489.79,2491.29
1748210822982.0,2489.71,2491.21
1748210823190.0,2489.69,2491.19
1748210823285.0,2489.08,2490.58
1748210823508.0,2488.74,2490.24
1748210823657.0,2488.7,2490.2
1748210823882.0,2488.62,2490.12
1748210825031.0,2488.45,2489.95
1748210825762.0,2488.5,2490.0
1748210825982.0,2490.06,2491.56
1748210826079.0,2490.47,2491.97
1748210826305.0,2489.84,2491.34
1748210826433.0,2489.83,2491.33
1748210826529.0,2489.5,2491.0
1748210826757.0,2489.48,2490.98
1748210826854.0,2488.96,2490.46
1748210827080.0,2489.29,2490.79
1748210827235.0,2489.37,2490.87
1748210827603.0,2489.29,2490.79
1748210827909.0,2488.83,2490.33
1748210828468.0,2488.84,2490.34
1748210828561.0,2489.04,2490.54
1748210828785.0,2488.87,2490.37
1748210829230.0,2488.91,2490.41
1748210830004.0,2488.87,2490.37
1748210830212.0,2488.89,2490.39
1748210830308.0,2489.37,2490.87
1748210830533.0,2489.5,2491.0
1748210831022.0,2488.79,2490.29
1748210831655.0,2488.7,2490.2
1748210831783.0,2488.71,2490.21
1748210831879.0,2488.83,2490.33
1748210832105.0,2489.04,2490.54
1748210832251.0,2489.12,2490.62
1748210832476.0,2489.08,2490.58
1748210832684.0,2489.07,2490.57
1748210832780.0,2488.83,2490.33
1748210833054.0,2488.91,2490.41
1748210833265.0,2488.74,2490.24
1748210833989.0,2488.75,2490.25
1748210834085.0,2488.83,2490.33
1748210834313.0,2488.79,2490.29
1748210834611.0,2488.62,2490.12
1748210834981.0,2488.58,2490.08
1748210835187.0,2488.57,2490.07
1748210835283.0,2488.28,2489.78
1748210835683.0,2488.29,2489.79
1748210835781.0,2488.33,2489.83
1748210836010.0,2488.7,2490.2
1748210836136.0,2488.69,2490.19
1748210836378.0,2488.33,2489.83
1748210836682.0,2488.16,2489.66
1748210836829.0,2488.24,2489.74
1748210837292.0,2488.25,2489.75
1748210837387.0,2488.62,2490.12
1748210837612.0,2488.49,2489.99
1748210837760.0,2488.33,2489.83
1748210838180.0,2488.28,2489.78
1748210838326.0,2488.16,2489.66
1748210838534.0,2488.15,2489.65
1748210838630.0,2487.95,2489.45
1748210838884.0,2487.94,2489.44
1748210838979.0,2487.86,2489.36
1748210839744.0,2487.91,2489.41
1748210839956.0,2488.07,2489.57
1748210841134.0,2488.03,2489.53
1748210841857.0,2487.95,2489.45
1748210842091.0,2488.07,2489.57
1748210842305.0,2488.03,2489.53
1748210842532.0,2487.86,2489.36
1748210843059.0,2487.91,2489.41
1748210843269.0,2488.16,2489.66
1748210843915.0,2488.33,2489.83
1748210844218.0,2488.16,2489.66
1748210844364.0,2488.28,2489.78
1748210844569.0,2488.29,2489.79
1748210844666.0,2488.33,2489.83
1748210845116.0,2488.24,2489.74
1748210845581.0,2488.16,2489.66
1748210845786.0,2488.17,2489.67
1748210845882.0,2488.54,2490.04
1748210848228.0,2488.49,2489.99
1748210848377.0,2488.24,2489.74
1748210849146.0,2488.33,2489.83
1748210849516.0,2488.32,2489.82
1748210849612.0,2488.28,2489.78
1748210850330.0,2488.41,2489.91
1748210850731.0,2488.46,2489.96
1748210851053.0,2489.08,2490.58
1748210851212.0,2488.91,2490.41
1748210851405.0,2488.92,2490.42
1748210851660.0,2489.17,2490.67
1748210852007.0,2489.21,2490.71
1748210852235.0,2489.17,2490.67
1748210852458.0,2489.29,2490.79
1748210852665.0,2489.3,2490.8
1748210852918.0,2489.59,2491.09
1748210853145.0,2489.63,2491.13
1748210853435.0,2489.46,2490.96
1748210854140.0,2489.21,2490.71
1748210854445.0,2489.2,2490.7
1748210854540.0,2489.04,2490.54
1748210856059.0,2488.95,2490.45
1748210856305.0,2488.91,2490.41
1748210856531.0,2488.96,2490.46
1748210857003.0,2489.04,2490.54
1748210857182.0,2489.05,2490.55
1748210857278.0,2489.46,2490.96
1748210857501.0,2489.29,2490.79
1748210857792.0,2489.42,2490.92
1748210858483.0,2489.46,2490.96
1748210858698.0,2489.42,2490.92
1748210858922.0,2489.46,2490.96
1748210859223.0,2489.25,2490.75
1748210859515.0,2489.21,2490.71
1748210860037.0,2489.08,2490.58
1748210861352.0,2489.54,2491.04
1748210861763.0,2489.63,2491.13
1748210862642.0,2489.59,2491.09
1748210863130.0,2489.57,2491.07
1748210863225.0,2489.12,2490.62
1748210863774.0,2489.13,2490.63
1748210863868.0,2489.21,2490.71
1748210864329.0,2489.42,2490.92
1748210865322.0,2489.37,2490.87
1748210865536.0,2489.12,2490.62
1748210865763.0,2489.17,2490.67
1748210866063.0,2488.62,2490.12
1748210866893.0,2488.58,2490.08
1748210867125.0,2488.54,2490.04
1748210867879.0,2488.83,2490.33
1748210868291.0,2488.91,2490.41
1748210869319.0,2489.04,2490.54
1748210869691.0,2489.04,2490.54
1748210870621.0,2488.95,2490.45
1748210870941.0,2489.08,2490.58
1748210871321.0,2489.04,2490.54
1748210871534.0,2489.21,2490.71
1748210872457.0,2489.29,2490.79
1748210873488.0,2489.25,2490.75
1748210873781.0,2489.04,2490.54
1748210873928.0,2489.12,2490.62
1748210874787.0,2489.04,2490.54
1748210875396.0,2489.12,2490.62
1748210875589.0,2489.13,2490.63
1748210875686.0,2489.25,2490.75
1748210875981.0,2489.21,2490.71
1748210876220.0,2489.25,2490.75
1748210876435.0,2489.29,2490.79
1748210876644.0,2489.3,2490.8
1748210876884.0,2489.59,2491.09
1748210877495.0,2489.88,2491.38
1748210877709.0,2489.92,2491.42
1748210877914.0,2489.93,2491.43
1748210878012.0,2490.13,2491.63
1748210878497.0,2490.17,2491.67
1748210879022.0,2490.13,2491.63
1748210879676.0,2490.17,2491.67
1748210879979.0,2489.79,2491.29
1748210880285.0,2489.59,2491.09
1748210880649.0,2489.63,2491.13
1748210880873.0,2489.59,2491.09
1748210881596.0,2490.26,2491.76
1748210881947.0,2490.16,2491.66
1748210882175.0,2489.89,2491.39
1748210882271.0,2490.17,2491.67
1748210882493.0,2490.26,2491.76
1748210882855.0,2490.3,2491.8
1748210883158.0,2490.76,2492.26
1748210883384.0,2490.47,2491.97
1748210884109.0,2490.84,2492.34
1748210884256.0,2490.76,2492.26
1748210884634.0,2490.84,2492.34
1748210884935.0,2491.01,2492.51
1748210885094.0,2490.93,2492.43
1748210885384.0,2491.22,2492.72
1748210885705.0,2491.05,2492.55
1748210885930.0,2491.01,2492.51
1748210886233.0,2491.68,2493.18
1748210886362.0,2491.69,2493.19
1748210886460.0,2491.81,2493.31
1748210886775.0,2491.4,2492.9
1748210886995.0,2491.36,2492.86
1748210887221.0,2491.15,2492.65
1748210887507.0,2491.82,2493.32
1748210887896.0,2491.21,2492.71
1748210888181.0,2491.59,2493.09
1748210888535.0,2491.89,2493.39
1748210888762.0,2492.38,2493.88
1748210888860.0,2493.43,2494.93
1748210889081.0,2493.6,2495.1
1748210889209.0,2493.61,2495.11
1748210889412.0,2493.75,2495.25
1748210889512.0,2493.87,2495.37
1748210889696.0,2493.92,2495.42
1748210890056.0,2493.45,2494.95
1748210890411.0,2493.74,2495.24
1748210890731.0,2493.33,2494.83
1748210890957.0,2493.24,2494.74
1748210891208.0,2493.29,2494.79
1748210891403.0,2493.27,2494.77
1748210891626.0,2492.64,2494.14
1748210891723.0,2492.11,2493.61
1748210892282.0,2491.93,2493.43
1748210892523.0,2491.61,2493.11
1748210893521.0,2491.61,2493.11
1748210893825.0,2491.44,2492.94
1748210894179.0,2491.74,2493.24
1748210894499.0,2492.57,2494.07
1748210894724.0,2491.94,2493.44
1748210894854.0,2491.95,2493.45
1748210895079.0,2492.27,2493.77
1748210895176.0,2491.98,2493.48
1748210895321.0,2491.94,2493.44
1748210895545.0,2491.98,2493.48
1748210895938.0,2491.9,2493.4
1748210896243.0,2492.24,2493.74
1748210896539.0,2492.28,2493.78
1748210896991.0,2492.15,2493.65
1748210897292.0,2491.94,2493.44
1748210897439.0,2491.9,2493.4
1748210897664.0,2491.94,2493.44
1748210897889.0,2491.98,2493.48
1748210898192.0,2492.07,2493.57
1748210898386.0,2492.28,2493.78
1748210898593.0,2492.27,2493.77
1748210898817.0,2492.16,2493.66
1748210898914.0,2492.28,2493.78
1748210899139.0,2492.11,2493.61
1748210899512.0,2492.11,2493.61
1748210899737.0,2492.03,2493.53
1748210899964.0,2492.11,2493.61
1748210900199.0,2492.07,2493.57
1748210900664.0,2491.98,2493.48
1748210901279.0,2491.31,2492.81
1748210901434.0,2491.4,2492.9
1748210901633.0,2491.39,2492.89
1748210901728.0,2491.14,2492.64
1748210901883.0,2491.1,2492.6
1748210902336.0,2491.1,2492.6
1748210902558.0,2491.02,2492.52
1748210902853.0,2491.27,2492.77
1748210903008.0,2491.31,2492.81
1748210903232.0,2491.35,2492.85
1748210903459.0,2491.1,2492.6
1748210903656.0,2491.11,2492.61
1748210903908.0,2491.31,2492.81
1748210904234.0,2491.4,2492.9
1748210904527.0,2491.35,2492.85
1748210904676.0,2491.23,2492.73
1748210905101.0,2491.22,2492.72
1748210905195.0,2491.06,2492.56
1748210905343.0,2491.1,2492.6
1748210905718.0,2491.14,2492.64
1748210905944.0,2491.06,2492.56
1748210906150.0,2491.07,2492.57
1748210906395.0,2491.31,2492.81
1748210906619.0,2491.4,2492.9
1748210907051.0,2491.36,2492.86
1748210907295.0,2491.61,2493.11
1748210908937.0,2491.65,2493.15
1748210909485.0,2491.77,2493.27
1748210909876.0,2491.82,2493.32
1748210910024.0,2491.94,2493.44
1748210910246.0,2491.9,2493.4
1748210910474.0,2491.98,2493.48
1748210910699.0,2491.9,2493.4
1748210911154.0,2491.82,2493.32
1748210911368.0,2491.94,2493.44
1748210911594.0,2491.77,2493.27
1748210911818.0,2491.65,2493.15
1748210912628.0,2491.61,2493.11
1748210912920.0,2491.44,2492.94
1748210913371.0,2491.56,2493.06
1748210913568.0,2491.57,2493.07
1748210913664.0,2491.69,2493.19
1748210913812.0,2491.77,2493.27
1748210914264.0,2491.78,2493.28
1748210914359.0,2491.98,2493.48
1748210914507.0,2491.77,2493.27
1748210914809.0,2491.9,2493.4
1748210915152.0,2491.94,2493.44
1748210915364.0,2491.82,2493.32
1748210915588.0,2491.9,2493.4
1748210915814.0,2491.94,2493.44
1748210916052.0,2491.82,2493.32
1748210916244.0,2491.81,2493.31
1748210916340.0,2491.69,2493.19
1748210916668.0,2491.61,2493.11
1748210916870.0,2491.6,2493.1
1748210916968.0,2491.56,2493.06
1748210917562.0,2491.61,2493.11
1748210917966.0,2491.6,2493.1
1748210918062.0,2491.48,2492.98
1748210919546.0,2491.4,2492.9
1748210919778.0,2491.44,2492.94
1748210920188.0,2491.48,2492.98
1748210920481.0,2491.31,2492.81
1748210920628.0,2491.35,2492.85
1748210921135.0,2491.4,2492.9
1748210921470.0,2491.39,2492.89
1748210921565.0,2491.35,2492.85
1748210921712.0,2491.1,2492.6
1748210921937.0,2491.02,2492.52
1748210922538.0,2491.06,2492.56
1748210922732.0,2491.05,2492.55
1748210922830.0,2490.89,2492.39
1748210923139.0,2490.77,2492.27
1748210924396.0,2490.76,2492.26
1748210924494.0,2490.64,2492.14
1748210924640.0,2490.68,2492.18
1748210924865.0,2490.64,2492.14
1748210925230.0,2490.72,2492.22
1748210925520.0,2491.02,2492.52
1748210925648.0,2491.01,2492.51
1748210925873.0,2490.73,2492.23
1748210925969.0,2490.81,2492.31
1748210926128.0,2490.77,2492.27
1748210926437.0,2490.81,2492.31
1748210926661.0,2490.98,2492.48
1748210927677.0,2490.72,2492.22
1748210927806.0,2490.78,2492.28
1748210928062.0,2492.36,2493.86
1748210928975.0,2492.32,2493.82
1748210929210.0,2492.36,2493.86
1748210929726.0,2492.28,2493.78
1748210929952.0,2492.24,2493.74
1748210930187.0,2492.4,2493.9
1748210930402.0,2492.36,2493.86
1748210930828.0,2492.45,2493.95
1748210931131.0,2492.32,2493.82
1748210931910.0,2492.31,2493.81
1748210932137.0,2491.97,2493.47
1748210932232.0,2491.65,2493.15
1748210932379.0,2491.61,2493.11
1748210932681.0,2491.94,2493.44
1748210932812.0,2491.95,2493.45
1748210933034.0,2492.27,2493.77
1748210933132.0,2492.07,2493.57
1748210933357.0,2491.94,2493.44
1748210933506.0,2491.77,2493.27
1748210933797.0,2491.79,2493.29
1748210933894.0,2492.32,2493.82
1748210936016.0,2492.31,2493.81
1748210936112.0,2492.11,2493.61
1748210936682.0,2492.03,2493.53
1748210936887.0,2492.02,2493.52
1748210936984.0,2491.94,2493.44
1748210937465.0,2491.92,2493.42
1748210937558.0,2491.31,2492.81
1748210938301.0,2491.1,2492.6
1748210939707.0,2491.06,2492.56
1748210940573.0,2491.1,2492.6
1748210941928.0,2491.02,2492.52
1748210942121.0,2491.01,2492.51
1748210942219.0,2490.93,2492.43
1748210942890.0,2490.81,2492.31
1748210943095.0,2490.8,2492.3
1748210943190.0,2490.64,2492.14
1748210943416.0,2490.39,2491.89
1748210943564.0,2490.3,2491.8
1748210943765.0,2490.31,2491.81
1748210943864.0,2490.35,2491.85
1748210944014.0,2490.39,2491.89
1748210944315.0,2490.26,2491.76
1748210945051.0,2490.27,2491.77
1748210945295.0,2490.35,2491.85
1748210945669.0,2490.36,2491.86
1748210945764.0,2490.77,2492.27
1748210945988.0,2490.68,2492.18
1748210947705.0,2490.64,2492.14
1748210947897.0,2490.63,2492.13
1748210947994.0,2490.43,2491.93
1748210948410.0,2490.6,2492.1
1748210948743.0,2490.58,2492.08
1748210948837.0,2490.14,2491.64
1748210949983.0,2490.09,2491.59
1748210950178.0,2490.1,2491.6
1748210950274.0,2490.26,2491.76
1748210950421.0,2490.3,2491.8
1748210951596.0,2490.31,2491.81
1748210951691.0,2490.35,2491.85
1748210952194.0,2490.34,2491.84
1748210952291.0,2490.3,2491.8
1748210952438.0,2490.05,2491.55
1748210952644.0,2490.06,2491.56
1748210952870.0,2490.16,2491.66
1748210952966.0,2490.81,2492.31
1748210953598.0,2490.72,2492.22
1748210953810.0,2490.51,2492.01
1748210954373.0,2490.64,2492.14
1748210955890.0,2490.47,2491.97
1748210956114.0,2490.43,2491.93
1748210956848.0,2490.39,2491.89
1748210957148.0,2490.09,2491.59
1748210957436.0,2490.05,2491.55
1748210957659.0,2489.97,2491.47
1748210958540.0,2489.93,2491.43
1748210958830.0,2489.84,2491.34
1748210959056.0,2489.97,2491.47
1748210959609.0,2489.84,2491.34
1748210959758.0,2489.72,2491.22
1748210960171.0,2489.8,2491.3
1748210960384.0,2489.84,2491.34
1748210960611.0,2489.72,2491.22
1748210960910.0,2489.67,2491.17
1748210961071.0,2489.59,2491.09
1748210961879.0,2489.67,2491.17
1748210962116.0,2489.59,2491.09
1748210962331.0,2489.51,2491.01
1748210962793.0,2489.52,2491.02
1748210963015.0,2489.96,2491.46
1748210963260.0,2489.97,2491.47
1748210964752.0,2490.43,2491.93
1748210965772.0,2490.51,2492.01
1748210966063.0,2490.64,2492.14
1748210966436.0,2490.64,2492.14
1748210966812.0,2490.6,2492.1
1748210967048.0,2490.64,2492.14
1748210967622.0,2490.6,2492.1
1748210968144.0,2490.64,2492.14
1748210968358.0,2490.68,2492.18
1748210968581.0,2490.6,2492.1
1748210969737.0,2490.64,2492.14
1748210970361.0,2490.68,2492.18
1748210970751.0,2490.51,2492.01
1748210971050.0,2490.6,2492.1
1748210971180.0,2490.59,2492.09
1748210971276.0,2490.47,2491.97
1748210971425.0,2490.43,2491.93
1748210973297.0,2490.35,2491.85
1748210974685.0,2490.37,2491.87
1748210974779.0,2490.98,2492.48
1748210975123.0,2491.02,2492.52
1748210975314.0,2491.03,2492.53
1748210975413.0,2491.31,2492.81
1748210975560.0,2491.4,2492.9
1748210975785.0,2491.56,2493.06
1748210976089.0,2492.11,2493.61
1748210976239.0,2492.15,2493.65
1748210976441.0,2492.16,2493.66
1748210976538.0,2492.28,2493.78
1748210976685.0,2492.36,2493.86
1748210977157.0,2492.28,2493.78
1748210977370.0,2492.36,2493.86
1748210977898.0,2492.32,2493.82
1748210979057.0,2492.36,2493.86
1748210979777.0,2492.32,2493.82
1748210980097.0,2492.36,2493.86
1748210980312.0,2492.24,2493.74
1748210980515.0,2492.23,2493.73
1748210980613.0,2492.11,2493.61
1748210981083.0,2492.07,2493.57
1748210981640.0,2492.03,2493.53
1748210982051.0,2492.01,2493.51
1748210982145.0,2491.56,2493.06
1748210982771.0,2491.73,2493.23
1748210983105.0,2491.77,2493.27
1748210983395.0,2491.9,2493.4
1748210983561.0,2491.94,2493.44
1748210983788.0,2491.82,2493.32
1748210983992.0,2491.81,2493.31
1748210984090.0,2491.65,2493.15
1748210984239.0,2491.61,2493.11
1748210984566.0,2491.73,2493.23
1748210984884.0,2491.65,2493.15
1748210985120.0,2491.73,2493.23
1748210985417.0,2491.65,2493.15
1748210985623.0,2491.66,2493.16
1748210985721.0,2491.9,2493.4
1748210985997.0,2491.89,2493.39
1748210986224.0,2491.72,2493.22
1748210986319.0,2491.31,2492.81
1748210987106.0,2491.4,2492.9
1748210987561.0,2491.61,2493.11
1748210988038.0,2491.48,2492.98
1748210988908.0,2491.56,2493.06
1748210989133.0,2491.48,2492.98
1748210989887.0,2491.69,2493.19
1748210990039.0,2491.61,2493.11
1748210990235.0,2491.6,2493.1
1748210990335.0,2491.56,2493.06
1748210990586.0,2491.48,2492.98
1748210990984.0,2491.4,2492.9
1748210991220.0,2491.44,2492.94
1748210991433.0,2491.48,2492.98
1748210992007.0,2491.61,2493.11
1748210992236.0,2491.65,2493.15
1748210992458.0,2491.69,2493.19
1748210993342.0,2491.77,2493.27
1748210994388.0,2492.28,2493.78
1748210994611.0,2492.15,2493.65
1748210995921.0,2492.11,2493.61
1748210996211.0,2491.94,2493.44
1748210997448.0,2491.77,2493.27
1748210997827.0,2491.82,2493.32
1748210997974.0,2491.9,2493.4
1748210998209.0,2491.98,2493.48
1748210998401.0,2491.99,2493.49
1748210998630.0,2492.02,2493.52
1748210998726.0,2491.98,2493.48
1748211000050.0,2491.77,2493.27
1748211000341.0,2491.9,2493.4
1748211000470.0,2491.91,2493.41
1748211000567.0,2492.15,2493.65
1748211001143.0,2492.03,2493.53
1748211001434.0,2491.73,2493.23
1748211001581.0,2491.61,2493.11
1748211002270.0,2491.65,2493.15
1748211002484.0,2491.61,2493.11
1748211002709.0,2491.69,2493.19
1748211003010.0,2491.48,2492.98
1748211003354.0,2491.44,2492.94
1748211003568.0,2491.48,2492.98
1748211003774.0,2491.49,2492.99
1748211003869.0,2491.77,2493.27
1748211004734.0,2491.82,2493.32
1748211004882.0,2491.9,2493.4
1748211007519.0,2491.91,2493.41
1748211007614.0,2492.11,2493.61
1748211008190.0,2492.12,2493.62
1748211008283.0,2492.45,2493.95
1748211008429.0,2492.57,2494.07
1748211008653.0,2492.66,2494.16
1748211008880.0,2492.82,2494.32
1748211009182.0,2492.99,2494.49
1748211009330.0,2492.95,2494.45
1748211009900.0,2492.82,2494.32
1748211010137.0,2492.66,2494.16
1748211010350.0,2492.74,2494.24
1748211010575.0,2492.7,2494.2
1748211010799.0,2492.66,2494.16
1748211011004.0,2492.65,2494.15
1748211011100.0,2492.57,2494.07
1748211012241.0,2492.56,2494.06
1748211012323.0,2492.32,2493.82
1748211012903.0,2492.36,2493.86
1748211014058.0,2492.4,2493.9
1748211014270.0,2492.32,2493.82
1748211015452.0,2492.36,2493.86
1748211015918.0,2491.94,2493.44
1748211016824.0,2491.77,2493.27
1748211017263.0,2491.73,2493.23
1748211017478.0,2491.69,2493.19
1748211017780.0,2491.94,2493.44
1748211017928.0,2491.77,2493.27
1748211018491.0,2491.69,2493.19
1748211018685.0,2491.7,2493.2
1748211018782.0,2491.98,2493.48
1748211018931.0,2491.9,2493.4
1748211019471.0,2491.94,2493.44
1748211019665.0,2491.95,2493.45
1748211019762.0,2492.11,2493.61
1748211019910.0,2492.07,2493.57
1748211020365.0,2492.15,2493.65
1748211020579.0,2492.07,2493.57
1748211020804.0,2492.15,2493.65
1748211021550.0,2492.28,2493.78
1748211022156.0,2492.36,2493.86
1748211022436.0,2492.32,2493.82
1748211022662.0,2492.28,2493.78
1748211022964.0,2492.15,2493.65
1748211023691.0,2491.98,2493.48
1748211024685.0,2491.82,2493.32
1748211024898.0,2491.98,2493.48
1748211026872.0,2491.9,2493.4
1748211027098.0,2492.03,2493.53
1748211027291.0,2492.02,2493.52
1748211027389.0,2491.94,2493.44
1748211027639.0,2491.9,2493.4
1748211027943.0,2491.73,2493.23
1748211028319.0,2491.69,2493.19
1748211028706.0,2491.61,2493.11
1748211029639.0,2491.65,2493.15
1748211029852.0,2491.69,2493.19
1748211031180.0,2491.73,2493.23
1748211031392.0,2491.61,2493.11
1748211031796.0,2491.65,2493.15
1748211032023.0,2491.69,2493.19
1748211032607.0,2491.48,2492.98
1748211033473.0,2491.35,2492.85
1748211033667.0,2491.36,2492.86
1748211033764.0,2491.4,2492.9
1748211034879.0,2491.39,2492.89
1748211034973.0,2491.14,2492.64
1748211035972.0,2491.31,2492.81
1748211036129.0,2491.23,2492.73
1748211036325.0,2491.22,2492.72
1748211036422.0,2491.1,2492.6
1748211036888.0,2490.93,2492.43
1748211037092.0,2490.94,2492.44
1748211037188.0,2491.1,2492.6
1748211037574.0,2490.93,2492.43
1748211038577.0,2490.94,2492.44
1748211038677.0,2490.98,2492.48
1748211038823.0,2491.02,2492.52
1748211040018.0,2491.06,2492.56
1748211040234.0,2491.02,2492.52
1748211040719.0,2491.23,2492.73
1748211041194.0,2491.14,2492.64
1748211041409.0,2491.06,2492.56
1748211041792.0,2491.1,2492.6
1748211043265.0,2491.02,2492.52
1748211043478.0,2491.06,2492.56
1748211044083.0,2491.1,2492.6
1748211044299.0,2491.02,2492.52
1748211044524.0,2491.06,2492.56
1748211045082.0,2491.23,2492.73
1748211045369.0,2491.1,2492.6
1748211045596.0,2491.48,2492.98
1748211045743.0,2491.61,2493.11
1748211046081.0,2491.69,2493.19
1748211046613.0,2491.7,2493.2
1748211046707.0,2492.11,2493.61
1748211046853.0,2492.03,2493.53
1748211047155.0,2491.98,2493.48
1748211047759.0,2491.94,2493.44
1748211048360.0,2491.77,2493.27
1748211049063.0,2491.73,2493.23
1748211049277.0,2491.65,2493.15
1748211050110.0,2491.61,2493.11
1748211050576.0,2491.4,2492.9
1748211051005.0,2491.23,2492.73
1748211052257.0,2491.1,2492.6
1748211052788.0,2491.06,2492.56
1748211053016.0,2491.1,2492.6
1748211054213.0,2491.02,2492.52
1748211054634.0,2490.98,2492.48
1748211054837.0,2490.97,2492.47
1748211055061.0,2490.94,2492.44
1748211055159.0,2490.98,2492.48
1748211055309.0,2491.02,2492.52
1748211055638.0,2491.01,2492.51
1748211055734.0,2490.93,2492.43
1748211056270.0,2490.98,2492.48
1748211056396.0,2490.97,2492.47
1748211056495.0,2490.93,2492.43
1748211056906.0,2490.98,2492.48
1748211057066.0,2491.1,2492.6
1748211058500.0,2491.09,2492.59
1748211058592.0,2490.68,2492.18
1748211059171.0,2490.64,2492.14
1748211060138.0,2490.6,2492.1
1748211060353.0,2490.64,2492.14
1748211061663.0,2490.6,2492.1
1748211062059.0,2490.64,2492.14
1748211063195.0,2490.63,2492.13
1748211063291.0,2490.43,2491.93
1748211064552.0,2490.47,2491.97
1748211064766.0,2490.43,2491.93
1748211065274.0,2490.3,2491.8
1748211065705.0,2490.26,2491.76
1748211066852.0,2490.05,2491.55
1748211067304.0,2490.09,2491.59
1748211067519.0,2490.05,2491.55
1748211067722.0,2490.06,2491.56
1748211067819.0,2490.22,2491.72
1748211068130.0,2490.3,2491.8
1748211068324.0,2490.31,2491.81
1748211068548.0,2490.34,2491.84
1748211068645.0,2490.3,2491.8
1748211068960.0,2490.31,2491.81
1748211069057.0,2490.35,2491.85
1748211070141.0,2490.14,2491.64
1748211070536.0,2490.09,2491.59
1748211070738.0,2490.1,2491.6
1748211070835.0,2490.26,2491.76
1748211070984.0,2490.22,2491.72
1748211071219.0,2490.14,2491.64
1748211071434.0,2490.3,2491.8
1748211071658.0,2490.14,2491.64
1748211071930.0,2490.22,2491.72
1748211072945.0,2490.09,2491.59
1748211073237.0,2490.35,2491.85
1748211073896.0,2490.3,2491.8
1748211074230.0,2490.14,2491.64
1748211074852.0,2490.09,2491.59
1748211075153.0,2490.22,2491.72
1748211075300.0,2490.26,2491.76
1748211075526.0,2490.22,2491.72
1748211076666.0,2490.26,2491.76
1748211076881.0,2490.14,2491.64
1748211077666.0,2490.13,2491.63
1748211077909.0,2490.05,2491.55
1748211080111.0,2490.01,2491.51
1748211080658.0,2489.97,2491.47
1748211081455.0,2489.93,2491.43
1748211083129.0,2490.09,2491.59
1748211083342.0,2489.97,2491.47
1748211083747.0,2490.01,2491.51
1748211083971.0,2490.05,2491.55
1748211084476.0,2490.01,2491.51
1748211085097.0,2490.09,2491.59
1748211085312.0,2489.97,2491.47
1748211086451.0,2489.93,2491.43
1748211086646.0,2489.92,2491.42
1748211086741.0,2489.8,2491.3
1748211086890.0,2489.84,2491.34
1748211087685.0,2489.93,2491.43
1748211087900.0,2489.97,2491.47
1748211088106.0,2489.96,2491.46
1748211088203.0,2489.84,2491.34
1748211089722.0,2489.93,2491.43
1748211089937.0,2489.97,2491.47
1748211090708.0,2489.93,2491.43
1748211091501.0,2489.92,2491.42
1748211091594.0,2489.67,2491.17
1748211092343.0,2489.72,2491.22
1748211092547.0,2489.71,2491.21
1748211092645.0,2489.63,2491.13
1748211092793.0,2489.59,2491.09
1748211094282.0,2489.63,2491.13
1748211094495.0,2489.67,2491.17
1748211094700.0,2489.68,2491.18
1748211094946.0,2489.76,2491.26
1748211095181.0,2489.67,2491.17
1748211095773.0,2489.76,2491.26
1748211096849.0,2489.8,2491.3
1748211097073.0,2489.84,2491.34
1748211097364.0,2490.01,2491.51
1748211097634.0,2489.97,2491.47
1748211099162.0,2490.01,2491.51
1748211100152.0,2490.05,2491.55
1748211101389.0,2490.35,2491.85
1748211102502.0,2490.34,2491.84
1748211102597.0,2490.3,2491.8
1748211102725.0,2490.31,2491.81
1748211102824.0,2490.35,2491.85
1748211103766.0,2490.39,2491.89
1748211104164.0,2490.3,2491.8
1748211104787.0,2490.31,2491.81
1748211104883.0,2490.35,2491.85
1748211105560.0,2490.3,2491.8
1748211106138.0,2490.09,2491.59
1748211106352.0,2490.05,2491.55
1748211107897.0,2490.09,2491.59
1748211108543.0,2489.97,2491.47
1748211108835.0,2489.84,2491.34
1748211109157.0,2489.85,2491.35
1748211109251.0,2489.97,2491.47
1748211110216.0,2490.01,2491.51
1748211110429.0,2490.05,2491.55
1748211112653.0,2490.01,2491.51
1748211113725.0,2490.09,2491.59
1748211113938.0,2490.05,2491.55
1748211114761.0,2489.93,2491.43
1748211117378.0,2489.92,2491.42
1748211117473.0,2489.84,2491.34
1748211118181.0,2489.85,2491.35
1748211118274.0,2490.05,2491.55
1748211119477.0,2490.01,2491.51
1748211119941.0,2489.67,2491.17
1748211120355.0,2489.68,2491.18
1748211120451.0,2489.72,2491.22
1748211122256.0,2489.76,2491.26
1748211123177.0,2489.51,2491.01
1748211123861.0,2489.59,2491.09
1748211125368.0,2489.63,2491.13
1748211125824.0,2489.59,2491.09
1748211126034.0,2489.62,2491.12
1748211126129.0,2490.39,2491.89
1748211126352.0,2490.72,2492.22
1748211126644.0,2490.73,2492.23
1748211126741.0,2490.77,2492.27
1748211126889.0,2490.93,2492.43
1748211127705.0,2490.94,2492.44
1748211127802.0,2490.98,2492.48
1748211128139.0,2491.06,2492.56
1748211128353.0,2490.98,2492.48
1748211129006.0,2490.93,2492.43
1748211129796.0,2490.89,2492.39
1748211130012.0,2490.81,2492.31
1748211134175.0,2490.8,2492.3
1748211134269.0,2490.64,2492.14
1748211134417.0,2490.6,2492.1
1748211135106.0,2490.64,2492.14
1748211136458.0,2490.68,2492.18
1748211138946.0,2490.51,2492.01
1748211139140.0,2490.53,2492.03
1748211139237.0,2490.93,2492.43
1748211139459.0,2490.98,2492.48
1748211139608.0,2491.02,2492.52
1748211139864.0,2491.06,2492.56
1748211140101.0,2490.98,2492.48
1748211140692.0,2490.93,2492.43
1748211141804.0,2490.89,2492.39
1748211142022.0,2490.81,2492.31
1748211142244.0,2490.77,2492.27
1748211142469.0,2490.81,2492.31
1748211142866.0,2490.89,2492.39
1748211144233.0,2491.02,2492.52
1748211144667.0,2490.98,2492.48
1748211144892.0,2491.02,2492.52
1748211145595.0,2490.98,2492.48
1748211145790.0,2490.97,2492.47
1748211145887.0,2490.93,2492.43
1748211146826.0,2490.97,2492.47
1748211146922.0,2490.93,2492.43
1748211147895.0,2490.94,2492.44
1748211147990.0,2491.06,2492.56
1748211149323.0,2490.93,2492.43
1748211149989.0,2490.89,2492.39
1748211151126.0,2490.93,2492.43
1748211152001.0,2490.89,2492.39
1748211152236.0,2490.68,2492.18
1748211153802.0,2490.81,2492.31
1748211153949.0,2490.77,2492.27
1748211154637.0,2490.89,2492.39
1748211154874.0,2490.81,2492.31
1748211155395.0,2490.89,2492.39
1748211156767.0,2490.93,2492.43
1748211157584.0,2490.98,2492.48
1748211158431.0,2491.06,2492.56
1748211158721.0,2491.56,2493.06
1748211158946.0,2492.74,2494.24
1748211159104.0,2492.91,2494.41
1748211159301.0,2492.9,2494.4
1748211159397.0,2492.66,2494.16
1748211159543.0,2492.7,2494.2
1748211160274.0,2492.45,2493.95
1748211160422.0,2492.66,2494.16
1748211160626.0,2492.65,2494.15
1748211160722.0,2492.57,2494.07
1748211161059.0,2492.4,2493.9
1748211161348.0,2492.57,2494.07
1748211162182.0,2492.61,2494.11
1748211162395.0,2492.53,2494.03
1748211162695.0,2492.36,2493.86
1748211162923.0,2492.57,2494.07
1748211163081.0,2492.45,2493.95
1748211163370.0,2492.36,2493.86
1748211164818.0,2492.41,2493.91
1748211164915.0,2492.45,2493.95
1748211165612.0,2492.36,2493.86
1748211166089.0,2492.24,2493.74
1748211166301.0,2492.32,2493.82
1748211166526.0,2492.24,2493.74
1748211166917.0,2492.23,2493.73
1748211167171.0,2492.24,2493.74
1748211167972.0,2492.23,2493.73
1748211168070.0,2492.15,2493.65
1748211169730.0,2492.11,2493.61
1748211170020.0,2491.9,2493.4
1748211170149.0,2491.91,2493.41
1748211170246.0,2492.11,2493.61
1748211170574.0,2491.98,2493.48
1748211170780.0,2491.99,2493.49
1748211170877.0,2492.07,2493.57
1748211171187.0,2492.03,2493.53
1748211171382.0,2492.02,2493.52
1748211171479.0,2491.94,2493.44
1748211171879.0,2491.95,2493.45
1748211171977.0,2492.07,2493.57
1748211172515.0,2492.11,2493.61
1748211172731.0,2492.15,2493.65
1748211173477.0,2492.16,2493.66
1748211173573.0,2492.28,2493.78
1748211174989.0,2492.29,2493.79
1748211175085.0,2492.53,2494.03
1748211175309.0,2492.36,2493.86
1748211176014.0,2492.32,2493.82
1748211177202.0,2492.45,2493.95
1748211177491.0,2492.4,2493.9
1748211178100.0,2492.53,2494.03
1748211178249.0,2492.4,2493.9
1748211178451.0,2492.41,2493.91
1748211178548.0,2492.45,2493.95
1748211178823.0,2492.66,2494.16
1748211179124.0,2492.61,2494.11
1748211179270.0,2492.57,2494.07
1748211179497.0,2492.61,2494.11
1748211180298.0,2492.62,2494.12
1748211180394.0,2492.66,2494.16
1748211181334.0,2492.57,2494.07
1748211181480.0,2492.66,2494.16
1748211183706.0,2492.65,2494.15
1748211183801.0,2492.61,2494.11
1748211184027.0,2492.66,2494.16
1748211184154.0,2492.65,2494.15
1748211184380.0,2492.58,2494.08
1748211184478.0,2492.95,2494.45
1748211184704.0,2493.12,2494.62
1748211185426.0,2493.08,2494.58
1748211185618.0,2493.07,2494.57
1748211185715.0,2493.03,2494.53
1748211185863.0,2492.91,2494.41
1748211186381.0,2493.03,2494.53
1748211187438.0,2493.2,2494.7
1748211187564.0,2493.21,2494.71
1748211187661.0,2493.33,2494.83
1748211188790.0,2493.32,2494.82
1748211188885.0,2493.24,2494.74
1748211189138.0,2493.29,2494.79
1748211189354.0,2493.33,2494.83
1748211189654.0,2493.24,2494.74
1748211189805.0,2493.29,2494.79
1748211190029.0,2493.33,2494.83
1748211191380.0,2493.37,2494.87
1748211191593.0,2493.33,2494.83
1748211191818.0,2493.41,2494.91
1748211192299.0,2493.24,2494.74
1748211192552.0,2493.2,2494.7
1748211192759.0,2493.19,2494.69
1748211192856.0,2492.99,2494.49
1748211193230.0,2493.03,2494.53
1748211194705.0,2492.95,2494.45
1748211195483.0,2492.99,2494.49
1748211195776.0,2493.12,2494.62
1748211195924.0,2493.08,2494.58
1748211196992.0,2493.03,2494.53
1748211197557.0,2493.05,2494.55
1748211197653.0,2493.45,2494.95
1748211197798.0,2493.37,2494.87
1748211198261.0,2493.54,2495.04
1748211198477.0,2493.62,2495.12
1748211198701.0,2493.58,2495.08
1748211199136.0,2493.24,2494.74
1748211199282.0,2493.03,2494.53
1748211199918.0,2493.06,2494.56
1748211200138.0,2493.7,2495.2
1748211200235.0,2493.54,2495.04
1748211202348.0,2493.58,2495.08
1748211202562.0,2493.54,2495.04
1748211203564.0,2493.45,2494.95
1748211204172.0,2493.46,2494.96
1748211204269.0,2493.54,2495.04
1748211204668.0,2493.41,2494.91
1748211205882.0,2493.37,2494.87
1748211206280.0,2493.41,2494.91
1748211206491.0,2493.45,2494.95
1748211207068.0,2493.54,2495.04
1748211207224.0,2493.58,2495.08
1748211208802.0,2493.54,2495.04
1748211209338.0,2493.41,2494.91
1748211210892.0,2493.54,2495.04
1748211211650.0,2493.53,2495.03
1748211211949.0,2493.45,2494.95
1748211212184.0,2493.41,2494.91
1748211212397.0,2493.37,2494.87
1748211212626.0,2493.33,2494.83
1748211213278.0,2493.32,2494.82
1748211213597.0,2493.58,2495.08
1748211213893.0,2493.45,2494.95
1748211214640.0,2493.54,2495.04
1748211214841.0,2493.59,2495.09
1748211215013.0,2493.55,2495.05
1748211215239.0,2493.46,2494.96
1748211216047.0,2493.47,2494.97
1748211216143.0,2493.63,2495.13
1748211216557.0,2493.55,2495.05
1748211216779.0,2493.59,2495.09
1748211217210.0,2493.63,2495.13
1748211218242.0,2493.67,2495.17
1748211218455.0,2493.59,2495.09
1748211219350.0,2493.67,2495.17
1748211220200.0,2493.68,2495.18
1748211220297.0,2493.72,2495.22
1748211221012.0,2493.76,2495.26
1748211221236.0,2493.72,2495.22
1748211221890.0,2493.76,2495.26
1748211222128.0,2493.72,2495.22
1748211223410.0,2493.71,2495.21
1748211223507.0,2493.67,2495.17
1748211223779.0,2493.82,2495.32
1748211224236.0,2493.87,2495.37
1748211224555.0,2493.86,2495.36
1748211224652.0,2493.82,2495.32
1748211225428.0,2493.78,2495.28
1748211228424.0,2493.82,2495.32
1748211228811.0,2493.78,2495.28
1748211229866.0,2493.82,2495.32
1748211230362.0,2493.78,2495.28
1748211231262.0,2493.74,2495.24
1748211231475.0,2493.61,2495.11
1748211231699.0,2493.57,2495.07
1748211232152.0,2493.53,2495.03
1748211232539.0,2493.49,2494.99
1748211233212.0,2493.45,2494.95
1748211233667.0,2493.49,2494.99
1748211234478.0,2493.61,2495.11
1748211235393.0,2493.62,2495.12
1748211235489.0,2493.7,2495.2
1748211235646.0,2493.61,2495.11
1748211237480.0,2493.7,2495.2
1748211238174.0,2493.61,2495.11
1748211238522.0,2493.7,2495.2
1748211240372.0,2493.61,2495.11
1748211244896.0,2493.24,2494.74
1748211245119.0,2493.11,2494.61
1748211245267.0,2493.15,2494.65
1748211245493.0,2493.11,2494.61
1748211247349.0,2493.19,2494.69
1748211247938.0,2493.24,2494.74
1748211248066.0,2493.23,2494.73
1748211248313.0,2492.94,2494.44
1748211248538.0,2492.9,2494.4
1748211248762.0,2492.94,2494.44
1748211249875.0,2493.07,2494.57
1748211251110.0,2493.19,2494.69
1748211251635.0,2493.15,2494.65
1748211251861.0,2493.19,2494.69
1748211253126.0,2493.18,2494.68
1748211253220.0,2492.9,2494.4
1748211254173.0,2492.77,2494.27
1748211255753.0,2492.69,2494.19
1748211256481.0,2492.56,2494.06
1748211257322.0,2492.52,2494.02
1748211257605.0,2492.48,2493.98
1748211257831.0,2492.52,2494.02
1748211258752.0,2492.56,2494.06
1748211258965.0,2492.48,2493.98
1748211259200.0,2492.52,2494.02
1748211260894.0,2492.56,2494.06
1748211261119.0,2492.48,2493.98
1748211261340.0,2492.52,2494.02
1748211261886.0,2492.53,2494.03
1748211261982.0,2492.73,2494.23
1748211262476.0,2492.77,2494.27
1748211262691.0,2492.73,2494.23
1748211265558.0,2492.69,2494.19
1748211266530.0,2492.52,2494.02
1748211266689.0,2492.48,2493.98
1748211268108.0,2492.4,2493.9
1748211269122.0,2492.44,2493.94
1748211269450.0,2492.48,2493.98
1748211269674.0,2492.52,2494.02
1748211270243.0,2492.48,2493.98
1748211270845.0,2492.31,2493.81
1748211271214.0,2492.27,2493.77
1748211271435.0,2492.19,2493.69
1748211271634.0,2492.18,2493.68
1748211271730.0,2492.1,2493.6
1748211272119.0,2492.09,2493.59
1748211272213.0,2491.85,2493.35
1748211272997.0,2491.81,2493.31
1748211273231.0,2491.85,2493.35
1748211273706.0,2491.89,2493.39
1748211273933.0,2491.93,2493.43
1748211274783.0,2491.98,2493.48
1748211276786.0,2492.06,2493.56
1748211277303.0,2491.89,2493.39
1748211277988.0,2491.93,2493.43
1748211284244.0,2492.98,2494.48
1748211285083.0,2492.99,2494.49
1748211285325.0,2492.98,2494.48
1748211287437.0,2492.94,2494.44
1748211287650.0,2492.98,2494.48
1748211289838.0,2492.99,2494.49
1748211290091.0,2492.98,2494.48
1748211290306.0,2492.9,2494.4
1748211290661.0,2492.86,2494.36
1748211290887.0,2492.82,2494.32
1748211291617.0,2492.86,2494.36
1748211291831.0,2492.82,2494.32
1748211293943.0,2492.86,2494.36
1748211294169.0,2492.98,2494.48
1748211294802.0,2493.07,2494.57
1748211295472.0,2493.06,2494.56
1748211295567.0,2492.94,2494.44
1748211296063.0,2492.9,2494.4
1748211297354.0,2492.89,2494.39
1748211297449.0,2492.52,2494.02
1748211297826.0,2492.56,2494.06
1748211298338.0,2492.73,2494.23
1748211299234.0,2492.77,2494.27
1748211300116.0,2492.78,2494.28
1748211300211.0,2492.82,2494.32
1748211302183.0,2492.86,2494.36
1748211302471.0,2492.77,2494.27
1748211302620.0,2492.69,2494.19
1748211302845.0,2492.77,2494.27
1748211303538.0,2492.78,2494.28
1748211303632.0,2492.86,2494.36
1748211304191.0,2492.9,2494.4
1748211304911.0,2492.98,2494.48
1748211306743.0,2492.9,2494.4
1748211306939.0,2492.91,2494.41
1748211307036.0,2493.15,2494.65
1748211309654.0,2493.19,2494.69
1748211310022.0,2493.18,2494.68
1748211310119.0,2492.82,2494.32
1748211310341.0,2492.77,2494.27
1748211310489.0,2492.73,2494.23
1748211310938.0,2492.9,2494.4
1748211311931.0,2492.82,2494.32
1748211312832.0,2492.81,2494.31
1748211312928.0,2492.69,2494.19
1748211313150.0,2492.86,2494.36
1748211313299.0,2492.9,2494.4
1748211313788.0,2492.94,2494.44
1748211314451.0,2492.9,2494.4
1748211315338.0,2492.86,2494.36
1748211315531.0,2492.85,2494.35
1748211315627.0,2492.73,2494.23
1748211316016.0,2492.69,2494.19
1748211316315.0,2492.52,2494.02
1748211316720.0,2492.4,2493.9
1748211316986.0,2492.44,2493.94
1748211318136.0,2492.48,2493.98
1748211318350.0,2492.44,2493.94
1748211318575.0,2492.4,2493.9
1748211318969.0,2492.44,2493.94
1748211319320.0,2492.4,2493.9
1748211319535.0,2492.48,2493.98
1748211319758.0,2492.56,2494.06
1748211319984.0,2492.52,2494.02
1748211320392.0,2492.56,2494.06
1748211320585.0,2492.57,2494.07
1748211320684.0,2492.73,2494.23
1748211320833.0,2492.77,2494.27
1748211321259.0,2492.81,2494.31
1748211321357.0,2492.77,2494.27
1748211323054.0,2492.61,2494.11
1748211324842.0,2492.69,2494.19
1748211330421.0,2492.61,2494.11
1748211331873.0,2492.69,2494.19
1748211332095.0,2492.56,2494.06
1748211332805.0,2492.52,2494.02
1748211333108.0,2492.14,2493.64
1748211333266.0,2492.1,2493.6
1748211333666.0,2491.89,2493.39
1748211334346.0,2492.06,2493.56
1748211334474.0,2492.05,2493.55
1748211334571.0,2491.85,2493.35
1748211334719.0,2491.81,2493.31
1748211335949.0,2491.85,2493.35
1748211336639.0,2491.81,2493.31
1748211337349.0,2491.72,2493.22
1748211337674.0,2491.77,2493.27
1748211339192.0,2491.81,2493.31
1748211339407.0,2491.89,2493.39
1748211340149.0,2491.93,2493.43
1748211340647.0,2491.94,2493.44
1748211340744.0,2491.98,2493.48
1748211340894.0,2492.06,2493.56
1748211341414.0,2491.98,2493.48
1748211345149.0,2492.06,2493.56
1748211346376.0,2491.98,2493.48
1748211346587.0,2492.1,2493.6
1748211346813.0,2491.89,2493.39
1748211349736.0,2491.81,2493.31
1748211350205.0,2491.98,2493.48
1748211350673.0,2491.89,2493.39
1748211350824.0,2491.93,2493.43
1748211351317.0,2491.89,2493.39
1748211352801.0,2491.85,2493.35
1748211353891.0,2491.89,2493.39
1748211354429.0,2491.49,2492.99
1748211354938.0,2491.48,2492.98
1748211355034.0,2491.44,2492.94
1748211356740.0,2491.36,2492.86
1748211360126.0,2491.53,2493.03
1748211361261.0,2491.49,2492.99
1748211362157.0,2491.53,2493.03
1748211362613.0,2491.49,2492.99
1748211366937.0,2491.65,2493.15
1748211367160.0,2491.57,2493.07
1748211367615.0,2491.7,2493.2
1748211368862.0,2491.65,2493.15
1748211369506.0,2491.66,2493.16
1748211369601.0,2491.82,2493.32
1748211369750.0,2491.86,2493.36
1748211371025.0,2491.74,2493.24
1748211373132.0,2491.7,2493.2
1748211373420.0,2491.65,2493.15
1748211373549.0,2491.66,2493.16
1748211373646.0,2491.74,2493.24
1748211375578.0,2491.7,2493.2
1748211375793.0,2491.74,2493.24
1748211377426.0,2491.36,2492.86
1748211377795.0,2491.32,2492.82
1748211378020.0,2491.36,2492.86
1748211378246.0,2491.32,2492.82
1748211378470.0,2491.44,2492.94
1748211378834.0,2491.45,2492.95
1748211378931.0,2491.53,2493.03
1748211379093.0,2491.65,2493.15
1748211382160.0,2491.7,2493.2
1748211382701.0,2491.78,2493.28
1748211383199.0,2491.74,2493.24
1748211386749.0,2491.78,2493.28
1748211387152.0,2491.7,2493.2
1748211387368.0,2491.74,2493.24
1748211391246.0,2491.7,2493.2
1748211393211.0,2491.71,2493.21
1748211393305.0,2492.2,2493.7
1748211394301.0,2492.12,2493.62
1748211394587.0,2492.07,2493.57
1748211395602.0,2492.12,2493.62
1748211395815.0,2492.2,2493.7
1748211396052.0,2492.28,2493.78
1748211396267.0,2492.2,2493.7
1748211396705.0,2492.12,2493.62
1748211398927.0,2492.11,2493.61
1748211399024.0,2492.07,2493.57
1748211399184.0,2491.99,2493.49
1748211400532.0,2491.86,2493.36
1748211401137.0,2491.87,2493.37
1748211401233.0,2491.91,2493.41
1748211401888.0,2491.99,2493.49
1748211402294.0,2491.91,2493.41
1748211402518.0,2491.99,2493.49
1748211403959.0,2491.91,2493.41
1748211405307.0,2492.03,2493.53
1748211406511.0,2492.05,2493.55
1748211406604.0,2492.58,2494.08
1748211406964.0,2492.54,2494.04
1748211408061.0,2492.75,2494.25
1748211408348.0,2492.66,2494.16
1748211409550.0,2492.49,2493.99
1748211410371.0,2492.5,2494.0
1748211410468.0,2492.58,2494.08
1748211411841.0,2492.49,2493.99
1748211412157.0,2492.5,2494.0
1748211412253.0,2492.66,2494.16
1748211412669.0,2492.7,2494.2
1748211414021.0,2492.66,2494.16
1748211414235.0,2492.49,2493.99
1748211415094.0,2492.5,2494.0
1748211415189.0,2492.54,2494.04
1748211415335.0,2492.66,2494.16
1748211415561.0,2492.58,2494.08
1748211416782.0,2492.54,2494.04
1748211417150.0,2492.53,2494.03
1748211417246.0,2492.49,2493.99
1748211419758.0,2492.45,2493.95
1748211419976.0,2492.32,2493.82
1748211420179.0,2492.33,2493.83
1748211420274.0,2492.45,2493.95
1748211420671.0,2492.41,2493.91
1748211420897.0,2492.32,2493.82
1748211420998.0,2492.33,2493.83
1748211422239.0,2492.38,2493.88
1748211423022.0,2492.42,2493.92
1748211423947.0,2492.46,2493.96
1748211424583.0,2492.5,2494.0
1748211426353.0,2492.46,2493.96
1748211426598.0,2492.5,2494.0
1748211427573.0,2492.46,2493.96
1748211434697.0,2492.42,2493.92
1748211437438.0,2492.46,2493.96
1748211437662.0,2492.42,2493.92
1748211438344.0,2492.55,2494.05
1748211441033.0,2492.54,2494.04
1748211441272.0,2492.5,2494.0
1748211441842.0,2492.55,2494.05
1748211442610.0,2492.5,2494.0
1748211442932.0,2492.46,2493.96
1748211443168.0,2492.5,2494.0
1748211443628.0,2492.84,2494.34
1748211444223.0,2492.76,2494.26
1748211444966.0,2492.84,2494.34
1748211445659.0,2492.88,2494.38
1748211446841.0,2492.76,2494.26
1748211447467.0,2492.75,2494.25
1748211447563.0,2492.71,2494.21
1748211448137.0,2492.76,2494.26
1748211448331.0,2492.75,2494.25
1748211448426.0,2492.71,2494.21
1748211449421.0,2492.72,2494.22
1748211449516.0,2492.8,2494.3
1748211450751.0,2492.84,2494.34
1748211450965.0,2492.76,2494.26
1748211452594.0,2492.8,2494.3
1748211453930.0,2492.76,2494.26
1748211457440.0,2492.75,2494.25
1748211457537.0,2492.67,2494.17
1748211462993.0,2492.71,2494.21
1748211463920.0,2492.67,2494.17
1748211464146.0,2492.76,2494.26
1748211464359.0,2492.8,2494.3
1748211468528.0,2492.76,2494.26
1748211469626.0,2492.75,2494.25
1748211469723.0,2492.67,2494.17
1748211470821.0,2492.76,2494.26
1748211471793.0,2492.84,2494.34
1748211474242.0,2492.96,2494.46
1748211475959.0,2493.22,2494.72
1748211476935.0,2493.18,2494.68
1748211477374.0,2493.3,2494.8
1748211477749.0,2493.22,2494.72
1748211478050.0,2493.13,2494.63
1748211478209.0,2493.18,2494.68
1748211479938.0,2493.3,2494.8
1748211480476.0,2493.31,2494.81
1748211480572.0,2493.51,2495.01
1748211481002.0,2493.43,2494.93
1748211481232.0,2493.51,2495.01
1748211482060.0,2493.55,2495.05
1748211482273.0,2493.51,2495.01
1748211482932.0,2493.47,2494.97
1748211483709.0,2493.51,2495.01
1748211484275.0,2493.47,2494.97
1748211484489.0,2493.51,2495.01
1748211485077.0,2493.43,2494.93
1748211485557.0,2493.47,2494.97
1748211487489.0,2493.35,2494.85
1748211487809.0,2493.34,2494.84
1748211487961.0,2493.22,2494.72
1748211489043.0,2493.13,2494.63
1748211490945.0,2493.13,2494.63
1748211491255.0,2493.34,2494.84
1748211491490.0,2493.3,2494.8
1748211496705.0,2493.34,2494.84
1748211496918.0,2493.3,2494.8
1748211497436.0,2493.39,2494.89
1748211497868.0,2493.51,2495.01
1748211499086.0,2493.47,2494.97
1748211499908.0,2493.43,2494.93
1748211500318.0,2493.47,2494.97
1748211501452.0,2493.43,2494.93
1748211502833.0,2493.22,2494.72
1748211504609.0,2493.13,2494.63
1748211506810.0,2493.05,2494.55
1748211509908.0,2492.96,2494.46
1748211510131.0,2492.8,2494.3
1748211510423.0,2492.84,2494.34
1748211511298.0,2492.76,2494.26
1748211512297.0,2492.8,2494.3
1748211512509.0,2492.84,2494.34
1748211512814.0,2492.88,2494.38
1748211513052.0,2492.96,2494.46
1748211513341.0,2493.05,2494.55
1748211513751.0,2493.01,2494.51
1748211513978.0,2492.96,2494.46
1748211514279.0,2493.01,2494.51
1748211514632.0,2492.97,2494.47
1748211514878.0,2493.05,2494.55
1748211515357.0,2493.01,2494.51
1748211515573.0,2493.05,2494.55
1748211516542.0,2493.01,2494.51
1748211516866.0,2492.96,2494.46
1748211520581.0,2492.97,2494.47
1748211520675.0,2493.01,2494.51
1748211521448.0,2493.05,2494.55
1748211524869.0,2492.96,2494.46
1748211525498.0,2492.88,2494.38
1748211525690.0,2492.89,2494.39
1748211525917.0,2493.21,2494.71
1748211526013.0,2493.09,2494.59
1748211526295.0,2492.96,2494.46
1748211527165.0,2492.97,2494.47
1748211527259.0,2493.22,2494.72
1748211527407.0,2493.18,2494.68
1748211527786.0,2493.17,2494.67
1748211527881.0,2493.09,2494.59
1748211528272.0,2493.05,2494.55
1748211529446.0,2493.09,2494.59
1748211531219.0,2493.05,2494.55
1748211533784.0,2493.13,2494.63
1748211534750.0,2493.09,2494.59
1748211534970.0,2493.01,2494.51
1748211535198.0,2493.05,2494.55
1748211537332.0,2493.09,2494.59
1748211539130.0,2493.13,2494.63
1748211540274.0,2493.01,2494.51
1748211540487.0,2492.96,2494.46
1748211541004.0,2492.8,2494.3
1748211541365.0,2492.76,2494.26
1748211541563.0,2492.75,2494.25
1748211541659.0,2492.71,2494.21
1748211542165.0,2492.76,2494.26
1748211543309.0,2492.75,2494.25
1748211543404.0,2492.71,2494.21
1748211543553.0,2492.76,2494.26
1748211544232.0,2492.96,2494.46
1748211544447.0,2492.88,2494.38
1748211544671.0,2492.84,2494.34
1748211546696.0,2492.96,2494.46
1748211547988.0,2493.09,2494.59
1748211548146.0,2493.05,2494.55
1748211548598.0,2493.01,2494.51
1748211550045.0,2492.88,2494.38
1748211550204.0,2492.96,2494.46
1748211551154.0,2492.84,2494.34
1748211551609.0,2492.76,2494.26
1748211551910.0,2492.71,2494.21
1748211552069.0,2492.76,2494.26
1748211552721.0,2492.84,2494.34
1748211553578.0,2492.88,2494.38
1748211554305.0,2492.96,2494.46
1748211556708.0,2492.84,2494.34
1748211556923.0,2492.88,2494.38
1748211560013.0,2492.96,2494.46
1748211560232.0,2492.88,2494.38
1748211561823.0,2493.34,2494.84
1748211562929.0,2493.18,2494.68
1748211563154.0,2493.3,2494.8
1748211566187.0,2493.22,2494.72
1748211567388.0,2493.09,2494.59
1748211568163.0,2493.13,2494.63
1748211568395.0,2493.18,2494.68
1748211571148.0,2493.43,2494.93
1748211571934.0,2493.3,2494.8
1748211572693.0,2493.39,2494.89
1748211573031.0,2493.38,2494.88
1748211573128.0,2493.34,2494.84
1748211575029.0,2493.3,2494.8
1748211576828.0,2493.22,2494.72
1748211577051.0,2493.3,2494.8
1748211577271.0,2493.34,2494.84
1748211578332.0,2493.47,2494.97
1748211580608.0,2493.43,2494.93
1748211580821.0,2493.64,2495.14
1748211581588.0,2493.68,2495.18
1748211581807.0,2493.64,2495.14
1748211582170.0,2493.68,2495.18
1748211583872.0,2493.64,2495.14
1748211585068.0,2493.68,2495.18
1748211585478.0,2493.72,2495.22
1748211586380.0,2493.68,2495.18
1748211586594.0,2493.64,2495.14
1748211587503.0,2493.63,2495.13
1748211587749.0,2493.64,2495.14
1748211588727.0,2493.43,2494.93
1748211590082.0,2493.55,2495.05
1748211590586.0,2493.56,2495.06
1748211590683.0,2493.68,2495.18
1748211591100.0,2493.72,2495.22
1748211591293.0,2493.77,2495.27
1748211591518.0,2495.28,2496.78
1748211591616.0,2495.4,2496.9
1748211591794.0,2495.49,2496.99
1748211592066.0,2495.36,2496.86
1748211592243.0,2495.4,2496.9
1748211592417.0,2495.39,2496.89
1748211592515.0,2495.19,2496.69
1748211592742.0,2494.81,2496.31
1748211592928.0,2494.77,2496.27
1748211593166.0,2494.81,2496.31
1748211593378.0,2494.73,2496.23
1748211593604.0,2494.81,2496.31
1748211593839.0,2494.73,2496.23
1748211594341.0,2494.77,2496.27
1748211594733.0,2494.73,2496.23
1748211595187.0,2494.86,2496.36
1748211595600.0,2494.85,2496.35
1748211595699.0,2494.81,2496.31
1748211595854.0,2494.69,2496.19
1748211596082.0,2494.73,2496.23
1748211596924.0,2494.77,2496.27
1748211597125.0,2494.78,2496.28
1748211597224.0,2494.9,2496.4
1748211597374.0,2495.02,2496.52
1748211597623.0,2495.07,2496.57
1748211598094.0,2495.02,2496.52
1748211599253.0,2494.86,2496.36
1748211599466.0,2494.9,2496.4
1748211599691.0,2495.02,2496.52
1748211600059.0,2495.07,2496.57
1748211600272.0,2495.11,2496.61
1748211600575.0,2495.02,2496.52
1748211600725.0,2494.9,2496.4
1748211600947.0,2494.98,2496.48
1748211601273.0,2494.9,2496.4
1748211601488.0,2494.86,2496.36
1748211601788.0,2494.81,2496.31
1748211601917.0,2494.82,2496.32
1748211602173.0,2494.9,2496.4
1748211602387.0,2494.98,2496.48
1748211602738.0,2495.44,2496.94
1748211602885.0,2495.32,2496.82
1748211603333.0,2495.27,2496.77
1748211603703.0,2495.28,2496.78
1748211603800.0,2495.32,2496.82
1748211604633.0,2495.4,2496.9
1748211605029.0,2495.44,2496.94
1748211605330.0,2495.69,2497.19
1748211605477.0,2495.65,2497.15
1748211605703.0,2495.69,2497.19
1748211606211.0,2495.71,2497.21
1748211606319.0,2495.59,2497.09
1748211607199.0,2495.55,2497.05
1748211607414.0,2495.59,2497.09
1748211607864.0,2495.59,2497.09
1748211608098.0,2495.67,2497.17
1748211608753.0,2495.55,2497.05
1748211608979.0,2495.71,2497.21
1748211609616.0,2495.59,2497.09
1748211610006.0,2495.55,2497.05
1748211610695.0,2495.6,2497.1
1748211611020.0,2495.97,2497.47
1748211611177.0,2496.01,2497.51
1748211611370.0,2496.0,2497.5
1748211611468.0,2495.76,2497.26
1748211611907.0,2495.88,2497.38
1748211612374.0,2495.71,2497.21
1748211613202.0,2495.76,2497.26
1748211613348.0,2495.88,2497.38
1748211613717.0,2495.97,2497.47
1748211613866.0,2496.01,2497.51
1748211614102.0,2496.05,2497.55
1748211614314.0,2495.97,2497.47
1748211614540.0,2496.01,2497.51
1748211615550.0,2495.88,2497.38
1748211615763.0,2495.76,2497.26
1748211615967.0,2495.75,2497.25
1748211616063.0,2495.67,2497.17
1748211616290.0,2495.84,2497.34
1748211616437.0,2495.76,2497.26
1748211616663.0,2495.8,2497.3
1748211616888.0,2495.71,2497.21
1748211617247.0,2495.84,2497.34
1748211617617.0,2495.85,2497.35
1748211617838.0,2496.1,2497.6
1748211617936.0,2496.18,2497.68
1748211618162.0,2496.05,2497.55
1748211618290.0,2496.06,2497.56
1748211618549.0,2496.14,2497.64
1748211618851.0,2496.09,2497.59
1748211618999.0,2496.05,2497.55
1748211619390.0,2496.09,2497.59
1748211619601.0,2496.05,2497.55
1748211620161.0,2496.01,2497.51
1748211620564.0,2496.05,2497.55
1748211621177.0,2496.09,2497.59
1748211621789.0,2496.14,2497.64
1748211622015.0,2496.18,2497.68
1748211622239.0,2496.22,2497.72
1748211622463.0,2496.18,2497.68
1748211623575.0,2496.18,2497.68
1748211624159.0,2496.14,2497.64
1748211624448.0,2496.09,2497.59
1748211624821.0,2496.14,2497.64
1748211625176.0,2496.13,2497.63
1748211625399.0,2495.96,2497.46
1748211625495.0,2495.88,2497.38
1748211625934.0,2495.97,2497.47
1748211626094.0,2496.05,2497.55
1748211626313.0,2496.09,2497.59
1748211626537.0,2496.05,2497.55
1748211626764.0,2496.09,2497.59
1748211626988.0,2496.14,2497.64
1748211627556.0,2496.09,2497.59
1748211627935.0,2496.14,2497.64
1748211628173.0,2496.3,2497.8
1748211628927.0,2496.22,2497.72
1748211629163.0,2496.14,2497.64
1748211629453.0,2496.09,2497.59
1748211629826.0,2496.09,2497.59
1748211630432.0,2496.05,2497.55
1748211630646.0,2495.88,2497.38
1748211631430.0,2495.84,2497.34
1748211631645.0,2495.88,2497.38
1748211632090.0,2495.84,2497.34
1748211632304.0,2495.76,2497.26
1748211632677.0,2495.71,2497.21
1748211632882.0,2495.72,2497.22
1748211632980.0,2495.76,2497.26
1748211633140.0,2495.8,2497.3
1748211633983.0,2495.76,2497.26
1748211635094.0,2495.51,2497.01
1748211635707.0,2495.55,2497.05
1748211635933.0,2495.67,2497.17
1748211636383.0,2495.84,2497.34
1748211636533.0,2495.76,2497.26
1748211636758.0,2495.8,2497.3
1748211637536.0,2495.76,2497.26
1748211639685.0,2495.8,2497.3
1748211640087.0,2495.76,2497.26
1748211640847.0,2495.8,2497.3
1748211641051.0,2495.81,2497.31
1748211641149.0,2496.01,2497.51
1748211641335.0,2495.97,2497.47
1748211641540.0,2495.96,2497.46
1748211641638.0,2495.88,2497.38
1748211641786.0,2495.84,2497.34
1748211642010.0,2495.88,2497.38
1748211642314.0,2495.97,2497.47
1748211642700.0,2495.96,2497.46
1748211642795.0,2495.84,2497.34
1748211643439.0,2495.8,2497.3
1748211643976.0,2495.84,2497.34
1748211644212.0,2495.88,2497.38
1748211644680.0,2495.84,2497.34
1748211645502.0,2495.88,2497.38
1748211649283.0,2495.97,2497.47
1748211649409.0,2495.96,2497.46
1748211649654.0,2495.97,2497.47
1748211649956.0,2495.88,2497.38
1748211650183.0,2495.97,2497.47
1748211650331.0,2496.01,2497.51
1748211650638.0,2496.05,2497.55
1748211651039.0,2495.97,2497.47
1748211651524.0,2496.01,2497.51
1748211651935.0,2495.97,2497.47
1748211652913.0,2496.01,2497.51
1748211655069.0,2495.88,2497.38
1748211655284.0,2495.84,2497.34
1748211655510.0,2495.8,2497.3
1748211655734.0,2495.84,2497.34
1748211655960.0,2495.76,2497.26
1748211656194.0,2495.71,2497.21
1748211656964.0,2495.67,2497.17
1748211657200.0,2495.59,2497.09
1748211657415.0,2495.67,2497.17
1748211657640.0,2495.59,2497.09
1748211658385.0,2495.55,2497.05
1748211658672.0,2495.38,2496.88
1748211658823.0,2495.29,2496.79
1748211659058.0,2495.13,2496.63
1748211659276.0,2495.17,2496.67
1748211659501.0,2495.21,2496.71
1748211660361.0,2495.13,2496.63
1748211660752.0,2495.17,2496.67
1748211660977.0,2495.21,2496.71
1748211661216.0,2495.09,2496.59
1748211661428.0,2495.13,2496.63
1748211662098.0,2495.17,2496.67
1748211662509.0,2495.29,2496.79
1748211663343.0,2495.34,2496.84
1748211663688.0,2495.38,2496.88
1748211663914.0,2495.34,2496.84
1748211664420.0,2495.33,2496.83
1748211664665.0,2495.09,2496.59
1748211665994.0,2495.1,2496.6
1748211666237.0,2495.51,2497.01
1748211667292.0,2495.5,2497.0
1748211667536.0,2495.42,2496.92
1748211667876.0,2495.38,2496.88
1748211668113.0,2495.42,2496.92
1748211668327.0,2495.38,2496.88
1748211668554.0,2495.51,2497.01
1748211669375.0,2495.46,2496.96
1748211672640.0,2495.51,2497.01
1748211672856.0,2495.71,2497.21
1748211673475.0,2495.67,2497.17
1748211673766.0,2495.38,2496.88
1748211674401.0,2495.34,2496.84
1748211675622.0,2495.38,2496.88
1748211676779.0,2495.42,2496.92
1748211677681.0,2495.46,2496.96
1748211678687.0,2495.42,2496.92
1748211678903.0,2495.38,2496.88
1748211679137.0,2495.42,2496.92
1748211679353.0,2495.38,2496.88
1748211679577.0,2495.51,2497.01
1748211680162.0,2495.55,2497.05
1748211680358.0,2495.56,2497.06
1748211680454.0,2495.84,2497.34
1748211681060.0,2495.8,2497.3
1748211681272.0,2495.84,2497.34
1748211681497.0,2495.88,2497.38
1748211682114.0,2495.84,2497.34
1748211682501.0,2495.88,2497.38
1748211682806.0,2496.01,2497.51
1748211683915.0,2495.97,2497.47
1748211684205.0,2496.34,2497.84
1748211684429.0,2496.39,2497.89
1748211685219.0,2496.34,2497.84
1748211685507.0,2496.39,2497.89
1748211685769.0,2496.34,2497.84
1748211685995.0,2496.22,2497.72
1748211688345.0,2496.21,2497.71
1748211688440.0,2496.09,2497.59
1748211688643.0,2496.05,2497.55
1748211688869.0,2496.09,2497.59
1748211689935.0,2496.05,2497.55
1748211690375.0,2496.05,2497.55
1748211690677.0,2496.18,2497.68
1748211692056.0,2496.22,2497.72
1748211692246.0,2496.23,2497.73
1748211692343.0,2496.43,2497.93
1748211693051.0,2496.34,2497.84
1748211693947.0,2496.18,2497.68
1748211694182.0,2496.22,2497.72
1748211696160.0,2496.68,2498.18
1748211697073.0,2496.72,2498.22
1748211697286.0,2496.68,2498.18
1748211697386.0,2496.7,2498.2
1748211697864.0,2496.66,2498.16
1748211698139.0,2496.7,2498.2
1748211698354.0,2496.78,2498.28
1748211699061.0,2496.83,2498.33
1748211699220.0,2496.91,2498.41
1748211699432.0,2496.83,2498.33
1748211699658.0,2496.87,2498.37
1748211700658.0,2496.83,2498.33
1748211700871.0,2496.91,2498.41
1748211701108.0,2496.74,2498.24
1748211701808.0,2496.58,2498.08
1748211702427.0,2496.53,2498.03
1748211702750.0,2496.41,2497.91
1748211704104.0,2496.36,2497.86
1748211704320.0,2496.32,2497.82
1748211704730.0,2496.24,2497.74
1748211705470.0,2496.16,2497.66
1748211705683.0,2496.32,2497.82
1748211707359.0,2496.36,2497.86
1748211707554.0,2496.37,2497.87
1748211707652.0,2496.41,2497.91
1748211707797.0,2496.49,2497.99
1748211708495.0,2496.45,2497.95
1748211708710.0,2496.36,2497.86
1748211708914.0,2496.38,2497.88
1748211709011.0,2496.74,2498.24
1748211709446.0,2496.66,2498.16
1748211710150.0,2496.53,2498.03
1748211710365.0,2496.58,2498.08
1748211710590.0,2496.66,2498.16
1748211710815.0,2496.74,2498.24
1748211711237.0,2496.7,2498.2
1748211712975.0,2496.74,2498.24
1748211713199.0,2496.7,2498.2
1748211713413.0,2496.58,2498.08
1748211713638.0,2496.66,2498.16
1748211714099.0,2496.7,2498.2
1748211714499.0,2496.66,2498.16
1748211715295.0,2496.7,2498.2
1748211715584.0,2496.66,2498.16
1748211715809.0,2496.7,2498.2
1748211716040.0,2496.53,2498.03
1748211716476.0,2496.54,2498.04
1748211716719.0,2496.53,2498.03
1748211717106.0,2496.49,2497.99
1748211717543.0,2496.32,2497.82
1748211718303.0,2496.45,2497.95
1748211718451.0,2496.41,2497.91
1748211719677.0,2496.2,2497.7
1748211719901.0,2496.16,2497.66
1748211720364.0,2496.49,2497.99
1748211721005.0,2496.45,2497.95
1748211721210.0,2496.44,2497.94
1748211721307.0,2496.32,2497.82
1748211721468.0,2496.36,2497.86
1748211721771.0,2496.58,2498.08
1748211722925.0,2496.66,2498.16
1748211723150.0,2496.53,2498.03
1748211723592.0,2496.78,2498.28
1748211723841.0,2496.74,2498.24
1748211724142.0,2496.91,2498.41
1748211724290.0,2496.78,2498.28
1748211724742.0,2497.08,2498.58
1748211726357.0,2497.12,2498.62
1748211726648.0,2497.37,2498.87
1748211726796.0,2497.41,2498.91
1748211727021.0,2497.37,2498.87
1748211727245.0,2497.41,2498.91
1748211727471.0,2497.37,2498.87
1748211728368.0,2497.41,2498.91
1748211728755.0,2497.37,2498.87
1748211728980.0,2497.41,2498.91
1748211729928.0,2497.25,2498.75
1748211730347.0,2497.33,2498.83
1748211730557.0,2497.37,2498.87
1748211730764.0,2497.36,2498.86
1748211730860.0,2497.04,2498.54
1748211731006.0,2497.08,2498.58
1748211731643.0,2497.12,2498.62
1748211732482.0,2497.16,2498.66
1748211732695.0,2497.21,2498.71
1748211733198.0,2497.37,2498.87
1748211733534.0,2497.33,2498.83
1748211733758.0,2497.41,2498.91
1748211734599.0,2497.16,2498.66
1748211735203.0,2497.12,2498.62
1748211735416.0,2497.21,2498.71
1748211735717.0,2497.79,2499.29
1748211736379.0,2497.75,2499.25
1748211737091.0,2497.67,2499.17
1748211737305.0,2497.75,2499.25
1748211737628.0,2497.79,2499.29
1748211737930.0,2498.13,2499.63
1748211738718.0,2498.09,2499.59
1748211739316.0,2498.13,2499.63
1748211739526.0,2498.09,2499.59
1748211739967.0,2498.08,2499.58
1748211740191.0,2497.93,2499.43
1748211740291.0,2498.13,2499.63
1748211740585.0,2498.17,2499.67
1748211740811.0,2498.21,2499.71
1748211741040.0,2498.17,2499.67
1748211741678.0,2498.09,2499.59
1748211741903.0,2498.04,2499.54
1748211742136.0,2498.0,2499.5
1748211742571.0,2498.04,2499.54
1748211743581.0,2498.0,2499.5
1748211743796.0,2497.92,2499.42
1748211744021.0,2497.88,2499.38
1748211744245.0,2497.92,2499.42
1748211744471.0,2498.0,2499.5
1748211744696.0,2497.92,2499.42
1748211745261.0,2497.88,2499.38
1748211745477.0,2498.04,2499.54
1748211745701.0,2498.0,2499.5
1748211745927.0,2498.41,2499.91
1748211746151.0,2498.45,2499.95
1748211746377.0,2498.41,2499.91
1748211747109.0,2498.7,2500.2
1748211748061.0,2498.74,2500.24
1748211748275.0,2498.54,2500.04
1748211748738.0,2498.58,2500.08
1748211749148.0,2498.62,2500.12
1748211749361.0,2498.58,2500.08
1748211749587.0,2498.62,2500.12
1748211749810.0,2498.58,2500.08
1748211750046.0,2498.54,2500.04
1748211750240.0,2498.53,2500.03
1748211750337.0,2498.49,2499.99
1748211750489.0,2498.54,2500.04
1748211750715.0,2498.58,2500.08
1748211750939.0,2498.62,2500.12
1748211751173.0,2498.58,2500.08
1748211751541.0,2498.54,2500.04
1748211751848.0,2498.91,2500.41
1748211752155.0,2498.87,2500.37
1748211752594.0,2498.91,2500.41
1748211752992.0,2498.83,2500.33
1748211753227.0,2498.91,2500.41
1748211753440.0,2498.79,2500.29
1748211753646.0,2498.78,2500.28
1748211753743.0,2498.7,2500.2
1748211753967.0,2498.83,2500.33
1748211754129.0,2498.79,2500.29
1748211754733.0,2498.78,2500.28
1748211754957.0,2498.71,2500.21
1748211755054.0,2498.79,2500.29
1748211755216.0,2498.87,2500.37
1748211755433.0,2498.83,2500.33
1748211756729.0,2498.91,2500.41
1748211757150.0,2498.96,2500.46
1748211757296.0,2499.36,2500.86
1748211757520.0,2499.32,2500.82
1748211757745.0,2499.28,2500.78
1748211757971.0,2499.44,2500.94
1748211758205.0,2499.36,2500.86
1748211758486.0,2499.32,2500.82
1748211758951.0,2499.36,2500.86
1748211759187.0,2499.28,2500.78
1748211759401.0,2499.24,2500.74
1748211759916.0,2499.28,2500.78
1748211760155.0,2499.36,2500.86
1748211760348.0,2499.35,2500.85
1748211760593.0,2498.94,2500.44
1748211761047.0,2498.9,2500.4
1748211761262.0,2498.98,2500.48
1748211761638.0,2498.86,2500.36
1748211761863.0,2499.03,2500.53
1748211762164.0,2498.94,2500.44
1748211762463.0,2498.98,2500.48
1748211762845.0,2498.99,2500.49
1748211762942.0,2499.15,2500.65
1748211763895.0,2499.11,2500.61
1748211764121.0,2499.19,2500.69
1748211764333.0,2499.15,2500.65
1748211764767.0,2499.19,2500.69
1748211765179.0,2499.15,2500.65
1748211765391.0,2499.19,2500.69
1748211766058.0,2499.15,2500.65
1748211766270.0,2498.98,2500.48
1748211767071.0,2498.73,2500.23
1748211767438.0,2498.74,2500.24
1748211767536.0,2498.9,2500.4
1748211768050.0,2498.73,2500.23
1748211768208.0,2498.69,2500.19
1748211768401.0,2498.7,2500.2
1748211768497.0,2498.9,2500.4
1748211768913.0,2498.86,2500.36
1748211769684.0,2498.9,2500.4
1748211769899.0,2498.98,2500.48
1748211770551.0,2499.03,2500.53
1748211770677.0,2499.02,2500.52
1748211770774.0,2498.98,2500.48
1748211771593.0,2499.24,2500.74
1748211771817.0,2499.11,2500.61
1748211772622.0,2499.03,2500.53
1748211772982.0,2499.11,2500.61
1748211773650.0,2499.03,2500.53
1748211774337.0,2499.24,2500.74
1748211775176.0,2499.28,2500.78
1748211775387.0,2499.36,2500.86
1748211775614.0,2499.44,2500.94
1748211775915.0,2498.94,2500.44
1748211776176.0,2499.03,2500.53
1748211776782.0,2499.11,2500.61
1748211777383.0,2499.15,2500.65
1748211777576.0,2499.16,2500.66
1748211777821.0,2499.28,2500.78
1748211778215.0,2499.32,2500.82
1748211778437.0,2499.44,2500.94
1748211780619.0,2499.57,2501.07
1748211780768.0,2499.36,2500.86
1748211780969.0,2499.37,2500.87
1748211781065.0,2499.53,2501.03
1748211781225.0,2499.49,2500.99
1748211781442.0,2499.53,2501.03
1748211781964.0,2499.57,2501.07
1748211782200.0,2499.49,2500.99
1748211783230.0,2499.48,2500.98
1748211783473.0,2499.44,2500.94
1748211783873.0,2499.36,2500.86
1748211784110.0,2499.44,2500.94
1748211784539.0,2499.45,2500.95
1748211784635.0,2499.49,2500.99
1748211784795.0,2499.44,2500.94
1748211784993.0,2499.47,2500.97
1748211785086.0,2500.24,2501.74
1748211785309.0,2500.29,2501.79
1748211785632.0,2500.28,2501.78
1748211785729.0,2500.2,2501.7
1748211785876.0,2500.12,2501.62
1748211786114.0,2500.03,2501.53
1748211786306.0,2500.04,2501.54
1748211786403.0,2500.16,2501.66
1748211786652.0,2500.12,2501.62
1748211786876.0,2500.03,2501.53
1748211787111.0,2499.99,2501.49
1748211787325.0,2499.95,2501.45
1748211787551.0,2499.87,2501.37
1748211787852.0,2499.82,2501.32
1748211788001.0,2499.78,2501.28
1748211788352.0,2499.82,2501.32
1748211788743.0,2499.7,2501.2
1748211789230.0,2499.87,2501.37
1748211789890.0,2499.95,2501.45
1748211790565.0,2499.91,2501.41
1748211790778.0,2499.95,2501.45
1748211791003.0,2499.99,2501.49
1748211791306.0,2500.12,2501.62
1748211791452.0,2500.16,2501.66
1748211791754.0,2500.29,2501.79
1748211792166.0,2500.33,2501.83
1748211792358.0,2500.32,2501.82
1748211792457.0,2500.16,2501.66
1748211792615.0,2500.24,2501.74
1748211792906.0,2500.29,2501.79
1748211793462.0,2500.33,2501.83
1748211793753.0,2500.71,2502.21
1748211793878.0,2500.7,2502.2
1748211793975.0,2500.66,2502.16
1748211794378.0,2500.71,2502.21
1748211794505.0,2500.7,2502.2
1748211794750.0,2500.58,2502.08
1748211794974.0,2500.5,2502.0
1748211795212.0,2500.58,2502.08
1748211795430.0,2500.5,2502.0
1748211795729.0,2500.45,2501.95
1748211795956.0,2500.58,2502.08
1748211796112.0,2500.54,2502.04
1748211796306.0,2500.53,2502.03
1748211796403.0,2500.37,2501.87
1748211796561.0,2500.33,2501.83
1748211796786.0,2500.37,2501.87
1748211797124.0,2500.5,2502.0
1748211797331.0,2500.54,2502.04
1748211797538.0,2500.52,2502.02
1748211797635.0,2499.87,2501.37
1748211797783.0,2499.95,2501.45
1748211798008.0,2499.99,2501.49
1748211798236.0,2500.03,2501.53
1748211798457.0,2499.99,2501.49
1748211798662.0,2500.0,2501.5
1748211798886.0,2500.11,2501.61
1748211798984.0,2499.95,2501.45
1748211799396.0,2499.99,2501.49
1748211799818.0,2499.86,2501.36
1748211799913.0,2499.7,2501.2
1748211800139.0,2499.53,2501.03
1748211800483.0,2499.49,2500.99
1748211800689.0,2499.47,2500.97
1748211800785.0,2499.11,2500.61
1748211800933.0,2499.19,2500.69
1748211801170.0,2499.15,2500.65
1748211801383.0,2499.19,2500.69
1748211801685.0,2499.24,2500.74
1748211802098.0,2499.32,2500.82
1748211802311.0,2499.36,2500.86
1748211802614.0,2499.49,2500.99
1748211802763.0,2499.57,2501.07
1748211803100.0,2499.61,2501.11
1748211803682.0,2499.57,2501.07
1748211803907.0,2499.53,2501.03
1748211804209.0,2499.7,2501.2
1748211804480.0,2499.66,2501.16
1748211805006.0,2499.7,2501.2
1748211805234.0,2499.78,2501.28
1748211805456.0,2499.82,2501.32
1748211806481.0,2499.87,2501.37
1748211806950.0,2499.78,2501.28
1748211807283.0,2499.82,2501.32
1748211807576.0,2499.91,2501.41
1748211807725.0,2499.95,2501.45
1748211807949.0,2499.99,2501.49
1748211808184.0,2499.91,2501.41
1748211809080.0,2499.87,2501.37
1748211809294.0,2499.99,2501.49
1748211809498.0,2500.0,2501.5
1748211809598.0,2500.24,2501.74
1748211809744.0,2500.03,2501.53
1748211809948.0,2500.04,2501.54
1748211810044.0,2500.12,2501.62
1748211810205.0,2500.03,2501.53
1748211810418.0,2500.04,2501.54
1748211810515.0,2500.12,2501.62
1748211810664.0,2500.03,2501.53
1748211811531.0,2499.99,2501.49
1748211812358.0,2499.95,2501.45
1748211812745.0,2499.91,2501.41
1748211813385.0,2499.87,2501.37
1748211814518.0,2499.95,2501.45
1748211815537.0,2499.87,2501.37
1748211815751.0,2499.95,2501.45
1748211815975.0,2499.91,2501.41
1748211816861.0,2499.95,2501.45
1748211817087.0,2500.03,2501.53
1748211817620.0,2500.04,2501.54
1748211817717.0,2500.16,2501.66
1748211817941.0,2500.62,2502.12
1748211818099.0,2500.71,2502.21
1748211818391.0,2500.66,2502.16
1748211818640.0,2500.62,2502.12
1748211819782.0,2500.66,2502.16
1748211819995.0,2500.5,2502.0
1748211820233.0,2500.66,2502.16
1748211820448.0,2500.54,2502.04
1748211820672.0,2500.66,2502.16
1748211820896.0,2500.62,2502.12
1748211821135.0,2500.58,2502.08
1748211821347.0,2500.66,2502.16
1748211821573.0,2500.58,2502.08
1748211822183.0,2500.54,2502.04
1748211822788.0,2500.58,2502.08
1748211823527.0,2500.62,2502.12
1748211824886.0,2500.58,2502.08
1748211825280.0,2500.62,2502.12
1748211825494.0,2500.66,2502.16
1748211826447.0,2500.71,2502.21
1748211826671.0,2500.66,2502.16
1748211827705.0,2501.55,2503.05
1748211827927.0,2501.46,2502.96
1748211828396.0,2501.45,2502.95
1748211828636.0,2501.34,2502.84
1748211829276.0,2501.33,2502.83
1748211829371.0,2501.29,2502.79
1748211829519.0,2501.25,2502.75
1748211829819.0,2501.21,2502.71
1748211830057.0,2501.17,2502.67
1748211830271.0,2501.13,2502.63
1748211830496.0,2501.17,2502.67
1748211831850.0,2501.16,2502.66
1748211832106.0,2501.13,2502.63
1748211832393.0,2501.04,2502.54
1748211832747.0,2501.17,2502.67
1748211833739.0,2501.29,2502.79
1748211833952.0,2501.17,2502.67
1748211834190.0,2501.21,2502.71
1748211834741.0,2501.17,2502.67
1748211834946.0,2501.16,2502.66
1748211835043.0,2501.0,2502.5
1748211835201.0,2501.04,2502.54
1748211835815.0,2501.05,2502.55
1748211835909.0,2501.21,2502.71
1748211836067.0,2501.25,2502.75
1748211836809.0,2501.17,2502.67
1748211837121.0,2501.13,2502.63
1748211837409.0,2501.04,2502.54
1748211838344.0,2501.0,2502.5
1748211838937.0,2500.99,2502.49
1748211839033.0,2500.79,2502.29
1748211840598.0,2500.71,2502.21
1748211841835.0,2500.5,2502.0
1748211841981.0,2500.58,2502.08
1748211843351.0,2500.71,2502.21
1748211844185.0,2500.92,2502.42
1748211844474.0,2500.58,2502.08
1748211845062.0,2500.66,2502.16
1748211845441.0,2500.62,2502.12
1748211845918.0,2500.66,2502.16
1748211846332.0,2500.58,2502.08
1748211846545.0,2500.62,2502.12
1748211846770.0,2500.58,2502.08
1748211846995.0,2500.54,2502.04
1748211847231.0,2500.58,2502.08
1748211847521.0,2500.54,2502.04
1748211848400.0,2501.13,2502.63
1748211848790.0,2501.11,2502.61
1748211849039.0,2500.66,2502.16
1748211850220.0,2500.62,2502.12
1748211850435.0,2500.58,2502.08
1748211850659.0,2500.54,2502.04
1748211850883.0,2500.66,2502.16
1748211851119.0,2500.54,2502.04
1748211851780.0,2500.58,2502.08
1748211852190.0,2500.62,2502.12
1748211853649.0,2500.58,2502.08
1748211854550.0,2500.54,2502.04
1748211855122.0,2500.53,2502.03
1748211855217.0,2500.45,2501.95
1748211855838.0,2500.29,2501.79
1748211856927.0,2500.24,2501.74
1748211857993.0,2500.25,2501.75
1748211858089.0,2500.5,2502.0
1748211858313.0,2500.45,2501.95
1748211859869.0,2500.33,2501.83
1748211860496.0,2500.32,2501.82
1748211860592.0,2500.2,2501.7
1748211860816.0,2499.87,2501.37
1748211860945.0,2499.86,2501.36
1748211861042.0,2499.57,2501.07
1748211861267.0,2499.7,2501.2
1748211861417.0,2499.82,2501.32
1748211861688.0,2499.78,2501.28
1748211861912.0,2499.82,2501.32
1748211862150.0,2499.78,2501.28
1748211862537.0,2499.79,2501.29
1748211862633.0,2499.91,2501.41
1748211862858.0,2499.78,2501.28
1748211863009.0,2499.82,2501.32
1748211863237.0,2499.78,2501.28
1748211863459.0,2499.87,2501.37
1748211863686.0,2499.91,2501.41
1748211864379.0,2500.12,2501.62
1748211864592.0,2500.03,2501.53
1748211864817.0,2499.95,2501.45
1748211865053.0,2500.12,2501.62
1748211865275.0,2500.16,2501.66
1748211865499.0,2500.2,2501.7
1748211866101.0,2500.19,2501.69
1748211866340.0,2499.99,2501.49
1748211866741.0,2500.03,2501.53
1748211866966.0,2499.95,2501.45
1748211867201.0,2500.12,2501.62
1748211867394.0,2500.11,2501.61
1748211867490.0,2499.99,2501.49
1748211867640.0,2500.03,2501.53
1748211867923.0,2500.04,2501.54
1748211868019.0,2500.12,2501.62
1748211868450.0,2500.16,2501.66
1748211868662.0,2500.2,2501.7
1748211869050.0,2500.24,2501.74
1748211869263.0,2500.03,2501.53
1748211869468.0,2500.04,2501.54
1748211869566.0,2500.12,2501.62
1748211869713.0,2500.03,2501.53
1748211870143.0,2500.0,2501.5
1748211870366.0,2500.11,2501.61
1748211870464.0,2499.95,2501.45
1748211870759.0,2499.99,2501.49
1748211871699.0,2500.96,2502.46
1748211872299.0,2500.95,2502.45
1748211872395.0,2500.87,2502.37
1748211873181.0,2500.96,2502.46
1748211873444.0,2501.0,2502.5
1748211873671.0,2500.96,2502.46
1748211876988.0,2500.87,2502.37
1748211878078.0,2500.83,2502.33
1748211878268.0,2500.84,2502.34
1748211878366.0,2500.96,2502.46
1748211879035.0,2500.87,2502.37
1748211879401.0,2500.83,2502.33
1748211880798.0,2500.96,2502.46
1748211881674.0,2501.04,2502.54
1748211882057.0,2501.0,2502.5
1748211882271.0,2500.92,2502.42
1748211882496.0,2500.96,2502.46
1748211883560.0,2500.95,2502.45
1748211883657.0,2500.87,2502.37
1748211883805.0,2500.92,2502.42
1748211884306.0,2501.0,2502.5
1748211884735.0,2501.13,2502.63
1748211884939.0,2501.12,2502.62
1748211885036.0,2501.04,2502.54
1748211886463.0,2501.0,2502.5
1748211887369.0,2500.96,2502.46
1748211888239.0,2501.0,2502.5
1748211892163.0,2501.02,2502.52
1748211892255.0,2501.67,2503.17
1748211894029.0,2501.84,2503.34
1748211894672.0,2501.8,2503.3
1748211894884.0,2501.84,2503.34
1748211895221.0,2501.88,2503.38
1748211895433.0,2501.92,2503.42
1748211895884.0,2502.18,2503.68
1748211896393.0,2502.22,2503.72
1748211896616.0,2503.47,2504.97
1748211896713.0,2503.27,2504.77
1748211896870.0,2503.48,2504.98
1748211897164.0,2503.35,2504.85
1748211897391.0,2503.9,2505.4
1748211897517.0,2503.89,2505.39
1748211897614.0,2503.56,2505.06
1748211897772.0,2503.96,2505.46
1748211897995.0,2503.76,2505.26
1748211898289.0,2503.84,2505.34
1748211898679.0,2503.76,2505.26
1748211898903.0,2503.72,2505.22
1748211899107.0,2503.71,2505.21
1748211899204.0,2503.59,2505.09
1748211899354.0,2503.72,2505.22
1748211899757.0,2503.63,2505.13
1748211899914.0,2503.67,2505.17
1748211900110.0,2503.68,2505.18
1748211900207.0,2503.72,2505.22
1748211900487.0,2503.84,2505.34
1748211900712.0,2503.76,2505.26
1748211900910.0,2503.77,2505.27
1748211901166.0,2503.88,2505.38
1748211901387.0,2503.72,2505.22
1748211901681.0,2503.55,2505.05
1748211901837.0,2503.51,2505.01
1748211902261.0,2503.5,2505.0
1748211902501.0,2503.51,2505.01
1748211902994.0,2503.72,2505.22
1748211903294.0,2503.67,2505.17
1748211903734.0,2503.72,2505.22
1748211903881.0,2503.97,2505.47
1748211904284.0,2504.01,2505.51
1748211904501.0,2504.18,2505.68
1748211904800.0,2503.93,2505.43
1748211904949.0,2504.09,2505.59
1748211905331.0,2504.05,2505.55
1748211905544.0,2504.01,2505.51
1748211905769.0,2504.05,2505.55
1748211905975.0,2504.04,2505.54
1748211906230.0,2503.67,2505.17
1748211906423.0,2503.68,2505.18
1748211906746.0,2503.25,2504.75
1748211906894.0,2503.21,2504.71
1748211907131.0,2503.25,2504.75
1748211907345.0,2503.17,2504.67
1748211907699.0,2503.21,2504.71
1748211907924.0,2503.3,2504.8
1748211908160.0,2503.38,2504.88
1748211908374.0,2503.51,2505.01
1748211908573.0,2503.5,2505.0
1748211908826.0,2503.42,2504.92
1748211909057.0,2503.38,2504.88
1748211909274.0,2503.34,2504.84
1748211909595.0,2503.33,2504.83
1748211909916.0,2503.34,2504.84
1748211910076.0,2503.51,2505.01
1748211910367.0,2503.42,2504.92
1748211910887.0,2503.63,2505.13
1748211911039.0,2503.51,2505.01
1748211911259.0,2503.67,2505.17
1748211911797.0,2503.72,2505.22
1748211912025.0,2503.63,2505.13
1748211912183.0,2503.59,2505.09
1748211912844.0,2503.64,2505.14
1748211913069.0,2503.92,2505.42
1748211913313.0,2503.88,2505.38
1748211913635.0,2503.84,2505.34
1748211913841.0,2503.85,2505.35
1748211913938.0,2503.97,2505.47
1748211914096.0,2503.93,2505.43
1748211914388.0,2503.88,2505.38
1748211914614.0,2503.97,2505.47
1748211914961.0,2504.09,2505.59
1748211915168.0,2504.1,2505.6
1748211915265.0,2504.22,2505.72
1748211915490.0,2504.43,2505.93
1748211915715.0,2504.05,2505.55
1748211915940.0,2504.22,2505.72
1748211916099.0,2504.18,2505.68
1748211916345.0,2504.17,2505.67
1748211916569.0,2503.96,2505.46
1748211916667.0,2503.88,2505.38
1748211917041.0,2503.51,2505.01
1748211917340.0,2503.55,2505.05
1748211917553.0,2503.67,2505.17
1748211917855.0,2503.72,2505.22
1748211918080.0,2503.67,2505.17
1748211918235.0,2503.59,2505.09
1748211918455.0,2503.63,2505.13
1748211919022.0,2503.55,2505.05
1748211919246.0,2503.63,2505.13
1748211919473.0,2503.51,2505.01
1748211919696.0,2503.55,2505.05
1748211920020.0,2503.63,2505.13
1748211920491.0,2503.67,2505.17
1748211922696.0,2503.63,2505.13
1748211923692.0,2503.09,2504.59
1748211923840.0,2503.34,2504.84
1748211924270.0,2503.37,2504.87
1748211924366.0,2503.21,2504.71
1748211924689.0,2503.42,2504.92
1748211924837.0,2503.25,2504.75
1748211925501.0,2503.21,2504.71
1748211925978.0,2503.17,2504.67
1748211926216.0,2503.21,2504.71
1748211926769.0,2503.25,2504.75
1748211927071.0,2503.38,2504.88
1748211927443.0,2503.38,2504.88
1748211927669.0,2503.34,2504.84
1748211928473.0,2503.38,2504.88
1748211929165.0,2503.34,2504.84
1748211929358.0,2503.35,2504.85
1748211929454.0,2503.59,2505.09
1748211929751.0,2503.51,2505.01
1748211930054.0,2503.38,2504.88
1748211930214.0,2503.3,2504.8
1748211930456.0,2503.34,2504.84
1748211930680.0,2503.51,2505.01
1748211930888.0,2503.5,2505.0
1748211931147.0,2503.42,2504.92
1748211931361.0,2503.38,2504.88
1748211931595.0,2503.34,2504.84
1748211931888.0,2503.76,2505.26
1748211932237.0,2503.84,2505.34
1748211932624.0,2503.76,2505.26
1748211932909.0,2503.72,2505.22
1748211933212.0,2503.67,2505.17
1748211933706.0,2504.64,2506.14
1748211933852.0,2504.81,2506.31
1748211934344.0,2505.48,2506.98
1748211934490.0,2505.4,2506.9
1748211934714.0,2505.52,2507.02
1748211934940.0,2505.48,2506.98
1748211935372.0,2505.39,2506.89
1748211935597.0,2505.26,2506.76
1748211935693.0,2504.89,2506.39
1748211935850.0,2504.81,2506.31
1748211936077.0,2504.85,2506.35
1748211936366.0,2504.26,2505.76
1748211936668.0,2504.05,2505.55
1748211937080.0,2503.97,2505.47
1748211937447.0,2503.96,2505.46
1748211937692.0,2503.88,2505.38
1748211938190.0,2503.76,2505.26
1748211938857.0,2503.75,2505.25
1748211938950.0,2503.55,2505.05
1748211939627.0,2503.63,2505.13
1748211940453.0,2503.59,2505.09
1748211940667.0,2503.67,2505.17
1748211941050.0,2503.59,2505.09
1748211941264.0,2503.63,2505.13
1748211942019.0,2503.76,2505.26
1748211942178.0,2503.84,2505.34
1748211942545.0,2503.76,2505.26
1748211942946.0,2503.67,2505.17
1748211943179.0,2503.51,2505.01
1748211943548.0,2503.59,2505.09
1748211943949.0,2503.55,2505.05
1748211944184.0,2503.59,2505.09
1748211944379.0,2503.58,2505.08
1748211944477.0,2503.42,2504.92
1748211944624.0,2503.51,2505.01
1748211944924.0,2503.42,2504.92
1748211945153.0,2503.59,2505.09
1748211945296.0,2503.55,2505.05
1748211945975.0,2503.51,2505.01
1748211946205.0,2503.55,2505.05
1748211946625.0,2503.59,2505.09
1748211946850.0,2503.51,2505.01
1748211947239.0,2503.67,2505.17
1748211948591.0,2503.63,2505.13
1748211948802.0,2503.59,2505.09
1748211949029.0,2503.55,2505.05
1748211949372.0,2503.59,2505.09
1748211949598.0,2503.51,2505.01
1748211949945.0,2503.5,2505.0
1748211950041.0,2503.42,2504.92
1748211950378.0,2503.51,2505.01
1748211950747.0,2503.5,2505.0
1748211950845.0,2503.42,2504.92
1748211950992.0,2503.51,2505.01
1748211951949.0,2503.55,2505.05
1748211952388.0,2503.63,2505.13
1748211953372.0,2503.59,2505.09
1748211953663.0,2503.42,2504.92
1748211955272.0,2503.35,2504.85
1748211955517.0,2503.51,2505.01
1748211955757.0,2503.5,2505.0
1748211955854.0,2503.42,2504.92
1748211956523.0,2503.34,2504.84
1748211957709.0,2503.29,2504.79
1748211957806.0,2503.21,2504.71
1748211958163.0,2503.17,2504.67
1748211958376.0,2503.21,2504.71
1748211958747.0,2503.17,2504.67
1748211959052.0,2503.21,2504.71
1748211960158.0,2503.17,2504.67
1748211961109.0,2503.18,2504.68
1748211961204.0,2503.34,2504.84
1748211961939.0,2503.33,2504.83
1748211962163.0,2503.26,2504.76
1748211962259.0,2503.3,2504.8
1748211962483.0,2503.21,2504.71
1748211963302.0,2503.25,2504.75
1748211963520.0,2503.04,2504.54
1748211964261.0,2503.09,2504.59
1748211964429.0,2503.17,2504.67
1748211964653.0,2503.21,2504.71
1748211964880.0,2503.04,2504.54
1748211965116.0,2502.96,2504.46
1748211965497.0,2503.0,2504.5
1748211965896.0,2502.96,2504.46
1748211966135.0,2503.0,2504.5
1748211966347.0,2503.04,2504.54
1748211966573.0,2502.92,2504.42
1748211966797.0,2502.96,2504.46
1748211967248.0,2502.96,2504.46
1748211967473.0,2502.92,2504.42
1748211968454.0,2502.96,2504.46
1748211968668.0,2503.04,2504.54
1748211969049.0,2502.96,2504.46
1748211969399.0,2502.92,2504.42
1748211969623.0,2502.88,2504.38
1748211970240.0,2502.83,2504.33
1748211971549.0,2502.71,2504.21
1748211972095.0,2502.67,2504.17
1748211972577.0,2502.62,2504.12
1748211973138.0,2502.58,2504.08
1748211973351.0,2502.62,2504.12
1748211973661.0,2502.63,2504.13
1748211973758.0,2502.67,2504.17
1748211973984.0,2502.5,2504.0
1748211974304.0,2502.49,2503.99
1748211974400.0,2502.2,2503.7
1748211974546.0,2502.12,2503.62
1748211974772.0,2501.99,2503.49
1748211975006.0,2501.91,2503.41
1748211975230.0,2501.95,2503.45
1748211975455.0,2501.91,2503.41
1748211975679.0,2501.99,2503.49
1748211975876.0,2502.0,2503.5
1748211975973.0,2502.2,2503.7
1748211976133.0,2502.08,2503.58
1748211976886.0,2502.12,2503.62
1748211977297.0,2502.08,2503.58
1748211977696.0,2502.07,2503.57
1748211977940.0,2501.91,2503.41
1748211978822.0,2501.95,2503.45
1748211979040.0,2501.74,2503.24
1748211979284.0,2501.7,2503.2
1748211979509.0,2501.74,2503.24
1748211979812.0,2501.87,2503.37
1748211980181.0,2501.83,2503.33
1748211980586.0,2501.82,2503.32
1748211980684.0,2501.66,2503.16
1748211980840.0,2501.7,2503.2
1748211981069.0,2501.62,2503.12
1748211981291.0,2501.66,2503.16
1748211981516.0,2501.62,2503.12
1748211981941.0,2501.66,2503.16
1748211982176.0,2501.62,2503.12
1748211982392.0,2501.66,2503.16
1748211982616.0,2501.62,2503.12
1748211982841.0,2501.66,2503.16
1748211983409.0,2501.62,2503.12
1748211983599.0,2501.61,2503.11
1748211983697.0,2501.57,2503.07
1748211983827.0,2501.58,2503.08
1748211983924.0,2501.62,2503.12
1748211984521.0,2501.83,2503.33
1748211985419.0,2501.87,2503.37
1748211986620.0,2501.91,2503.41
1748211988017.0,2502.04,2503.54
1748211988259.0,2502.08,2503.58
1748211988494.0,2502.04,2503.54
1748211988718.0,2502.2,2503.7
1748211989252.0,2502.12,2503.62
1748211989643.0,2502.25,2503.75
1748211989867.0,2502.29,2503.79
1748211990376.0,2502.33,2503.83
1748211990867.0,2502.25,2503.75
1748211991104.0,2502.29,2503.79
1748211991569.0,2502.28,2503.78
1748211991668.0,2502.12,2503.62
1748211992326.0,2502.13,2503.63
1748211992423.0,2502.29,2503.79
1748211992590.0,2502.25,2503.75
1748211993463.0,2502.29,2503.79
1748211994249.0,2502.2,2503.7
1748211994671.0,2501.99,2503.49
1748211995152.0,2501.95,2503.45
1748211995505.0,2501.99,2503.49
1748211996780.0,2502.04,2503.54
1748211997179.0,2502.08,2503.58
1748211997551.0,2502.07,2503.57
1748211997649.0,2501.87,2503.37
1748211998392.0,2501.83,2503.33
1748211998830.0,2501.87,2503.37
1748211999466.0,2501.83,2503.33
1748212000064.0,2501.82,2503.32
1748212000162.0,2501.74,2503.24
1748212000307.0,2501.83,2503.33
1748212001158.0,2501.91,2503.41
1748212001365.0,2501.83,2503.33
1748212001590.0,2501.91,2503.41
1748212001816.0,2501.95,2503.45
1748212002051.0,2501.91,2503.41
1748212002994.0,2501.83,2503.33
1748212003228.0,2501.87,2503.37
1748212003801.0,2501.91,2503.41
1748212004027.0,2501.99,2503.49
1748212004457.0,2502.0,2503.5
1748212004554.0,2502.04,2503.54
1748212004920.0,2502.03,2503.53
1748212005018.0,2501.99,2503.49
1748212005177.0,2501.87,2503.37
1748212005589.0,2501.83,2503.33
1748212006243.0,2501.87,2503.37
1748212007022.0,2501.95,2503.45
1748212007246.0,2502.04,2503.54
1748212007955.0,2502.08,2503.58
1748212009050.0,2502.04,2503.54
1748212011009.0,2502.08,2503.58
1748212011230.0,2501.99,2503.49
1748212012629.0,2501.91,2503.41
1748212013334.0,2501.74,2503.24
1748212013891.0,2501.83,2503.33
1748212014679.0,2502.04,2503.54
1748212014967.0,2501.99,2503.49
1748212015293.0,2501.95,2503.45
1748212015506.0,2501.91,2503.41
1748212016049.0,2501.83,2503.33
1748212016644.0,2501.82,2503.32
1748212016740.0,2501.74,2503.24
1748212016992.0,2501.7,2503.2
1748212017406.0,2501.83,2503.33
1748212017694.0,2501.7,2503.2
1748212018919.0,2501.74,2503.24
1748212019263.0,2501.83,2503.33
1748212020392.0,2501.82,2503.32
1748212020487.0,2501.7,2503.2
1748212021197.0,2501.69,2503.19
1748212021293.0,2501.53,2503.03
1748212021598.0,2501.52,2503.02
1748212021841.0,2501.36,2502.86
1748212022143.0,2501.41,2502.91
1748212022271.0,2501.4,2502.9
1748212022495.0,2501.37,2502.87
1748212022592.0,2501.41,2502.91
1748212022895.0,2501.45,2502.95
1748212023131.0,2501.53,2503.03
1748212023344.0,2501.62,2503.12
1748212023548.0,2501.61,2503.11
1748212023646.0,2501.57,2503.07
1748212024715.0,2501.41,2502.91
1748212025005.0,2501.36,2502.86
1748212025168.0,2501.32,2502.82
1748212025658.0,2501.37,2502.87
1748212025907.0,2501.45,2502.95
1748212026139.0,2501.36,2502.86
1748212026333.0,2501.37,2502.87
1748212026582.0,2501.45,2502.95
1748212027420.0,2501.53,2503.03
1748212028070.0,2501.36,2502.86
1748212028862.0,2501.37,2502.87
1748212029119.0,2501.45,2502.95
1748212029333.0,2501.41,2502.91
1748212030806.0,2501.45,2502.95
1748212031495.0,2501.41,2502.91
1748212032815.0,2501.45,2502.95
1748212033034.0,2501.41,2502.91
1748212034031.0,2501.36,2502.86
1748212035111.0,2501.37,2502.87
1748212035205.0,2501.53,2503.03
1748212036717.0,2501.62,2503.12
1748212038436.0,2501.61,2503.11
1748212038532.0,2501.53,2503.03
1748212039546.0,2501.57,2503.07
1748212039736.0,2501.58,2503.08
1748212039835.0,2501.62,2503.12
1748212040905.0,2501.61,2503.11
1748212041001.0,2501.53,2503.03
1748212042264.0,2501.45,2502.95
1748212042867.0,2501.41,2502.91
1748212043805.0,2501.24,2502.74
1748212044146.0,2501.28,2502.78
1748212046990.0,2501.32,2502.82
1748212049226.0,2501.33,2502.83
1748212049323.0,2501.41,2502.91
1748212049610.0,2501.45,2502.95
1748212050526.0,2501.36,2502.86
1748212051574.0,2501.32,2502.82
1748212052228.0,2501.36,2502.86
1748212052442.0,2501.32,2502.82
1748212052868.0,2501.36,2502.86
1748212057854.0,2501.32,2502.82
1748212058255.0,2501.36,2502.86
1748212058711.0,2501.37,2502.87
1748212058808.0,2501.41,2502.91
1748212059030.0,2501.36,2502.86
1748212059444.0,2501.32,2502.82
1748212059661.0,2501.36,2502.86
1748212060370.0,2501.37,2502.87
1748212060465.0,2501.41,2502.91
1748212061271.0,2501.36,2502.86
1748212064731.0,2501.32,2502.82
1748212066935.0,2501.36,2502.86
1748212067494.0,2501.37,2502.87
1748212067591.0,2501.45,2502.95
1748212068198.0,2501.41,2502.91
1748212068488.0,2501.32,2502.82
1748212071081.0,2501.36,2502.86
1748212072487.0,2501.32,2502.82
1748212073590.0,2501.36,2502.86
1748212073877.0,2501.32,2502.82
1748212075546.0,2501.45,2502.95
1748212078466.0,2501.41,2502.91
1748212078681.0,2501.45,2502.95
1748212079792.0,2501.53,2503.03
1748212079985.0,2501.55,2503.05
1748212080084.0,2502.12,2503.62
1748212080307.0,2501.95,2503.45
1748212080455.0,2501.99,2503.49
1748212080757.0,2502.04,2503.54
1748212080904.0,2502.08,2503.58
1748212081270.0,2502.12,2503.62
1748212081855.0,2501.99,2503.49
1748212082275.0,2502.0,2503.5
1748212082370.0,2502.04,2503.54
1748212082518.0,2502.08,2503.58
1748212082743.0,2502.12,2503.62
1748212083472.0,2502.08,2503.58
1748212083764.0,2501.95,2503.45
1748212084301.0,2501.99,2503.49
1748212084516.0,2501.95,2503.45
1748212084818.0,2501.91,2503.41
1748212085055.0,2501.95,2503.45
1748212085268.0,2501.91,2503.41
1748212088069.0,2501.83,2503.33
1748212088925.0,2501.91,2503.41
1748212090084.0,2501.87,2503.37
1748212090298.0,2501.91,2503.41
1748212090521.0,2501.83,2503.33
1748212090746.0,2501.87,2503.37
1748212091092.0,2501.83,2503.33
1748212091785.0,2501.66,2503.16
1748212092672.0,2501.66,2503.16
1748212093904.0,2501.74,2503.24
1748212094128.0,2501.7,2503.2
1748212094345.0,2501.62,2503.12
1748212094997.0,2501.45,2502.95
1748212095270.0,2501.53,2503.03
1748212095482.0,2501.57,2503.07
1748212097247.0,2501.58,2503.08
1748212097342.0,2501.66,2503.16
1748212098272.0,2501.7,2503.2
1748212101012.0,2501.57,2503.07
1748212103818.0,2501.58,2503.08
1748212103913.0,2501.62,2503.12
1748212104524.0,2501.61,2503.11
1748212104770.0,2501.53,2503.03
1748212106124.0,2501.45,2502.95
1748212107149.0,2501.36,2502.86
1748212107784.0,2501.32,2502.82
1748212108195.0,2501.36,2502.86
1748212108643.0,2501.37,2502.87
1748212108739.0,2501.57,2503.07
1748212108889.0,2501.53,2503.03
1748212109123.0,2501.45,2502.95
1748212109816.0,2501.57,2503.07
1748212110125.0,2501.53,2503.03
1748212110764.0,2501.57,2503.07
1748212110987.0,2501.53,2503.03
1748212111224.0,2501.57,2503.07
1748212111417.0,2501.58,2503.08
1748212111513.0,2501.62,2503.12
1748212114451.0,2501.66,2503.16
1748212119349.0,2501.62,2503.12
1748212120148.0,2501.61,2503.11
1748212120243.0,2501.45,2502.95
1748212121977.0,2501.57,2503.07
1748212123008.0,2501.45,2502.95
1748212123855.0,2501.41,2502.91
1748212124056.0,2501.4,2502.9
1748212124153.0,2501.36,2502.86
1748212125366.0,2501.37,2502.87
1748212125461.0,2501.45,2502.95
1748212126194.0,2501.62,2503.12
1748212126483.0,2501.57,2503.07
1748212126611.0,2501.58,2503.08
1748212126710.0,2501.66,2503.16
1748212127074.0,2501.62,2503.12
1748212127294.0,2501.66,2503.16
1748212129101.0,2501.62,2503.12
1748212130203.0,2501.61,2503.11
1748212130297.0,2501.57,2503.07
1748212132302.0,2501.58,2503.08
1748212132398.0,2501.62,2503.12
1748212132525.0,2501.61,2503.11
1748212132622.0,2501.57,2503.07
1748212133384.0,2501.74,2503.24
1748212134137.0,2501.66,2503.16
1748212135324.0,2501.62,2503.12
1748212135707.0,2501.66,2503.16
1748212137253.0,2501.87,2503.37
1748212138956.0,2501.83,2503.33
1748212139528.0,2501.87,2503.37
1748212139741.0,2501.91,2503.41
1748212141610.0,2501.9,2503.4
1748212141705.0,2501.7,2503.2
1748212142151.0,2501.74,2503.24
1748212142520.0,2501.75,2503.25
1748212142615.0,2501.87,2503.37
1748212147079.0,2501.83,2503.33
1748212148221.0,2501.82,2503.32
1748212148316.0,2501.66,2503.16
1748212149054.0,2501.62,2503.12
1748212150983.0,2501.66,2503.16
1748212151218.0,2501.62,2503.12
1748212152139.0,2501.66,2503.16
1748212154371.0,2501.62,2503.12
1748212158639.0,2501.74,2503.24
1748212159137.0,2501.7,2503.2
1748212159353.0,2501.62,2503.12
1748212161301.0,2501.61,2503.11
1748212161397.0,2501.53,2503.03
1748212161804.0,2501.57,2503.07
1748212162719.0,2501.53,2503.03
1748212163247.0,2501.57,2503.07
1748212163715.0,2501.7,2503.2
1748212163862.0,2501.66,2503.16
1748212164660.0,2501.62,2503.12
1748212170526.0,2501.66,2503.16
1748212172179.0,2501.62,2503.12
1748212172966.0,2501.66,2503.16
