None,,
None,,
None,,
None,,
None,,
None,,
None,,
None,,
None,,
None,,
None,,
None,,
None,,
None,,
None,,
None,,
None,,
1748210525456.0,1787.09,1788.29
1748210526189.0,1787.06,1788.26
1748210526406.0,1787.12,1788.32
1748210526632.0,1787.09,1788.29
1748210527339.0,1787.12,1788.32
1748210527557.0,1787.21,1788.41
1748210527655.0,1787.22,1788.42
1748210527933.0,1787.3,1788.5
1748210528035.0,1787.31,1788.51
1748210528257.0,1787.47,1788.67
1748210529116.0,1787.5,1788.7
1748210529359.0,1787.53,1788.73
1748210529582.0,1787.59,1788.79
1748210529807.0,1787.54,1788.74
1748210529907.0,1787.53,1788.73
1748210530036.0,1787.5,1788.7
1748210531455.0,1787.45,1788.65
1748210531679.0,1787.47,1788.67
1748210532261.0,1787.5,1788.7
1748210532578.0,1787.44,1788.64
1748210533020.0,1787.5,1788.7
1748210533985.0,1787.67,1788.87
1748210534084.0,1787.69,1788.89
1748210534443.0,1787.66,1788.86
1748210534768.0,1787.72,1788.92
1748210534894.0,1787.75,1788.95
1748210535118.0,1787.16,1788.36
1748210535219.0,1787.09,1788.29
1748210535343.0,1787.12,1788.32
1748210536374.0,1787.15,1788.35
1748210537025.0,1787.19,1788.39
1748210537150.0,1787.33,1788.53
1748210537251.0,1787.34,1788.54
1748210537699.0,1787.37,1788.57
1748210537923.0,1787.49,1788.69
1748210538023.0,1787.5,1788.7
1748210538928.0,1787.61,1788.81
1748210539028.0,1787.63,1788.83
1748210539463.0,1787.66,1788.86
1748210540028.0,1787.63,1788.83
1748210540811.0,1787.77,1788.97
1748210540913.0,1787.78,1788.98
1748210541708.0,1787.73,1788.93
1748210541935.0,1787.75,1788.95
1748210542158.0,1787.67,1788.87
1748210542258.0,1787.66,1788.86
1748210542484.0,1787.78,1788.98
1748210542708.0,1787.66,1788.86
1748210543584.0,1787.74,1788.94
1748210543801.0,1787.72,1788.92
1748210544026.0,1787.55,1788.75
1748210544126.0,1787.53,1788.73
1748210544351.0,1787.5,1788.7
1748210544575.0,1787.56,1788.76
1748210545489.0,1787.62,1788.82
1748210545711.0,1787.6,1788.8
1748210545812.0,1787.59,1788.79
1748210545993.0,1787.57,1788.77
1748210546095.0,1787.56,1788.76
1748210546956.0,1787.66,1788.86
1748210548402.0,1787.63,1788.83
1748210548834.0,1787.59,1788.79
1748210550411.0,1787.63,1788.83
1748210550532.0,1787.68,1788.88
1748210550631.0,1787.69,1788.89
1748210550959.0,1787.63,1788.83
1748210551982.0,1787.6,1788.8
1748210552081.0,1787.59,1788.79
1748210552566.0,1787.62,1788.82
1748210552665.0,1787.63,1788.83
1748210553245.0,1787.69,1788.89
1748210553365.0,1787.63,1788.83
1748210554048.0,1787.66,1788.86
1748210554366.0,1787.56,1788.76
1748210557131.0,1787.66,1788.86
1748210558038.0,1787.58,1788.78
1748210558136.0,1787.56,1788.76
1748210562081.0,1787.66,1788.86
1748210562851.0,1787.63,1788.83
1748210563821.0,1787.6,1788.8
1748210563922.0,1787.59,1788.79
1748210564723.0,1787.62,1788.82
1748210564824.0,1787.63,1788.83
1748210565940.0,1787.59,1788.79
1748210566260.0,1787.62,1788.82
1748210566357.0,1787.63,1788.83
1748210566577.0,1787.56,1788.76
1748210568408.0,1787.59,1788.79
1748210570018.0,1787.56,1788.76
1748210571278.0,1787.73,1788.93
1748210571376.0,1787.75,1788.95
1748210571495.0,1787.78,1788.98
1748210571822.0,1787.72,1788.92
1748210572522.0,1787.69,1788.89
1748210572842.0,1787.41,1788.61
1748210572967.0,1787.32,1788.52
1748210573067.0,1787.31,1788.51
1748210573204.0,1787.34,1788.54
1748210576993.0,1787.37,1788.57
1748210577209.0,1787.46,1788.66
1748210577310.0,1787.47,1788.67
1748210577434.0,1787.5,1788.7
1748210577658.0,1787.67,1788.87
1748210577885.0,1787.72,1788.92
1748210579064.0,1787.69,1788.89
1748210579282.0,1787.72,1788.92
1748210581209.0,1787.86,1789.06
1748210581308.0,1787.88,1789.08
1748210581529.0,1787.97,1789.17
1748210581854.0,1788.0,1789.2
1748210582250.0,1787.95,1789.15
1748210582349.0,1787.94,1789.14
1748210582688.0,1787.97,1789.17
1748210583425.0,1788.13,1789.33
1748210583549.0,1788.1,1789.3
1748210584140.0,1788.13,1789.33
1748210584359.0,1788.16,1789.36
1748210584731.0,1788.13,1789.33
1748210585238.0,1788.07,1789.27
1748210585555.0,1788.35,1789.55
1748210585680.0,1788.29,1789.49
1748210586818.0,1788.32,1789.52
1748210587137.0,1788.41,1789.61
1748210587547.0,1788.54,1789.74
1748210588149.0,1788.43,1789.63
1748210588245.0,1788.41,1789.61
1748210588576.0,1788.44,1789.64
1748210589193.0,1788.41,1789.61
1748210590192.0,1788.38,1789.58
1748210591263.0,1788.41,1789.61
1748210591933.0,1788.51,1789.71
1748210592160.0,1788.47,1789.67
1748210592532.0,1788.51,1789.71
1748210592757.0,1788.47,1789.67
1748210593788.0,1788.53,1789.73
1748210593887.0,1788.54,1789.74
1748210594113.0,1788.47,1789.67
1748210594443.0,1788.51,1789.71
1748210594667.0,1788.63,1789.83
1748210595286.0,1788.6,1789.8
1748210596210.0,1788.63,1789.83
1748210596426.0,1788.77,1789.97
1748210596652.0,1788.82,1790.02
1748210597000.0,1788.74,1789.94
1748210597103.0,1788.73,1789.93
1748210598260.0,1788.7,1789.9
1748210598579.0,1788.76,1789.96
1748210599553.0,1788.7,1789.9
1748210600023.0,1788.73,1789.93
1748210600323.0,1788.5,1789.7
1748210600422.0,1788.47,1789.67
1748210600648.0,1788.66,1789.86
1748210600922.0,1788.72,1789.92
1748210601023.0,1788.73,1789.93
1748210601147.0,1788.76,1789.96
1748210601736.0,1788.73,1789.93
1748210602060.0,1788.79,1789.99
1748210602513.0,1788.63,1789.83
1748210602632.0,1788.58,1789.78
1748210602856.0,1788.63,1789.83
1748210603182.0,1788.7,1789.9
1748210603307.0,1788.78,1789.98
1748210603407.0,1788.79,1789.99
1748210603817.0,1788.71,1789.91
1748210603916.0,1788.7,1789.9
1748210604141.0,1788.6,1789.8
1748210604602.0,1788.63,1789.83
1748210604998.0,1788.6,1789.8
1748210605458.0,1788.74,1789.94
1748210605560.0,1788.76,1789.96
1748210605924.0,1788.73,1789.93
1748210606719.0,1788.7,1789.9
1748210608127.0,1788.53,1789.73
1748210608347.0,1788.4,1789.6
1748210608448.0,1788.38,1789.58
1748210608573.0,1788.35,1789.55
1748210608796.0,1788.52,1789.72
1748210608898.0,1788.54,1789.74
1748210609302.0,1788.43,1789.63
1748210609403.0,1788.41,1789.61
1748210609759.0,1788.33,1789.53
1748210609984.0,1788.26,1789.46
1748210610084.0,1788.25,1789.45
1748210610209.0,1788.28,1789.48
1748210610310.0,1788.29,1789.49
1748210610535.0,1788.25,1789.45
1748210611293.0,1788.22,1789.42
1748210611512.0,1788.33,1789.53
1748210611612.0,1788.35,1789.55
1748210612565.0,1788.38,1789.58
1748210612786.0,1788.41,1789.61
1748210613334.0,1788.44,1789.64
1748210613553.0,1788.47,1789.67
1748210615229.0,1788.45,1789.65
1748210615328.0,1788.44,1789.64
1748210615449.0,1788.5,1789.7
1748210615549.0,1788.51,1789.71
1748210616076.0,1788.44,1789.64
1748210616253.0,1788.47,1789.67
1748210617652.0,1788.44,1789.64
1748210618420.0,1788.58,1789.78
1748210618517.0,1788.6,1789.8
1748210619352.0,1788.57,1789.77
1748210620013.0,1788.4,1789.6
1748210620112.0,1788.38,1789.58
1748210621763.0,1788.46,1789.66
1748210621862.0,1788.47,1789.67
1748210622529.0,1788.5,1789.7
1748210622626.0,1788.51,1789.71
1748210624126.0,1788.47,1789.67
1748210624245.0,1788.45,1789.65
1748210624345.0,1788.44,1789.64
1748210625917.0,1788.7,1789.9
1748210627074.0,1788.75,1789.95
1748210627175.0,1788.76,1789.96
1748210630217.0,1788.73,1789.93
1748210631554.0,1788.76,1789.96
1748210631877.0,1788.66,1789.86
1748210633511.0,1788.69,1789.89
1748210633608.0,1788.7,1789.9
1748210634867.0,1788.75,1789.95
1748210635085.0,1788.79,1789.99
1748210636001.0,1788.68,1789.88
1748210636327.0,1788.6,1789.8
1748210636450.0,1788.57,1789.77
1748210638187.0,1788.46,1789.66
1748210638287.0,1788.44,1789.64
1748210640543.0,1788.47,1789.67
1748210641547.0,1788.5,1789.7
1748210641644.0,1788.51,1789.71
1748210641865.0,1788.44,1789.64
1748210642904.0,1788.47,1789.67
1748210644397.0,1788.45,1789.65
1748210644496.0,1788.44,1789.64
1748210647502.0,1788.51,1789.71
1748210648666.0,1788.44,1789.64
1748210650813.0,1788.39,1789.59
1748210650910.0,1788.38,1789.58
1748210653480.0,1788.29,1789.49
1748210655449.0,1788.26,1789.46
1748210655548.0,1788.25,1789.45
1748210660681.0,1788.2,1789.4
1748210660781.0,1788.19,1789.39
1748210663490.0,1787.97,1789.17
1748210663590.0,1787.94,1789.14
1748210665953.0,1787.85,1789.05
1748210666514.0,1787.82,1789.02
1748210666613.0,1787.81,1789.01
1748210667313.0,1787.76,1788.96
1748210667413.0,1787.75,1788.95
1748210667837.0,1787.78,1788.98
1748210668911.0,1787.81,1789.01
1748210670285.0,1787.88,1789.08
1748210670403.0,1787.85,1789.05
1748210674587.0,1787.75,1788.95
1748210676927.0,1787.78,1788.98
1748210677243.0,1787.75,1788.95
1748210682095.0,1787.94,1789.14
1748210682217.0,1787.91,1789.11
1748210683659.0,1787.94,1789.14
1748210683881.0,1787.97,1789.17
1748210684382.0,1788.03,1789.23
1748210685325.0,1788.06,1789.26
1748210685424.0,1788.07,1789.27
1748210686736.0,1788.1,1789.3
1748210687036.0,1788.18,1789.38
1748210687136.0,1788.19,1789.39
1748210687256.0,1788.22,1789.42
1748210687841.0,1788.25,1789.45
1748210688952.0,1788.28,1789.48
1748210689052.0,1788.29,1789.49
1748210689594.0,1788.32,1789.52
1748210690683.0,1788.4,1789.6
1748210690781.0,1788.41,1789.61
1748210692757.0,1788.38,1789.58
1748210693637.0,1788.35,1789.55
1748210693853.0,1788.27,1789.47
1748210693953.0,1788.25,1789.45
1748210695406.0,1788.32,1789.52
1748210700498.0,1788.19,1789.39
1748210700620.0,1788.14,1789.34
1748210700846.0,1788.16,1789.36
1748210701291.0,1788.13,1789.33
1748210701896.0,1788.16,1789.36
1748210702295.0,1788.22,1789.42
1748210704397.0,1788.2,1789.4
1748210704494.0,1788.19,1789.39
1748210704613.0,1788.16,1789.36
1748210706470.0,1788.19,1789.39
1748210706865.0,1788.27,1789.47
1748210706964.0,1788.29,1789.49
1748210709410.0,1788.32,1789.52
1748210710043.0,1788.29,1789.49
1748210710273.0,1788.26,1789.46
1748210710373.0,1788.25,1789.45
1748210712404.0,1788.35,1789.55
1748210712522.0,1788.38,1789.58
1748210712747.0,1788.35,1789.55
1748210713728.0,1788.38,1789.58
1748210713948.0,1788.41,1789.61
1748210714823.0,1788.44,1789.64
1748210715045.0,1788.5,1789.7
1748210715144.0,1788.51,1789.71
1748210715529.0,1788.44,1789.64
1748210717937.0,1788.36,1789.56
1748210718160.0,1788.24,1789.44
1748210718259.0,1788.22,1789.42
1748210718390.0,1788.25,1789.45
1748210719570.0,1788.28,1789.48
1748210719668.0,1788.29,1789.49
1748210720063.0,1788.25,1789.45
1748210721269.0,1788.39,1789.59
1748210721368.0,1788.41,1789.61
1748210722740.0,1788.38,1789.58
1748210723064.0,1788.32,1789.52
1748210723588.0,1788.4,1789.6
1748210723688.0,1788.41,1789.61
1748210724716.0,1788.44,1789.64
1748210725042.0,1788.51,1789.71
1748210725537.0,1788.57,1789.77
1748210725661.0,1788.6,1789.8
1748210726563.0,1788.63,1789.83
1748210726784.0,1788.6,1789.8
1748210727942.0,1788.57,1789.77
1748210728447.0,1788.6,1789.8
1748210729039.0,1788.63,1789.83
1748210729257.0,1788.6,1789.8
1748210731121.0,1788.63,1789.83
1748210732905.0,1788.49,1789.69
1748210733231.0,1788.51,1789.71
1748210733456.0,1788.54,1789.74
1748210733887.0,1788.57,1789.77
1748210734111.0,1788.65,1789.85
1748210734211.0,1788.66,1789.86
1748210734342.0,1788.63,1789.83
1748210734667.0,1788.47,1789.67
1748210735088.0,1788.51,1789.71
1748210735313.0,1788.54,1789.74
1748210735666.0,1788.57,1789.77
1748210737150.0,1788.48,1789.68
1748210737248.0,1788.47,1789.67
1748210740241.0,1788.5,1789.7
1748210740561.0,1788.47,1789.67
1748210746224.0,1788.45,1789.65
1748210746322.0,1788.44,1789.64
1748210746807.0,1788.57,1789.77
1748210750521.0,1788.54,1789.74
1748210750740.0,1788.51,1789.71
1748210753718.0,1788.48,1789.68
1748210753819.0,1788.47,1789.67
1748210753940.0,1788.53,1789.73
1748210754039.0,1788.54,1789.74
1748210755794.0,1788.57,1789.77
1748210756532.0,1788.47,1789.67
1748210757625.0,1788.58,1789.78
1748210757726.0,1788.6,1789.8
1748210759732.0,1788.63,1789.83
1748210759953.0,1788.66,1789.86
1748210762199.0,1788.69,1789.89
1748210762417.0,1788.67,1789.87
1748210762518.0,1788.66,1789.86
1748210763491.0,1788.69,1789.89
1748210763589.0,1788.7,1789.9
1748210764254.0,1788.76,1789.96
1748210764473.0,1788.66,1789.86
1748210765480.0,1788.63,1789.83
1748210766788.0,1788.6,1789.8
1748210767165.0,1788.63,1789.83
1748210767383.0,1788.66,1789.86
1748210767708.0,1788.7,1789.9
1748210767833.0,1788.72,1789.92
1748210767934.0,1788.73,1789.93
1748210769241.0,1788.76,1789.96
1748210769459.0,1788.79,1789.99
1748210774489.0,1788.73,1789.93
1748210775047.0,1788.76,1789.96
1748210776895.0,1788.7,1789.9
1748210777435.0,1788.67,1789.87
1748210777534.0,1788.66,1789.86
1748210778098.0,1788.63,1789.83
1748210778316.0,1788.58,1789.78
1748210778415.0,1788.57,1789.77
1748210778784.0,1788.6,1789.8
1748210779233.0,1788.63,1789.83
1748210779454.0,1788.66,1789.86
1748210779678.0,1788.72,1789.92
1748210779778.0,1788.73,1789.93
1748210780651.0,1788.76,1789.96
1748210782075.0,1788.79,1789.99
1748210782560.0,1788.82,1790.02
1748210782784.0,1788.79,1789.99
1748210783403.0,1788.7,1789.9
1748210783627.0,1788.73,1789.93
1748210783752.0,1788.7,1789.9
1748210783977.0,1788.67,1789.87
1748210784077.0,1788.66,1789.86
1748210784576.0,1788.63,1789.83
1748210784793.0,1788.6,1789.8
1748210785017.0,1788.66,1789.86
1748210785250.0,1788.63,1789.83
1748210785475.0,1788.6,1789.8
1748210785794.0,1788.63,1789.83
1748210786020.0,1788.6,1789.8
1748210786760.0,1788.63,1789.83
1748210792105.0,1788.74,1789.94
1748210792204.0,1788.76,1789.96
1748210793454.0,1788.73,1789.93
1748210794145.0,1788.76,1789.96
1748210794362.0,1788.7,1789.9
1748210795710.0,1788.67,1789.87
1748210795806.0,1788.66,1789.86
1748210809574.0,1788.63,1789.83
1748210809984.0,1788.6,1789.8
1748210811417.0,1788.52,1789.72
1748210811517.0,1788.51,1789.71
1748210812256.0,1788.41,1789.61
1748210812661.0,1788.38,1789.58
1748210814756.0,1788.44,1789.64
1748210815886.0,1788.58,1789.78
1748210815987.0,1788.6,1789.8
1748210816211.0,1788.79,1789.99
1748210816335.0,1789.77,1790.97
1748210816560.0,1790.08,1791.28
1748210816660.0,1790.11,1791.31
1748210816884.0,1789.98,1791.18
1748210817098.0,1789.95,1791.15
1748210817318.0,1789.9,1791.1
1748210817543.0,1790.14,1791.34
1748210817642.0,1790.17,1791.37
1748210818171.0,1790.08,1791.28
1748210818290.0,1790.05,1791.25
1748210818775.0,1790.83,1792.03
1748210818900.0,1790.72,1791.92
1748210819124.0,1790.62,1791.82
1748210819225.0,1790.61,1791.81
1748210819350.0,1791.42,1792.62
1748210819448.0,1791.52,1792.72
1748210819675.0,1791.81,1793.01
1748210819799.0,1792.14,1793.34
1748210820024.0,1791.85,1793.05
1748210820125.0,1791.81,1793.01
1748210820350.0,1791.65,1792.85
1748210820474.0,1791.17,1792.37
1748210820699.0,1791.06,1792.26
1748210820799.0,1791.05,1792.25
1748210820923.0,1790.99,1792.19
1748210821249.0,1791.59,1792.79
1748210821375.0,1791.61,1792.81
1748210821600.0,1791.56,1792.76
1748210821698.0,1791.55,1792.75
1748210821925.0,1791.49,1792.69
1748210822049.0,1791.21,1792.41
1748210822150.0,1791.18,1792.38
1748210822375.0,1791.43,1792.63
1748210822500.0,1791.32,1792.52
1748210822601.0,1791.3,1792.5
1748210822826.0,1791.37,1792.57
1748210822949.0,1791.31,1792.51
1748210823174.0,1790.94,1792.14
1748210823275.0,1790.9,1792.1
1748210823501.0,1790.68,1791.88
1748210823624.0,1790.65,1791.85
1748210823949.0,1790.61,1791.81
1748210825022.0,1790.49,1791.69
1748210825846.0,1791.52,1792.72
1748210825969.0,1791.78,1792.98
1748210826069.0,1791.81,1793.01
1748210826296.0,1791.4,1792.6
1748210826420.0,1791.2,1792.4
1748210826520.0,1791.18,1792.38
1748210826745.0,1790.87,1792.07
1748210826970.0,1791.03,1792.23
1748210827069.0,1791.05,1792.25
1748210827195.0,1791.08,1792.28
1748210827293.0,1791.09,1792.29
1748210827572.0,1791.06,1792.26
1748210827672.0,1791.05,1792.25
1748210827899.0,1790.74,1791.94
1748210828452.0,1790.85,1792.05
1748210828553.0,1790.86,1792.06
1748210828776.0,1790.77,1791.97
1748210829188.0,1790.8,1792.0
1748210829974.0,1790.77,1791.97
1748210830199.0,1791.05,1792.25
1748210830422.0,1791.17,1792.37
1748210830524.0,1791.18,1792.38
1748210831013.0,1790.71,1791.91
1748210831552.0,1790.65,1791.85
1748210831770.0,1790.73,1791.93
1748210831995.0,1790.85,1792.05
1748210832095.0,1790.86,1792.06
1748210832221.0,1790.92,1792.12
1748210832319.0,1790.93,1792.13
1748210832446.0,1790.9,1792.1
1748210832670.0,1790.76,1791.96
1748210832770.0,1790.74,1791.94
1748210833008.0,1790.79,1791.99
1748210833234.0,1790.69,1791.89
1748210833334.0,1790.68,1791.88
1748210833976.0,1790.73,1791.93
1748210834075.0,1790.74,1791.94
1748210834284.0,1790.71,1791.91
1748210834501.0,1790.62,1791.82
1748210834602.0,1790.61,1791.81
1748210834948.0,1790.58,1791.78
1748210835174.0,1790.41,1791.61
1748210835274.0,1790.39,1791.59
1748210835673.0,1790.42,1791.62
1748210835998.0,1790.65,1791.85
1748210836123.0,1790.37,1791.57
1748210836347.0,1790.41,1791.61
1748210836449.0,1790.42,1791.62
1748210836672.0,1790.3,1791.5
1748210836797.0,1790.35,1791.55
1748210836898.0,1790.36,1791.56
1748210837278.0,1790.58,1791.78
1748210837604.0,1790.49,1791.69
1748210837727.0,1790.4,1791.6
1748210837829.0,1790.39,1791.59
1748210838076.0,1790.36,1791.56
1748210838394.0,1790.27,1791.47
1748210838520.0,1790.16,1791.36
1748210838621.0,1790.14,1791.34
1748210838871.0,1790.08,1791.28
1748210839707.0,1790.11,1791.31
1748210839926.0,1790.19,1791.39
1748210840025.0,1790.21,1791.41
1748210841095.0,1790.18,1791.38
1748210841824.0,1790.15,1791.35
1748210841925.0,1790.14,1791.34
1748210842150.0,1790.21,1791.41
1748210842273.0,1790.18,1791.38
1748210842600.0,1790.08,1791.28
1748210843014.0,1790.11,1791.31
1748210843239.0,1790.25,1791.45
1748210843339.0,1790.27,1791.47
1748210843884.0,1790.38,1791.58
1748210843984.0,1790.39,1791.59
1748210844209.0,1790.27,1791.47
1748210844333.0,1790.35,1791.55
1748210844435.0,1790.36,1791.56
1748210844559.0,1790.39,1791.59
1748210845105.0,1790.33,1791.53
1748210845549.0,1790.27,1791.47
1748210845771.0,1790.49,1791.69
1748210845872.0,1790.52,1791.72
1748210848123.0,1790.49,1791.69
1748210848443.0,1790.33,1791.53
1748210849107.0,1790.38,1791.58
1748210849207.0,1790.39,1791.59
1748210849504.0,1790.36,1791.56
1748210850320.0,1790.43,1791.63
1748210850494.0,1790.45,1791.65
1748210850720.0,1790.57,1791.77
1748210851044.0,1790.87,1792.07
1748210851270.0,1790.77,1791.97
1748210851395.0,1790.85,1792.05
1748210851619.0,1790.92,1792.12
1748210851719.0,1790.93,1792.13
1748210851977.0,1790.95,1792.15
1748210852201.0,1790.93,1792.13
1748210852526.0,1791.02,1792.22
1748210852651.0,1791.24,1792.44
1748210852877.0,1791.22,1792.42
1748210852976.0,1791.21,1792.41
1748210853101.0,1791.24,1792.44
1748210853427.0,1791.12,1792.32
1748210854138.0,1790.96,1792.16
1748210854432.0,1790.85,1792.05
1748210854533.0,1790.83,1792.03
1748210855827.0,1790.81,1792.01
1748210856047.0,1790.69,1791.89
1748210856270.0,1790.76,1791.96
1748210856372.0,1790.77,1791.97
1748210856497.0,1790.8,1792.0
1748210856941.0,1790.83,1792.03
1748210857166.0,1791.09,1792.29
1748210857391.0,1791.03,1792.23
1748210857491.0,1791.02,1792.22
1748210857761.0,1791.08,1792.28
1748210858446.0,1791.11,1792.31
1748210858664.0,1791.09,1792.29
1748210858990.0,1791.12,1792.32
1748210859215.0,1790.99,1792.19
1748210859485.0,1790.96,1792.16
1748210860028.0,1790.87,1792.07
1748210861341.0,1791.18,1792.38
1748210861655.0,1791.23,1792.43
1748210861756.0,1791.24,1792.44
1748210862600.0,1791.21,1792.41
1748210863218.0,1790.9,1792.1
1748210863760.0,1790.95,1792.15
1748210863860.0,1790.96,1792.16
1748210864286.0,1791.07,1792.27
1748210864385.0,1791.08,1792.28
1748210865285.0,1791.06,1792.26
1748210865604.0,1790.9,1792.1
1748210865830.0,1790.93,1792.13
1748210866053.0,1790.58,1791.78
1748210866859.0,1790.55,1791.75
1748210867077.0,1790.52,1791.72
1748210867948.0,1790.71,1791.91
1748210868247.0,1790.76,1791.96
1748210868348.0,1790.77,1791.97
1748210869314.0,1790.83,1792.03
1748210869434.0,1790.89,1792.09
1748210869658.0,1790.84,1792.04
1748210869759.0,1790.83,1792.03
1748210870389.0,1790.81,1792.01
1748210870608.0,1790.75,1791.95
1748210870708.0,1790.74,1791.94
1748210870931.0,1790.87,1792.07
1748210871282.0,1790.84,1792.04
1748210871503.0,1790.95,1792.15
1748210871604.0,1790.96,1792.16
1748210872521.0,1791.02,1792.22
1748210873451.0,1790.99,1792.19
1748210873772.0,1790.83,1792.03
1748210873996.0,1790.9,1792.1
1748210874745.0,1790.84,1792.04
1748210874845.0,1790.83,1792.03
1748210875351.0,1790.89,1792.09
1748210875676.0,1790.99,1792.19
1748210875953.0,1790.96,1792.16
1748210876187.0,1790.99,1792.19
1748210876403.0,1791.02,1792.22
1748210876628.0,1791.16,1792.36
1748210876852.0,1791.21,1792.41
1748210877553.0,1791.4,1792.6
1748210877677.0,1791.43,1792.63
1748210877902.0,1791.54,1792.74
1748210878002.0,1791.56,1792.76
1748210878453.0,1791.58,1792.78
1748210878553.0,1791.59,1792.79
1748210878990.0,1791.56,1792.76
1748210879644.0,1791.58,1792.78
1748210879744.0,1791.59,1792.79
1748210879968.0,1791.34,1792.54
1748210880347.0,1791.21,1792.41
1748210880616.0,1791.24,1792.44
1748210880841.0,1791.21,1792.41
1748210881586.0,1791.65,1792.85
1748210881935.0,1791.42,1792.62
1748210882260.0,1791.59,1792.79
1748210882484.0,1791.65,1792.85
1748210882822.0,1791.68,1792.88
1748210883148.0,1791.96,1793.16
1748210883372.0,1791.78,1792.98
1748210884098.0,1792.03,1793.23
1748210884325.0,1791.96,1793.16
1748210884699.0,1792.03,1793.23
1748210884825.0,1792.11,1793.31
1748210885050.0,1792.09,1793.29
1748210885374.0,1792.28,1793.48
1748210885673.0,1792.17,1793.37
1748210885775.0,1792.15,1793.35
1748210885998.0,1792.12,1793.32
1748210886224.0,1792.56,1793.76
1748210886349.0,1792.65,1793.85
1748210886448.0,1792.66,1793.86
1748210886946.0,1792.6,1793.8
1748210887272.0,1792.47,1793.67
1748210887497.0,1792.91,1794.11
1748210887621.0,1792.8,1794.0
1748210887848.0,1792.72,1793.92
1748210888173.0,1792.97,1794.17
1748210888522.0,1793.44,1794.64
1748210888848.0,1794.2,1795.4
1748210889073.0,1794.29,1795.49
1748210889197.0,1794.38,1795.58
1748210889412.0,1794.41,1795.61
1748210889512.0,1794.47,1795.67
1748210889646.0,1794.5,1795.7
1748210890048.0,1794.22,1795.42
1748210890398.0,1794.27,1795.47
1748210890724.0,1794.12,1795.32
1748210890947.0,1794.06,1795.26
1748210891170.0,1794.09,1795.29
1748210891389.0,1793.73,1794.93
1748210891615.0,1793.38,1794.58
1748210891714.0,1793.34,1794.54
1748210892049.0,1793.23,1794.43
1748210892267.0,1793.05,1794.25
1748210892592.0,1792.99,1794.19
1748210893268.0,1793.02,1794.22
1748210893490.0,1793.0,1794.2
1748210893589.0,1792.99,1794.19
1748210893813.0,1792.9,1794.1
1748210894164.0,1793.14,1794.34
1748210894489.0,1793.62,1794.82
1748210894714.0,1793.21,1794.41
1748210894840.0,1793.41,1794.61
1748210895068.0,1793.26,1794.46
1748210895167.0,1793.24,1794.44
1748210895390.0,1793.21,1794.41
1748210895514.0,1793.24,1794.44
1748210896010.0,1793.18,1794.38
1748210896233.0,1793.4,1794.6
1748210896507.0,1793.43,1794.63
1748210896732.0,1793.52,1794.72
1748210896956.0,1793.39,1794.59
1748210897056.0,1793.37,1794.57
1748210897281.0,1793.21,1794.41
1748210897632.0,1793.21,1794.41
1748210897857.0,1793.24,1794.44
1748210898184.0,1793.31,1794.51
1748210898581.0,1793.38,1794.58
1748210898805.0,1793.42,1794.62
1748210898906.0,1793.43,1794.63
1748210899129.0,1793.34,1794.54
1748210899255.0,1793.28,1794.48
1748210899481.0,1793.33,1794.53
1748210899581.0,1793.34,1794.54
1748210899705.0,1793.28,1794.48
1748210900031.0,1793.34,1794.54
1748210900155.0,1793.31,1794.51
1748210900655.0,1793.24,1794.44
1748210901393.0,1792.86,1794.06
1748210901718.0,1792.71,1793.91
1748210901844.0,1792.68,1793.88
1748210902069.0,1792.59,1793.79
1748210902293.0,1792.67,1793.87
1748210902395.0,1792.68,1793.88
1748210902619.0,1792.61,1793.81
1748210902745.0,1792.76,1793.96
1748210902968.0,1792.8,1794.0
1748210903192.0,1792.83,1794.03
1748210903293.0,1792.84,1794.04
1748210903518.0,1792.68,1793.88
1748210903644.0,1792.73,1793.93
1748210903869.0,1792.8,1794.0
1748210904195.0,1792.86,1794.06
1748210904418.0,1792.84,1794.04
1748210904744.0,1792.74,1793.94
1748210905092.0,1792.66,1793.86
1748210905190.0,1792.65,1793.85
1748210905410.0,1792.68,1793.88
1748210905689.0,1792.71,1793.91
1748210905914.0,1792.65,1793.85
1748210906139.0,1792.76,1793.96
1748210906363.0,1792.8,1794.0
1748210906689.0,1792.87,1794.07
1748210906813.0,1792.84,1794.04
1748210907039.0,1792.89,1794.09
1748210907363.0,1792.99,1794.19
1748210908892.0,1793.02,1794.22
1748210909544.0,1793.12,1794.32
1748210909766.0,1793.15,1794.35
1748210909991.0,1793.2,1794.4
1748210910091.0,1793.21,1794.41
1748210910216.0,1793.18,1794.38
1748210910441.0,1793.24,1794.44
1748210910767.0,1793.18,1794.38
1748210911114.0,1793.15,1794.35
1748210911436.0,1793.21,1794.41
1748210911561.0,1793.13,1794.33
1748210911660.0,1793.12,1794.32
1748210911784.0,1793.03,1794.23
1748210911885.0,1793.02,1794.22
1748210912689.0,1792.99,1794.19
1748210912810.0,1792.91,1794.11
1748210912910.0,1792.9,1794.1
1748210913335.0,1792.95,1794.15
1748210913435.0,1792.96,1794.16
1748210913554.0,1793.05,1794.25
1748210913879.0,1793.12,1794.32
1748210914250.0,1793.23,1794.43
1748210914352.0,1793.24,1794.44
1748210914575.0,1793.12,1794.32
1748210914801.0,1793.18,1794.38
1748210915111.0,1793.21,1794.41
1748210915432.0,1793.15,1794.35
1748210915557.0,1793.18,1794.38
1748210915782.0,1793.21,1794.41
1748210916107.0,1793.15,1794.35
1748210916232.0,1793.06,1794.26
1748210916332.0,1793.05,1794.25
1748210916736.0,1792.99,1794.19
1748210916859.0,1792.97,1794.17
1748210916960.0,1792.96,1794.16
1748210917519.0,1792.99,1794.19
1748210917953.0,1792.94,1794.14
1748210918053.0,1792.93,1794.13
1748210919504.0,1792.87,1794.07
1748210919846.0,1792.9,1794.1
1748210920150.0,1792.92,1794.12
1748210920248.0,1792.93,1794.13
1748210920470.0,1792.77,1793.97
1748210920596.0,1792.8,1794.0
1748210920694.0,1792.81,1794.01
1748210921130.0,1792.84,1794.04
1748210921395.0,1792.86,1794.06
1748210921494.0,1792.83,1794.03
1748210921782.0,1792.67,1793.87
1748210921907.0,1792.61,1793.81
1748210922007.0,1792.6,1793.8
1748210922496.0,1792.63,1793.83
1748210922719.0,1792.52,1793.72
1748210922821.0,1792.51,1793.71
1748210923102.0,1792.46,1793.66
1748210923200.0,1792.45,1793.65
1748210924384.0,1792.36,1793.56
1748210924609.0,1792.38,1793.58
1748210924708.0,1792.39,1793.59
1748210924932.0,1792.35,1793.55
1748210925189.0,1792.41,1793.61
1748210925291.0,1792.42,1793.62
1748210925511.0,1792.6,1793.8
1748210925635.0,1792.44,1793.64
1748210925860.0,1792.47,1793.67
1748210925960.0,1792.48,1793.68
1748210926086.0,1792.45,1793.65
1748210926508.0,1792.48,1793.68
1748210926729.0,1792.57,1793.77
1748210927667.0,1792.42,1793.62
1748210927791.0,1793.48,1794.68
1748210928017.0,1793.5,1794.7
1748210928118.0,1793.48,1794.68
1748210928943.0,1793.46,1794.66
1748210929043.0,1793.45,1794.65
1748210929168.0,1793.48,1794.68
1748210929694.0,1793.43,1794.63
1748210929921.0,1793.4,1794.6
1748210930021.0,1793.39,1794.59
1748210930245.0,1793.52,1794.72
1748210930370.0,1793.49,1794.69
1748210930472.0,1793.48,1794.68
1748210930897.0,1793.55,1794.75
1748210931122.0,1793.45,1794.65
1748210931899.0,1793.26,1794.46
1748210932123.0,1793.04,1794.24
1748210932223.0,1793.01,1794.21
1748210932447.0,1792.98,1794.18
1748210932672.0,1793.2,1794.4
1748210932797.0,1793.4,1794.6
1748210933022.0,1793.31,1794.51
1748210933123.0,1793.3,1794.5
1748210933347.0,1793.2,1794.4
1748210933471.0,1793.12,1794.32
1748210933576.0,1793.11,1794.31
1748210933784.0,1793.41,1794.61
1748210933884.0,1793.45,1794.65
1748210936001.0,1793.34,1794.54
1748210936102.0,1793.33,1794.53
1748210936651.0,1793.27,1794.47
1748210936874.0,1793.21,1794.41
1748210936973.0,1793.2,1794.4
1748210937449.0,1792.84,1794.04
1748210937547.0,1792.79,1793.99
1748210938359.0,1792.67,1793.87
1748210938458.0,1792.74,1793.94
1748210939450.0,1792.77,1793.97
1748210939675.0,1792.71,1793.91
1748210940631.0,1792.74,1793.94
1748210941885.0,1792.68,1793.88
1748210941985.0,1792.67,1793.87
1748210942209.0,1792.61,1793.81
1748210942856.0,1792.56,1793.76
1748210943082.0,1792.44,1793.64
1748210943182.0,1792.42,1793.62
1748210943406.0,1792.27,1793.47
1748210943531.0,1792.21,1793.41
1748210943756.0,1792.23,1793.43
1748210944082.0,1792.27,1793.47
1748210944308.0,1792.17,1793.37
1748210945043.0,1792.28,1793.48
1748210945142.0,1792.3,1793.5
1748210945365.0,1792.23,1793.43
1748210945654.0,1792.49,1793.69
1748210945753.0,1792.52,1793.72
1748210945879.0,1792.46,1793.66
1748210947668.0,1792.43,1793.63
1748210947766.0,1792.42,1793.62
1748210947886.0,1792.31,1793.51
1748210947986.0,1792.3,1793.5
1748210948400.0,1792.39,1793.59
1748210948727.0,1792.14,1793.34
1748210948827.0,1792.11,1793.31
1748210949947.0,1792.08,1793.28
1748210950163.0,1792.16,1793.36
1748210950388.0,1792.2,1793.4
1748210951588.0,1792.23,1793.43
1748210952186.0,1792.21,1793.41
1748210952285.0,1792.2,1793.4
1748210952506.0,1792.05,1793.25
1748210952631.0,1792.1,1793.3
1748210952856.0,1792.5,1793.7
1748210952956.0,1792.55,1793.75
1748210953559.0,1792.49,1793.69
1748210953779.0,1792.37,1793.57
1748210953879.0,1792.36,1793.56
1748210954263.0,1792.41,1793.61
1748210954363.0,1792.42,1793.62
1748210955945.0,1792.33,1793.53
1748210956070.0,1792.3,1793.5
1748210956814.0,1792.27,1793.47
1748210957139.0,1792.08,1793.28
1748210957402.0,1792.05,1793.25
1748210957627.0,1791.99,1793.19
1748210957727.0,1791.98,1793.18
1748210958502.0,1791.96,1793.16
1748210958600.0,1791.95,1793.15
1748210958722.0,1791.92,1793.12
1748210959046.0,1791.98,1793.18
1748210959599.0,1791.92,1793.12
1748210959823.0,1791.83,1793.03
1748210960132.0,1791.88,1793.08
1748210960232.0,1791.89,1793.09
1748210960352.0,1791.92,1793.12
1748210960678.0,1791.83,1793.03
1748210960903.0,1791.79,1792.99
1748210961126.0,1791.73,1792.93
1748210961847.0,1791.79,1792.99
1748210962072.0,1791.74,1792.94
1748210962297.0,1791.71,1792.91
1748210962398.0,1791.7,1792.9
1748210962778.0,1791.95,1793.15
1748210963004.0,1791.87,1793.07
1748210963327.0,1791.98,1793.18
1748210964740.0,1792.3,1793.5
1748210965829.0,1792.36,1793.56
1748210966178.0,1792.45,1793.65
1748210966403.0,1792.43,1793.63
1748210966505.0,1792.42,1793.62
1748210966880.0,1792.39,1793.59
1748210967005.0,1792.42,1793.62
1748210967690.0,1792.39,1793.59
1748210968105.0,1792.42,1793.62
1748210968550.0,1792.4,1793.6
1748210968651.0,1792.39,1793.59
1748210969702.0,1792.42,1793.62
1748210970322.0,1792.45,1793.65
1748210970422.0,1792.46,1793.66
1748210970816.0,1792.36,1793.56
1748210970942.0,1792.39,1793.59
1748210971166.0,1792.34,1793.54
1748210971392.0,1792.3,1793.5
1748210973354.0,1792.23,1793.43
1748210974669.0,1792.6,1793.8
1748210974769.0,1792.64,1793.84
1748210975085.0,1792.67,1793.87
1748210975302.0,1792.84,1794.04
1748210975528.0,1792.92,1794.12
1748210975628.0,1792.93,1794.13
1748210975853.0,1793.02,1794.22
1748210975978.0,1793.36,1794.56
1748210976079.0,1793.4,1794.6
1748210976203.0,1793.42,1794.62
1748210976429.0,1793.48,1794.68
1748210976530.0,1793.49,1794.69
1748210976654.0,1793.55,1794.75
1748210977119.0,1793.5,1794.7
1748210977217.0,1793.49,1794.69
1748210977335.0,1793.55,1794.75
1748210977866.0,1793.53,1794.73
1748210977967.0,1793.52,1794.72
1748210979015.0,1793.55,1794.75
1748210979846.0,1793.52,1794.72
1748210980060.0,1793.55,1794.75
1748210980279.0,1793.47,1794.67
1748210980503.0,1793.41,1794.61
1748210980603.0,1793.4,1794.6
1748210981044.0,1793.37,1794.57
1748210981607.0,1793.34,1794.54
1748210982142.0,1793.02,1794.22
1748210982761.0,1793.15,1794.35
1748210983065.0,1793.17,1794.37
1748210983166.0,1793.18,1794.38
1748210983387.0,1793.24,1794.44
1748210983530.0,1793.27,1794.47
1748210983755.0,1793.22,1794.42
1748210983980.0,1793.1,1794.3
1748210984080.0,1793.08,1794.28
1748210984304.0,1793.05,1794.25
1748210984635.0,1793.15,1794.35
1748210984952.0,1793.08,1794.28
1748210985077.0,1793.14,1794.34
1748210985178.0,1793.15,1794.35
1748210985385.0,1793.09,1794.29
1748210985485.0,1793.08,1794.28
1748210985710.0,1793.24,1794.44
1748210985985.0,1793.16,1794.36
1748210986208.0,1792.89,1794.09
1748210986310.0,1792.86,1794.06
1748210987168.0,1792.93,1794.13
1748210987528.0,1793.04,1794.24
1748210987628.0,1793.05,1794.25
1748210988027.0,1792.99,1794.19
1748210988874.0,1793.02,1794.22
1748210989090.0,1792.99,1794.19
1748210989777.0,1793.1,1794.3
1748210989877.0,1793.11,1794.31
1748210990001.0,1793.06,1794.26
1748210990227.0,1793.03,1794.23
1748210990328.0,1793.02,1794.22
1748210990554.0,1792.99,1794.19
1748210990952.0,1792.93,1794.13
1748210991177.0,1792.95,1794.15
1748210991276.0,1792.96,1794.16
1748210991501.0,1792.99,1794.19
1748210991975.0,1793.04,1794.24
1748210992075.0,1793.05,1794.25
1748210992199.0,1793.08,1794.28
1748210992424.0,1793.11,1794.31
1748210993404.0,1793.18,1794.38
1748210994379.0,1793.49,1794.69
1748210994603.0,1793.43,1794.63
1748210995885.0,1793.4,1794.6
1748210996202.0,1793.27,1794.47
1748210997402.0,1793.19,1794.39
1748210997502.0,1793.18,1794.38
1748210997718.0,1793.21,1794.41
1748210997943.0,1793.24,1794.44
1748210998167.0,1793.3,1794.5
1748210998391.0,1793.33,1794.53
1748210998617.0,1793.31,1794.51
1748210998718.0,1793.3,1794.5
1748211000007.0,1793.19,1794.39
1748211000107.0,1793.18,1794.38
1748211000334.0,1793.24,1794.44
1748211000459.0,1793.41,1794.61
1748211000558.0,1793.43,1794.63
1748211001103.0,1793.34,1794.54
1748211001423.0,1793.15,1794.35
1748211001547.0,1793.06,1794.26
1748211001648.0,1793.05,1794.25
1748211002230.0,1793.08,1794.28
1748211002551.0,1793.05,1794.25
1748211002675.0,1793.11,1794.31
1748211003001.0,1792.99,1794.19
1748211003310.0,1792.96,1794.16
1748211003635.0,1792.99,1794.19
1748211003759.0,1793.15,1794.35
1748211003859.0,1793.18,1794.38
1748211004630.0,1793.21,1794.41
1748211004848.0,1793.24,1794.44
1748211007606.0,1793.4,1794.6
1748211008182.0,1793.59,1794.79
1748211008279.0,1793.62,1794.82
1748211008498.0,1793.68,1794.88
1748211008622.0,1793.74,1794.94
1748211008846.0,1793.85,1795.05
1748211008947.0,1793.87,1795.07
1748211009171.0,1793.96,1795.16
1748211009297.0,1793.93,1795.13
1748211009868.0,1793.88,1795.08
1748211010091.0,1793.76,1794.96
1748211010192.0,1793.74,1794.94
1748211010318.0,1793.8,1795.0
1748211010541.0,1793.78,1794.98
1748211010866.0,1793.74,1794.94
1748211010991.0,1793.69,1794.89
1748211011091.0,1793.68,1794.88
1748211012317.0,1793.52,1794.72
1748211012871.0,1793.55,1794.75
1748211014013.0,1793.58,1794.78
1748211014112.0,1793.59,1794.79
1748211014337.0,1793.52,1794.72
1748211015415.0,1793.55,1794.75
1748211015909.0,1793.27,1794.47
1748211016881.0,1793.18,1794.38
1748211017226.0,1793.15,1794.35
1748211017444.0,1793.12,1794.32
1748211017545.0,1793.11,1794.31
1748211017770.0,1793.27,1794.47
1748211017894.0,1793.19,1794.39
1748211017994.0,1793.18,1794.38
1748211018547.0,1793.11,1794.31
1748211018670.0,1793.28,1794.48
1748211018896.0,1793.25,1794.45
1748211018996.0,1793.24,1794.44
1748211019434.0,1793.27,1794.47
1748211019654.0,1793.38,1794.58
1748211019755.0,1793.4,1794.6
1748211019879.0,1793.37,1794.57
1748211020322.0,1793.42,1794.62
1748211020424.0,1793.43,1794.63
1748211020547.0,1793.37,1794.57
1748211020773.0,1793.42,1794.62
1748211020872.0,1793.43,1794.63
1748211021541.0,1793.49,1794.69
1748211022115.0,1793.55,1794.75
1748211022506.0,1793.52,1794.72
1748211022630.0,1793.5,1794.7
1748211022730.0,1793.49,1794.69
1748211022955.0,1793.43,1794.63
1748211023645.0,1793.32,1794.52
1748211023746.0,1793.3,1794.5
1748211024640.0,1793.22,1794.42
1748211024964.0,1793.3,1794.5
1748211026928.0,1793.24,1794.44
1748211027054.0,1793.33,1794.53
1748211027279.0,1793.28,1794.48
1748211027377.0,1793.27,1794.47
1748211027608.0,1793.24,1794.44
1748211027933.0,1793.15,1794.35
1748211028280.0,1793.12,1794.32
1748211028380.0,1793.11,1794.31
1748211028672.0,1793.06,1794.26
1748211028773.0,1793.05,1794.25
1748211029601.0,1793.08,1794.28
1748211029820.0,1793.11,1794.31
1748211031141.0,1793.14,1794.34
1748211031358.0,1793.06,1794.26
1748211031458.0,1793.05,1794.25
1748211031764.0,1793.08,1794.28
1748211031990.0,1793.11,1794.31
1748211032598.0,1792.99,1794.19
1748211033430.0,1792.9,1794.1
1748211033656.0,1792.92,1794.12
1748211033757.0,1792.93,1794.13
1748211034861.0,1792.79,1793.99
1748211034960.0,1792.77,1793.97
1748211035861.0,1792.85,1794.05
1748211036089.0,1792.81,1794.01
1748211036315.0,1792.75,1793.95
1748211036416.0,1792.74,1793.94
1748211036955.0,1792.61,1793.81
1748211037079.0,1792.72,1793.92
1748211037179.0,1792.74,1793.94
1748211037642.0,1792.61,1793.81
1748211038571.0,1792.64,1793.84
1748211038789.0,1792.67,1793.87
1748211039981.0,1792.7,1793.9
1748211040078.0,1792.71,1793.91
1748211040300.0,1792.67,1793.87
1748211040685.0,1792.79,1793.99
1748211040786.0,1792.8,1794.0
1748211041157.0,1792.77,1793.97
1748211041375.0,1792.71,1793.91
1748211041861.0,1792.74,1793.94
1748211043219.0,1792.68,1793.88
1748211043443.0,1792.7,1793.9
1748211043545.0,1792.71,1793.91
1748211044044.0,1792.73,1793.93
1748211044144.0,1792.74,1793.94
1748211044363.0,1792.67,1793.87
1748211044489.0,1792.7,1793.9
1748211044591.0,1792.71,1793.91
1748211045044.0,1792.79,1793.99
1748211045142.0,1792.8,1794.0
1748211045361.0,1792.74,1793.94
1748211045586.0,1792.99,1794.19
1748211045711.0,1793.04,1794.24
1748211045811.0,1793.05,1794.25
1748211046045.0,1793.11,1794.31
1748211046598.0,1793.37,1794.57
1748211046698.0,1793.4,1794.6
1748211046823.0,1793.34,1794.54
1748211047148.0,1793.3,1794.5
1748211047826.0,1793.27,1794.47
1748211048417.0,1793.18,1794.38
1748211049019.0,1793.15,1794.35
1748211049343.0,1793.08,1794.28
1748211050073.0,1793.06,1794.26
1748211050171.0,1793.05,1794.25
1748211050466.0,1792.94,1794.14
1748211050565.0,1792.93,1794.13
1748211050998.0,1792.8,1794.0
1748211052253.0,1792.74,1793.94
1748211052756.0,1792.71,1793.91
1748211053080.0,1792.74,1793.94
1748211054176.0,1792.68,1793.88
1748211054274.0,1792.67,1793.87
1748211054702.0,1792.64,1793.84
1748211054825.0,1792.62,1793.82
1748211055052.0,1792.64,1793.84
1748211055275.0,1792.67,1793.87
1748211055626.0,1792.62,1793.82
1748211055726.0,1792.61,1793.81
1748211056165.0,1792.64,1793.84
1748211056385.0,1792.62,1793.82
1748211056485.0,1792.61,1793.81
1748211056797.0,1792.64,1793.84
1748211057024.0,1792.73,1793.93
1748211057125.0,1792.74,1793.94
1748211058479.0,1792.49,1793.69
1748211058579.0,1792.46,1793.66
1748211059134.0,1792.43,1793.63
1748211059232.0,1792.42,1793.62
1748211060100.0,1792.4,1793.6
1748211060319.0,1792.42,1793.62
1748211061622.0,1792.4,1793.6
1748211061724.0,1792.39,1793.59
1748211062020.0,1792.42,1793.62
1748211063188.0,1792.31,1793.51
1748211063286.0,1792.3,1793.5
1748211064515.0,1792.33,1793.53
1748211064734.0,1792.3,1793.5
1748211065332.0,1792.2,1793.4
1748211065674.0,1792.18,1793.38
1748211065773.0,1792.17,1793.37
1748211066806.0,1792.06,1793.26
1748211066907.0,1792.05,1793.25
1748211067268.0,1792.07,1793.27
1748211067365.0,1792.08,1793.28
1748211067485.0,1792.05,1793.25
1748211067709.0,1792.13,1793.33
1748211067811.0,1792.14,1793.34
1748211068090.0,1792.2,1793.4
1748211068312.0,1792.23,1793.43
1748211068536.0,1792.21,1793.41
1748211068637.0,1792.2,1793.4
1748211068949.0,1792.23,1793.43
1748211070134.0,1792.11,1793.31
1748211070502.0,1792.08,1793.28
1748211070727.0,1792.16,1793.36
1748211070827.0,1792.17,1793.37
1748211071050.0,1792.14,1793.34
1748211071176.0,1792.11,1793.31
1748211071401.0,1792.19,1793.39
1748211071501.0,1792.2,1793.4
1748211071727.0,1792.11,1793.31
1748211071898.0,1792.14,1793.34
1748211072902.0,1792.09,1793.29
1748211073001.0,1792.08,1793.28
1748211073225.0,1792.23,1793.43
1748211073887.0,1792.2,1793.4
1748211074193.0,1792.12,1793.32
1748211074292.0,1792.11,1793.31
1748211074820.0,1792.08,1793.28
1748211075144.0,1792.14,1793.34
1748211075270.0,1792.17,1793.37
1748211075496.0,1792.15,1793.35
1748211075595.0,1792.14,1793.34
1748211076628.0,1792.17,1793.37
1748211076849.0,1792.12,1793.32
1748211076948.0,1792.11,1793.31
1748211077654.0,1792.02,1793.22
1748211077977.0,1792.05,1793.25
1748211080074.0,1792.02,1793.22
1748211080726.0,1791.98,1793.18
1748211081416.0,1791.96,1793.16
1748211081516.0,1791.95,1793.15
1748211083089.0,1792.07,1793.27
1748211083409.0,1791.98,1793.18
1748211083938.0,1792.04,1793.24
1748211084038.0,1792.05,1793.25
1748211084433.0,1792.02,1793.22
1748211085159.0,1792.08,1793.28
1748211085278.0,1791.99,1793.19
1748211085378.0,1791.98,1793.18
1748211086514.0,1791.95,1793.15
1748211086632.0,1791.9,1793.1
1748211086857.0,1791.92,1793.12
1748211087648.0,1791.95,1793.15
1748211087866.0,1791.98,1793.18
1748211088093.0,1791.93,1793.13
1748211088193.0,1791.92,1793.12
1748211089685.0,1791.95,1793.15
1748211089902.0,1791.98,1793.18
1748211090667.0,1791.96,1793.16
1748211090768.0,1791.95,1793.15
1748211091490.0,1791.81,1793.01
1748211091589.0,1791.79,1792.99
1748211092093.0,1791.71,1792.91
1748211092311.0,1791.81,1793.01
1748211092536.0,1791.77,1792.97
1748211092636.0,1791.76,1792.96
1748211092861.0,1791.73,1792.93
1748211094244.0,1791.76,1792.96
1748211094463.0,1791.79,1792.99
1748211094687.0,1791.82,1793.02
1748211095013.0,1791.86,1793.06
1748211095238.0,1791.79,1792.99
1748211095765.0,1791.86,1793.06
1748211096813.0,1791.89,1793.09
1748211097030.0,1791.92,1793.12
1748211097355.0,1792.02,1793.22
1748211097703.0,1791.98,1793.18
1748211099222.0,1792.02,1793.22
1748211100210.0,1792.05,1793.25
1748211101380.0,1792.23,1793.43
1748211102497.0,1792.21,1793.41
1748211102595.0,1792.2,1793.4
1748211102715.0,1792.23,1793.43
1748211103721.0,1792.26,1793.46
1748211103822.0,1792.27,1793.47
1748211104127.0,1792.21,1793.41
1748211104227.0,1792.2,1793.4
1748211104775.0,1792.23,1793.43
1748211105551.0,1792.2,1793.4
1748211106199.0,1792.08,1793.28
1748211106318.0,1792.05,1793.25
1748211107860.0,1792.07,1793.27
1748211107958.0,1792.08,1793.28
1748211108600.0,1791.98,1793.18
1748211108824.0,1791.92,1793.12
1748211109148.0,1791.97,1793.17
1748211109246.0,1791.98,1793.18
1748211110177.0,1792.01,1793.21
1748211110398.0,1792.04,1793.24
1748211110497.0,1792.05,1793.25
1748211112615.0,1792.02,1793.22
1748211113689.0,1792.07,1793.27
1748211113786.0,1792.08,1793.28
1748211113906.0,1792.05,1793.25
1748211114718.0,1791.96,1793.16
1748211114818.0,1791.95,1793.15
1748211117373.0,1791.92,1793.12
1748211118171.0,1792.03,1793.23
1748211118270.0,1792.05,1793.25
1748211119442.0,1792.02,1793.22
1748211119932.0,1791.79,1792.99
1748211120348.0,1791.82,1793.02
1748211120448.0,1791.83,1793.03
1748211122213.0,1791.85,1793.05
1748211122313.0,1791.86,1793.06
1748211123172.0,1791.7,1792.9
1748211123829.0,1791.73,1792.93
1748211125330.0,1791.76,1792.96
1748211125793.0,1791.74,1792.94
1748211126019.0,1792.21,1793.41
1748211126118.0,1792.27,1793.47
1748211126346.0,1792.49,1793.69
1748211126633.0,1792.51,1793.71
1748211126733.0,1792.52,1793.72
1748211126957.0,1792.61,1793.81
1748211127693.0,1792.64,1793.84
1748211128200.0,1792.71,1793.91
1748211128321.0,1792.65,1793.85
1748211128420.0,1792.64,1793.84
1748211128896.0,1792.62,1793.82
1748211128997.0,1792.61,1793.81
1748211129856.0,1792.58,1793.78
1748211129977.0,1792.55,1793.75
1748211134165.0,1792.44,1793.64
1748211134261.0,1792.42,1793.62
1748211134483.0,1792.39,1793.59
1748211135060.0,1792.42,1793.62
1748211136414.0,1792.45,1793.65
1748211136513.0,1792.46,1793.66
1748211139001.0,1792.36,1793.56
1748211139128.0,1792.58,1793.78
1748211139226.0,1792.61,1793.81
1748211139350.0,1792.64,1793.84
1748211139574.0,1792.67,1793.87
1748211139931.0,1792.71,1793.91
1748211140056.0,1792.65,1793.85
1748211140155.0,1792.64,1793.84
1748211140683.0,1792.61,1793.81
1748211141762.0,1792.59,1793.79
1748211141985.0,1792.55,1793.75
1748211142210.0,1792.52,1793.72
1748211142436.0,1792.54,1793.74
1748211142536.0,1792.55,1793.75
1748211142833.0,1792.58,1793.78
1748211143972.0,1792.64,1793.84
1748211144195.0,1792.67,1793.87
1748211144735.0,1792.64,1793.84
1748211144860.0,1792.67,1793.87
1748211145656.0,1792.64,1793.84
1748211145777.0,1792.62,1793.82
1748211145878.0,1792.61,1793.81
1748211146598.0,1792.64,1793.84
1748211146814.0,1792.62,1793.82
1748211146916.0,1792.61,1793.81
1748211147881.0,1792.7,1793.9
1748211147980.0,1792.71,1793.91
1748211149279.0,1792.62,1793.82
1748211149379.0,1792.61,1793.81
1748211150058.0,1792.58,1793.78
1748211151087.0,1792.61,1793.81
1748211151970.0,1792.59,1793.79
1748211152071.0,1792.58,1793.78
1748211152294.0,1792.46,1793.66
1748211153918.0,1792.52,1793.72
1748211154595.0,1792.57,1793.77
1748211154839.0,1792.55,1793.75
1748211155351.0,1792.58,1793.78
1748211156725.0,1792.61,1793.81
1748211157475.0,1792.64,1793.84
1748211158392.0,1792.7,1793.9
1748211158490.0,1792.71,1793.91
1748211158711.0,1793.02,1794.22
1748211158936.0,1793.8,1795.0
1748211159163.0,1793.9,1795.1
1748211159287.0,1793.76,1794.96
1748211159511.0,1793.77,1794.97
1748211159611.0,1793.78,1794.98
1748211160266.0,1793.62,1794.82
1748211160488.0,1793.74,1794.94
1748211160612.0,1793.69,1794.89
1748211160712.0,1793.68,1794.88
1748211161114.0,1793.59,1794.79
1748211161339.0,1793.68,1794.88
1748211162141.0,1793.71,1794.91
1748211162362.0,1793.66,1794.86
1748211162686.0,1793.55,1794.75
1748211162911.0,1793.68,1794.88
1748211163038.0,1793.63,1794.83
1748211163138.0,1793.62,1794.82
1748211163362.0,1793.55,1794.75
1748211164589.0,1793.58,1794.78
1748211164807.0,1793.61,1794.81
1748211164909.0,1793.62,1794.82
1748211165603.0,1793.55,1794.75
1748211166153.0,1793.46,1794.66
1748211166270.0,1793.52,1794.72
1748211166595.0,1793.46,1794.66
1748211166903.0,1793.38,1794.58
1748211167228.0,1793.46,1794.66
1748211167961.0,1793.43,1794.63
1748211169691.0,1793.4,1794.6
1748211170010.0,1793.24,1794.44
1748211170135.0,1793.38,1794.58
1748211170236.0,1793.4,1794.6
1748211170642.0,1793.3,1794.5
1748211170767.0,1793.36,1794.56
1748211170868.0,1793.37,1794.57
1748211171148.0,1793.34,1794.54
1748211171368.0,1793.28,1794.48
1748211171468.0,1793.27,1794.47
1748211171866.0,1793.36,1794.56
1748211171967.0,1793.37,1794.57
1748211172478.0,1793.39,1794.59
1748211172699.0,1793.42,1794.62
1748211172799.0,1793.43,1794.63
1748211173564.0,1793.49,1794.69
1748211174976.0,1793.63,1794.83
1748211175076.0,1793.65,1794.85
1748211175300.0,1793.55,1794.75
1748211175981.0,1793.53,1794.73
1748211176082.0,1793.52,1794.72
1748211177165.0,1793.61,1794.81
1748211177263.0,1793.62,1794.82
1748211177383.0,1793.59,1794.79
1748211178091.0,1793.65,1794.85
1748211178216.0,1793.6,1794.8
1748211178441.0,1793.61,1794.81
1748211178542.0,1793.62,1794.82
1748211178789.0,1793.73,1794.93
1748211178891.0,1793.74,1794.94
1748211179113.0,1793.71,1794.91
1748211179239.0,1793.68,1794.88
1748211179463.0,1793.71,1794.91
1748211180290.0,1793.74,1794.94
1748211181324.0,1793.68,1794.88
1748211181447.0,1793.74,1794.94
1748211183697.0,1793.72,1794.92
1748211183798.0,1793.71,1794.91
1748211183917.0,1793.74,1794.94
1748211184142.0,1793.69,1794.89
1748211184367.0,1793.9,1795.1
1748211184468.0,1793.93,1795.13
1748211184692.0,1794.06,1795.26
1748211185385.0,1794.03,1795.23
1748211185606.0,1794.0,1795.2
1748211185707.0,1793.99,1795.19
1748211185932.0,1793.9,1795.1
1748211186339.0,1793.98,1795.18
1748211186439.0,1793.99,1795.19
1748211187552.0,1794.17,1795.37
1748211187653.0,1794.18,1795.38
1748211188775.0,1794.13,1795.33
1748211188876.0,1794.12,1795.32
1748211189099.0,1794.15,1795.35
1748211189321.0,1794.18,1795.38
1748211189646.0,1794.12,1795.32
1748211189770.0,1794.15,1795.35
1748211189994.0,1794.18,1795.38
1748211191341.0,1794.21,1795.41
1748211191561.0,1794.19,1795.39
1748211191785.0,1794.24,1795.44
1748211192356.0,1794.12,1795.32
1748211192745.0,1793.98,1795.18
1748211192845.0,1793.96,1795.16
1748211193194.0,1793.99,1795.19
1748211194662.0,1793.94,1795.14
1748211194762.0,1793.93,1795.13
1748211195448.0,1793.96,1795.16
1748211195891.0,1794.03,1795.23
1748211196985.0,1793.99,1795.19
1748211197642.0,1794.28,1795.48
1748211197766.0,1794.22,1795.42
1748211197866.0,1794.21,1795.41
1748211198225.0,1794.3,1795.5
1748211198322.0,1794.31,1795.51
1748211198443.0,1794.37,1795.57
1748211198667.0,1794.34,1795.54
1748211199133.0,1794.12,1795.32
1748211199250.0,1794.01,1795.21
1748211199350.0,1793.99,1795.19
1748211199901.0,1794.38,1795.58
1748211200125.0,1794.32,1795.52
1748211200225.0,1794.31,1795.51
1748211202309.0,1794.34,1795.54
1748211202529.0,1794.31,1795.51
1748211203526.0,1794.28,1795.48
1748211204165.0,1794.3,1795.5
1748211204263.0,1794.31,1795.51
1748211204659.0,1794.24,1795.44
1748211205761.0,1795.1,1796.3
1748211205961.0,1795.07,1796.27
1748211206236.0,1795.1,1796.3
1748211206560.0,1795.14,1796.34
1748211207057.0,1795.17,1796.37
1748211207180.0,1795.2,1796.4
1748211208757.0,1795.17,1796.37
1748211209084.0,1795.14,1796.34
1748211209305.0,1795.11,1796.31
1748211209405.0,1795.1,1796.3
1748211210889.0,1795.17,1796.37
1748211211734.0,1795.1,1796.3
1748211211915.0,1795.13,1796.33
1748211212241.0,1795.1,1796.3
1748211212466.0,1795.07,1796.27
1748211212693.0,1795.04,1796.24
1748211213263.0,1794.96,1796.16
1748211213588.0,1795.2,1796.4
1748211213862.0,1795.15,1796.35
1748211213962.0,1795.14,1796.34
1748211214631.0,1795.17,1796.37
1748211214755.0,1795.2,1796.4
1748211214981.0,1795.17,1796.37
1748211215205.0,1795.14,1796.34
1748211216046.0,1795.22,1796.42
1748211216142.0,1795.23,1796.43
1748211216523.0,1795.18,1796.38
1748211216748.0,1795.2,1796.4
1748211217166.0,1795.23,1796.43
1748211218203.0,1795.26,1796.46
1748211218524.0,1795.2,1796.4
1748211219305.0,1795.26,1796.46
1748211220188.0,1795.29,1796.49
1748211220977.0,1795.32,1796.52
1748211221077.0,1795.33,1796.53
1748211221202.0,1795.3,1796.5
1748211221302.0,1795.29,1796.49
1748211221858.0,1795.32,1796.52
1748211222083.0,1795.3,1796.5
1748211222183.0,1795.29,1796.49
1748211223500.0,1795.26,1796.46
1748211224132.0,1795.29,1796.49
1748211224541.0,1795.27,1796.47
1748211224642.0,1795.26,1796.46
1748211225384.0,1795.23,1796.43
1748211228385.0,1795.26,1796.46
1748211228777.0,1795.23,1796.43
1748211229829.0,1795.26,1796.46
1748211230321.0,1795.23,1796.43
1748211231222.0,1795.2,1796.4
1748211231442.0,1795.15,1796.35
1748211231667.0,1795.11,1796.31
1748211231767.0,1795.1,1796.3
1748211232113.0,1795.08,1796.28
1748211232213.0,1795.07,1796.27
1748211232608.0,1795.04,1796.24
1748211233274.0,1795.01,1796.21
1748211233634.0,1795.04,1796.24
1748211234534.0,1795.14,1796.34
1748211235480.0,1795.17,1796.37
1748211235606.0,1795.14,1796.34
1748211237367.0,1795.16,1796.36
1748211237466.0,1795.17,1796.37
1748211238136.0,1795.14,1796.34
1748211238412.0,1795.16,1796.36
1748211238511.0,1795.17,1796.37
1748211240336.0,1795.14,1796.34
1748211244889.0,1794.89,1796.09
1748211245009.0,1794.8,1796.0
1748211245109.0,1794.79,1795.99
1748211245234.0,1794.82,1796.02
1748211245459.0,1794.79,1795.99
1748211247304.0,1794.85,1796.05
1748211247830.0,1794.88,1796.08
1748211247930.0,1794.89,1796.09
1748211248055.0,1794.86,1796.06
1748211248279.0,1794.72,1795.92
1748211248379.0,1794.7,1795.9
1748211248606.0,1794.66,1795.86
1748211248729.0,1794.69,1795.89
1748211248830.0,1794.7,1795.9
1748211249866.0,1794.76,1795.96
1748211251170.0,1794.85,1796.05
1748211251702.0,1794.82,1796.02
1748211251828.0,1794.85,1796.05
1748211253116.0,1794.69,1795.89
1748211253217.0,1794.66,1795.86
1748211254233.0,1794.57,1795.77
1748211255814.0,1794.51,1795.71
1748211256437.0,1794.46,1795.66
1748211256537.0,1794.45,1795.65
1748211257379.0,1794.41,1795.61
1748211257675.0,1794.38,1795.58
1748211257799.0,1794.41,1795.61
1748211258712.0,1794.44,1795.64
1748211258811.0,1794.45,1795.65
1748211258931.0,1794.39,1795.59
1748211259032.0,1794.38,1795.58
1748211259155.0,1794.41,1795.61
1748211260860.0,1794.44,1795.64
1748211260957.0,1794.45,1795.65
1748211261176.0,1794.38,1795.58
1748211261301.0,1794.41,1795.61
1748211261872.0,1794.53,1795.73
1748211261973.0,1794.54,1795.74
1748211262437.0,1794.57,1795.77
1748211262658.0,1794.54,1795.74
1748211265512.0,1794.51,1795.71
1748211266519.0,1794.41,1795.61
1748211266743.0,1794.38,1795.58
1748211268165.0,1794.32,1795.52
1748211269082.0,1794.35,1795.55
1748211269419.0,1794.38,1795.58
1748211269644.0,1794.41,1795.61
1748211270204.0,1794.39,1795.59
1748211270302.0,1794.38,1795.58
1748211270810.0,1794.3,1795.5
1748211270911.0,1794.29,1795.49
1748211271178.0,1794.26,1795.46
1748211271395.0,1794.2,1795.4
1748211271621.0,1794.14,1795.34
1748211271720.0,1794.13,1795.33
1748211272108.0,1793.99,1795.19
1748211272206.0,1793.97,1795.17
1748211272962.0,1793.95,1795.15
1748211273062.0,1793.94,1795.14
1748211273188.0,1793.97,1795.17
1748211273675.0,1794.0,1795.2
1748211273900.0,1794.03,1795.23
1748211274000.0,1794.04,1795.24
1748211274681.0,1794.07,1795.27
1748211276742.0,1794.1,1795.3
1748211277296.0,1794.01,1795.21
1748211278058.0,1794.04,1795.24
1748211284239.0,1794.73,1795.93
1748211285074.0,1794.76,1795.96
1748211285292.0,1794.73,1795.93
1748211287401.0,1794.7,1795.9
1748211287620.0,1794.72,1795.92
1748211287719.0,1794.73,1795.93
1748211289823.0,1794.76,1795.96
1748211290048.0,1794.73,1795.93
1748211290373.0,1794.66,1795.86
1748211290629.0,1794.64,1795.84
1748211290955.0,1794.6,1795.8
1748211291579.0,1794.63,1795.83
1748211291798.0,1794.61,1795.81
1748211291898.0,1794.6,1795.8
1748211294003.0,1794.64,1795.84
1748211294223.0,1794.73,1795.93
1748211294692.0,1794.76,1795.96
1748211295466.0,1794.71,1795.91
1748211295565.0,1794.7,1795.9
1748211296024.0,1794.67,1795.87
1748211296125.0,1794.66,1795.86
1748211297341.0,1794.44,1795.64
1748211297441.0,1794.41,1795.61
1748211297895.0,1794.45,1795.65
1748211298330.0,1794.54,1795.74
1748211299198.0,1794.57,1795.77
1748211300106.0,1794.6,1795.8
1748211302143.0,1794.63,1795.83
1748211302245.0,1794.64,1795.84
1748211302462.0,1794.57,1795.77
1748211302586.0,1794.52,1795.72
1748211302812.0,1794.57,1795.77
1748211303531.0,1794.63,1795.83
1748211303628.0,1794.64,1795.84
1748211304152.0,1794.66,1795.86
1748211304976.0,1794.73,1795.93
1748211306709.0,1794.67,1795.87
1748211306806.0,1794.66,1795.86
1748211307027.0,1794.82,1796.02
1748211309616.0,1794.85,1796.05
1748211310008.0,1794.63,1795.83
1748211310110.0,1794.6,1795.8
1748211310333.0,1794.57,1795.77
1748211310458.0,1794.54,1795.74
1748211310829.0,1794.65,1795.85
1748211310929.0,1794.66,1795.86
1748211311889.0,1794.61,1795.81
1748211311989.0,1794.6,1795.8
1748211312817.0,1794.52,1795.72
1748211312916.0,1794.51,1795.71
1748211313141.0,1794.64,1795.84
1748211313266.0,1794.66,1795.86
1748211313756.0,1794.69,1795.89
1748211313856.0,1794.7,1795.9
1748211314409.0,1794.67,1795.87
1748211314508.0,1794.66,1795.86
1748211315300.0,1794.64,1795.84
1748211315518.0,1794.55,1795.75
1748211315619.0,1794.54,1795.74
1748211315982.0,1794.51,1795.71
1748211316308.0,1794.41,1795.61
1748211316790.0,1794.32,1795.52
1748211316951.0,1794.35,1795.55
1748211318098.0,1794.38,1795.58
1748211318418.0,1794.35,1795.55
1748211318643.0,1794.32,1795.52
1748211318939.0,1794.35,1795.55
1748211319377.0,1794.32,1795.52
1748211319502.0,1794.38,1795.58
1748211319727.0,1794.44,1795.64
1748211319951.0,1794.42,1795.62
1748211320052.0,1794.41,1795.61
1748211320353.0,1794.44,1795.64
1748211320574.0,1794.53,1795.73
1748211320674.0,1794.54,1795.74
1748211320800.0,1794.57,1795.77
1748211321023.0,1794.6,1795.8
1748211321249.0,1794.58,1795.78
1748211321348.0,1794.57,1795.77
1748211323110.0,1794.48,1795.68
1748211324797.0,1794.51,1795.71
1748211330377.0,1794.48,1795.68
1748211331833.0,1794.51,1795.71
1748211332152.0,1794.45,1795.65
1748211332773.0,1794.42,1795.62
1748211332874.0,1794.41,1795.61
1748211333099.0,1794.16,1795.36
1748211333236.0,1794.14,1795.34
1748211333336.0,1794.13,1795.33
1748211333734.0,1794.01,1795.21
1748211334337.0,1794.1,1795.3
1748211334462.0,1793.99,1795.19
1748211334686.0,1793.95,1795.15
1748211334786.0,1793.94,1795.14
1748211335910.0,1793.97,1795.17
1748211336598.0,1793.95,1795.15
1748211336697.0,1793.94,1795.14
1748211337341.0,1793.88,1795.08
1748211337643.0,1793.91,1795.11
1748211339154.0,1793.94,1795.14
1748211339374.0,1794.0,1795.2
1748211339473.0,1794.01,1795.21
1748211340113.0,1794.03,1795.23
1748211340211.0,1794.04,1795.24
1748211340634.0,1794.07,1795.27
1748211340858.0,1794.1,1795.3
1748211341375.0,1794.07,1795.27
1748211345105.0,1794.1,1795.3
1748211346336.0,1794.07,1795.27
1748211346555.0,1794.12,1795.32
1748211346655.0,1794.13,1795.33
1748211346880.0,1794.01,1795.21
1748211349693.0,1793.95,1795.15
1748211349792.0,1793.94,1795.14
1748211350262.0,1794.07,1795.27
1748211350566.0,1794.01,1795.21
1748211350889.0,1794.04,1795.24
1748211351278.0,1794.01,1795.21
1748211352762.0,1793.98,1795.18
1748211352861.0,1793.97,1795.17
1748211353853.0,1794.0,1795.2
1748211353951.0,1794.01,1795.21
1748211354428.0,1793.98,1795.18
1748211354924.0,1793.95,1795.15
1748211355026.0,1793.94,1795.14
1748211356696.0,1793.89,1795.09
1748211356797.0,1793.88,1795.08
1748211360023.0,1793.99,1795.19
1748211360122.0,1794.01,1795.21
1748211361222.0,1793.98,1795.18
1748211362218.0,1794.01,1795.21
1748211362580.0,1793.98,1795.18
1748211366997.0,1794.07,1795.27
1748211367115.0,1794.04,1795.24
1748211367580.0,1794.09,1795.29
1748211367681.0,1794.1,1795.3
1748211368760.0,1794.07,1795.27
1748211369492.0,1794.18,1795.38
1748211369591.0,1794.19,1795.39
1748211369816.0,1794.23,1795.43
1748211371080.0,1794.13,1795.33
1748211373095.0,1794.11,1795.31
1748211373311.0,1794.07,1795.27
1748211373536.0,1794.13,1795.33
1748211375639.0,1794.1,1795.3
1748211375759.0,1794.13,1795.33
1748211377314.0,1793.91,1795.11
1748211377414.0,1793.88,1795.08
1748211377763.0,1793.85,1795.05
1748211377989.0,1793.88,1795.08
1748211378214.0,1793.85,1795.05
1748211378537.0,1793.94,1795.14
1748211378823.0,1794.0,1795.2
1748211378921.0,1794.01,1795.21
1748211379148.0,1794.07,1795.27
1748211382121.0,1794.1,1795.3
1748211382670.0,1794.16,1795.36
1748211383261.0,1794.13,1795.33
1748211386705.0,1794.16,1795.36
1748211387213.0,1794.1,1795.3
1748211387332.0,1794.13,1795.33
1748211391305.0,1794.1,1795.3
1748211393199.0,1794.41,1795.61
1748211393298.0,1794.45,1795.65
1748211394254.0,1794.39,1795.59
1748211394579.0,1794.35,1795.55
1748211395565.0,1794.38,1795.58
1748211395784.0,1794.44,1795.64
1748211395884.0,1794.45,1795.65
1748211396008.0,1794.47,1795.67
1748211396109.0,1794.48,1795.68
1748211396234.0,1794.45,1795.65
1748211396674.0,1794.39,1795.59
1748211396774.0,1794.38,1795.58
1748211398914.0,1794.36,1795.56
1748211399014.0,1794.35,1795.55
1748211399141.0,1794.3,1795.5
1748211399240.0,1794.29,1795.49
1748211400489.0,1794.24,1795.44
1748211400588.0,1794.23,1795.43
1748211401128.0,1794.25,1795.45
1748211401227.0,1794.26,1795.46
1748211401856.0,1794.29,1795.49
1748211402251.0,1794.26,1795.46
1748211402486.0,1794.29,1795.49
1748211403920.0,1794.26,1795.46
1748211405263.0,1794.31,1795.51
1748211405362.0,1794.32,1795.52
1748211406502.0,1794.66,1795.86
1748211406600.0,1794.7,1795.9
1748211406924.0,1794.67,1795.87
1748211408015.0,1794.78,1795.98
1748211408117.0,1794.79,1795.99
1748211408340.0,1794.73,1795.93
1748211409606.0,1794.63,1795.83
1748211410358.0,1794.69,1795.89
1748211410458.0,1794.7,1795.9
1748211411828.0,1794.63,1795.83
1748211412146.0,1794.72,1795.92
1748211412244.0,1794.73,1795.93
1748211412636.0,1794.76,1795.96
1748211413981.0,1794.73,1795.93
1748211414299.0,1794.63,1795.83
1748211415086.0,1794.66,1795.86
1748211415185.0,1794.67,1795.87
1748211415403.0,1794.73,1795.93
1748211415528.0,1794.7,1795.9
1748211416745.0,1794.67,1795.87
1748211417143.0,1794.64,1795.84
1748211417243.0,1794.63,1795.83
1748211419714.0,1794.61,1795.81
1748211419814.0,1794.6,1795.8
1748211420037.0,1794.51,1795.71
1748211420163.0,1794.6,1795.8
1748211420638.0,1794.58,1795.78
1748211420863.0,1794.52,1795.72
1748211420964.0,1794.51,1795.71
1748211422135.0,1794.54,1795.74
1748211422990.0,1794.57,1795.77
1748211423913.0,1794.6,1795.8
1748211424545.0,1794.63,1795.83
1748211426314.0,1794.61,1795.81
1748211426414.0,1794.6,1795.8
1748211426560.0,1794.63,1795.83
1748211427627.0,1794.6,1795.8
1748211434657.0,1794.58,1795.78
1748211434756.0,1794.57,1795.77
1748211437400.0,1794.6,1795.8
1748211437620.0,1794.58,1795.78
1748211437719.0,1794.57,1795.77
1748211438400.0,1794.67,1795.87
1748211441021.0,1794.61,1795.81
1748211441240.0,1794.63,1795.83
1748211441832.0,1794.67,1795.87
1748211442606.0,1794.63,1795.83
1748211442899.0,1794.61,1795.81
1748211442999.0,1794.6,1795.8
1748211443124.0,1794.63,1795.83
1748211443518.0,1794.83,1796.03
1748211443618.0,1794.86,1796.06
1748211444282.0,1794.79,1795.99
1748211445031.0,1794.86,1796.06
1748211445621.0,1794.88,1796.08
1748211445719.0,1794.89,1796.09
1748211446801.0,1794.8,1796.0
1748211446900.0,1794.79,1795.99
1748211447452.0,1794.76,1795.96
1748211448100.0,1794.79,1795.99
1748211448317.0,1794.76,1795.96
1748211449408.0,1794.82,1796.02
1748211450810.0,1794.86,1796.06
1748211451031.0,1794.79,1795.99
1748211452554.0,1794.82,1796.02
1748211453891.0,1794.8,1796.0
1748211453990.0,1794.79,1795.99
1748211457426.0,1794.74,1795.94
1748211457527.0,1794.73,1795.93
1748211462955.0,1794.76,1795.96
1748211463877.0,1794.73,1795.93
1748211464102.0,1794.79,1795.99
1748211464326.0,1794.82,1796.02
1748211468486.0,1794.8,1796.0
1748211468586.0,1794.79,1795.99
1748211469612.0,1794.74,1795.94
1748211469711.0,1794.73,1795.93
1748211470783.0,1794.79,1795.99
1748211471748.0,1794.85,1796.05
1748211471848.0,1794.86,1796.06
1748211474207.0,1794.91,1796.11
1748211474303.0,1794.92,1796.12
1748211475850.0,1795.09,1796.29
1748211475948.0,1795.11,1796.31
1748211476893.0,1795.08,1796.28
1748211477116.0,1795.1,1796.3
1748211477341.0,1795.13,1796.33
1748211477443.0,1795.14,1796.34
1748211477717.0,1795.11,1796.31
1748211478168.0,1795.07,1796.27
1748211479893.0,1795.13,1796.33
1748211479993.0,1795.14,1796.34
1748211480460.0,1795.28,1796.48
1748211480560.0,1795.3,1796.5
1748211480969.0,1795.24,1796.44
1748211481294.0,1795.3,1796.5
1748211482015.0,1795.32,1796.52
1748211482239.0,1795.3,1796.5
1748211482898.0,1795.27,1796.47
1748211482999.0,1795.26,1796.46
1748211483674.0,1795.29,1796.49
1748211483771.0,1795.3,1796.5
1748211484336.0,1795.26,1796.46
1748211484557.0,1795.3,1796.5
1748211485038.0,1795.28,1796.48
1748211485138.0,1795.21,1796.41
1748211485525.0,1795.24,1796.44
1748211487252.0,1795.16,1796.36
1748211487476.0,1795.21,1796.41
1748211487801.0,1795.15,1796.35
1748211488027.0,1795.09,1796.29
1748211489032.0,1795.02,1796.22
1748211490688.0,1795.0,1796.2
1748211490912.0,1795.02,1796.22
1748211491237.0,1795.15,1796.35
1748211491458.0,1795.12,1796.32
1748211496660.0,1795.15,1796.35
1748211496884.0,1795.12,1796.32
1748211497392.0,1795.18,1796.38
1748211497936.0,1795.28,1796.48
1748211499046.0,1795.25,1796.45
1748211499145.0,1795.24,1796.44
1748211499875.0,1795.22,1796.42
1748211499977.0,1795.21,1796.41
1748211500273.0,1795.24,1796.44
1748211501412.0,1795.22,1796.42
1748211501513.0,1795.21,1796.41
1748211502728.0,1795.1,1796.3
1748211502828.0,1795.09,1796.29
1748211504599.0,1795.02,1796.22
1748211506766.0,1794.97,1796.17
1748211506866.0,1794.96,1796.16
1748211509871.0,1794.91,1796.11
1748211510187.0,1794.8,1796.0
1748211510491.0,1794.84,1796.04
1748211511359.0,1794.77,1795.97
1748211512258.0,1794.8,1796.0
1748211512478.0,1794.83,1796.03
1748211512577.0,1794.84,1796.04
1748211512783.0,1794.86,1796.06
1748211513007.0,1794.89,1796.09
1748211513107.0,1794.9,1796.1
1748211513232.0,1794.96,1796.16
1748211513720.0,1794.93,1796.13
1748211513943.0,1794.9,1796.1
1748211514168.0,1794.93,1796.13
1748211514394.0,1794.9,1796.1
1748211514619.0,1794.93,1796.13
1748211514845.0,1794.96,1796.16
1748211515318.0,1794.93,1796.13
1748211515537.0,1794.96,1796.16
1748211516499.0,1794.93,1796.13
1748211516835.0,1794.9,1796.1
1748211520566.0,1794.93,1796.13
1748211521412.0,1794.96,1796.16
1748211524925.0,1794.9,1796.1
1748211525459.0,1794.87,1796.07
1748211525677.0,1795.06,1796.26
1748211525903.0,1795.0,1796.2
1748211526003.0,1794.99,1796.19
1748211526251.0,1794.91,1796.11
1748211526351.0,1794.9,1796.1
1748211527158.0,1795.07,1796.27
1748211527255.0,1795.09,1796.29
1748211527475.0,1795.05,1796.25
1748211527774.0,1795.0,1796.2
1748211527873.0,1794.99,1796.19
1748211528228.0,1794.97,1796.17
1748211528330.0,1794.96,1796.16
1748211529401.0,1794.99,1796.19
1748211531178.0,1794.97,1796.17
1748211531276.0,1794.96,1796.16
1748211533745.0,1795.02,1796.22
1748211534930.0,1794.94,1796.14
1748211535155.0,1794.96,1796.16
1748211537295.0,1794.99,1796.19
1748211539092.0,1795.02,1796.22
1748211540235.0,1794.94,1796.14
1748211540334.0,1794.93,1796.13
1748211540454.0,1794.9,1796.1
1748211541072.0,1794.8,1796.0
1748211541328.0,1794.78,1795.98
1748211541551.0,1794.74,1795.94
1748211542130.0,1794.77,1795.97
1748211543300.0,1794.74,1795.94
1748211543519.0,1794.77,1795.97
1748211544193.0,1794.89,1796.09
1748211544293.0,1794.9,1796.1
1748211544412.0,1794.87,1796.07
1748211544637.0,1794.84,1796.04
1748211546757.0,1794.9,1796.1
1748211547978.0,1794.99,1796.19
1748211548104.0,1794.97,1796.17
1748211548203.0,1794.96,1796.16
1748211548556.0,1794.93,1796.13
1748211549934.0,1794.87,1796.07
1748211550161.0,1794.89,1796.09
1748211550260.0,1794.9,1796.1
1748211551113.0,1794.84,1796.04
1748211551576.0,1794.78,1795.98
1748211551675.0,1794.77,1795.97
1748211551801.0,1794.74,1795.94
1748211552026.0,1794.77,1795.97
1748211552690.0,1794.83,1796.03
1748211552790.0,1794.84,1796.04
1748211553641.0,1794.87,1796.07
1748211554264.0,1794.89,1796.09
1748211554363.0,1794.9,1796.1
1748211556663.0,1794.84,1796.04
1748211556987.0,1794.87,1796.07
1748211559973.0,1794.89,1796.09
1748211560193.0,1794.87,1796.07
1748211561817.0,1795.15,1796.35
1748211562884.0,1795.07,1796.27
1748211563110.0,1795.11,1796.31
1748211563210.0,1795.12,1796.32
1748211566148.0,1795.09,1796.29
1748211567383.0,1794.99,1796.19
1748211568126.0,1795.02,1796.22
1748211568356.0,1795.05,1796.25
1748211571112.0,1795.2,1796.4
1748211571210.0,1795.21,1796.41
1748211571924.0,1795.12,1796.32
1748211572650.0,1795.18,1796.38
1748211573032.0,1795.15,1796.35
1748211574984.0,1795.12,1796.32
1748211576788.0,1795.09,1796.29
1748211577108.0,1795.12,1796.32
1748211577233.0,1795.15,1796.35
1748211578325.0,1795.24,1796.44
1748211580570.0,1795.22,1796.42
1748211580888.0,1795.34,1796.54
1748211581544.0,1795.37,1796.57
1748211581768.0,1795.34,1796.54
1748211582130.0,1795.37,1796.57
1748211583829.0,1795.34,1796.54
1748211585028.0,1795.37,1796.57
1748211585444.0,1795.4,1796.6
1748211586341.0,1795.37,1796.57
1748211586561.0,1795.34,1796.54
1748211587489.0,1795.28,1796.48
1748211587714.0,1795.33,1796.53
1748211587814.0,1795.34,1796.54
1748211588717.0,1795.21,1796.41
1748211590043.0,1795.3,1796.5
1748211590142.0,1795.31,1796.51
1748211590573.0,1795.36,1796.56
1748211590674.0,1795.37,1796.57
1748211591063.0,1795.4,1796.6
1748211591280.0,1796.3,1797.5
1748211591506.0,1796.49,1797.69
1748211591605.0,1796.5,1797.7
1748211591730.0,1796.56,1797.76
1748211592181.0,1796.5,1797.7
1748211592408.0,1796.39,1797.59
1748211592506.0,1796.37,1797.57
1748211592732.0,1796.12,1797.32
1748211593122.0,1796.12,1797.32
1748211593347.0,1796.07,1797.27
1748211593447.0,1796.06,1797.26
1748211593572.0,1796.12,1797.32
1748211593798.0,1796.07,1797.27
1748211593897.0,1796.06,1797.26
1748211594304.0,1796.09,1797.29
1748211594698.0,1796.06,1797.26
1748211595247.0,1796.16,1797.36
1748211595590.0,1796.13,1797.33
1748211595691.0,1796.12,1797.32
1748211595915.0,1796.03,1797.23
1748211596040.0,1796.06,1797.26
1748211596888.0,1796.09,1797.29
1748211597111.0,1796.18,1797.38
1748211597436.0,1796.25,1797.45
1748211597587.0,1796.28,1797.48
1748211597986.0,1796.25,1797.45
1748211599313.0,1796.16,1797.36
1748211599434.0,1796.18,1797.38
1748211599659.0,1796.24,1797.44
1748211599759.0,1796.25,1797.45
1748211600021.0,1796.28,1797.48
1748211600240.0,1796.31,1797.51
1748211600566.0,1796.25,1797.45
1748211600692.0,1796.19,1797.39
1748211600917.0,1796.21,1797.41
1748211601017.0,1796.22,1797.42
1748211601229.0,1796.19,1797.39
1748211601330.0,1796.18,1797.38
1748211601456.0,1796.16,1797.36
1748211601904.0,1796.15,1797.35
1748211602130.0,1796.18,1797.38
1748211602455.0,1796.22,1797.42
1748211602729.0,1796.53,1797.73
1748211602855.0,1796.45,1797.65
1748211602954.0,1796.44,1797.64
1748211603289.0,1796.41,1797.61
1748211603691.0,1796.44,1797.64
1748211604687.0,1796.5,1797.7
1748211604996.0,1796.53,1797.73
1748211605319.0,1796.69,1797.89
1748211605668.0,1796.69,1797.89
1748211606287.0,1796.63,1797.83
1748211606386.0,1796.62,1797.82
1748211607160.0,1796.6,1797.8
1748211607259.0,1796.59,1797.79
1748211607380.0,1796.62,1797.82
1748211607605.0,1796.6,1797.8
1748211607830.0,1796.62,1797.82
1748211608155.0,1796.66,1797.86
1748211608721.0,1796.6,1797.8
1748211608820.0,1796.59,1797.79
1748211609047.0,1796.69,1797.89
1748211609674.0,1796.62,1797.82
1748211610074.0,1796.59,1797.79
1748211610461.0,1796.62,1797.82
1748211610681.0,1796.79,1797.99
1748211610781.0,1796.81,1798.01
1748211611009.0,1796.85,1798.05
1748211611132.0,1796.88,1798.08
1748211611357.0,1796.74,1797.94
1748211611458.0,1796.72,1797.92
1748211611876.0,1796.8,1798.0
1748211611976.0,1796.81,1798.01
1748211612338.0,1796.7,1797.9
1748211612436.0,1796.69,1797.89
1748211613105.0,1796.72,1797.92
1748211613419.0,1796.81,1798.01
1748211613608.0,1796.84,1798.04
1748211613833.0,1796.88,1798.08
1748211614058.0,1796.91,1798.11
1748211614284.0,1796.85,1798.05
1748211614508.0,1796.88,1798.08
1748211615732.0,1796.73,1797.93
1748211615955.0,1796.67,1797.87
1748211616055.0,1796.66,1797.86
1748211616282.0,1796.78,1797.98
1748211616406.0,1796.73,1797.93
1748211616630.0,1796.75,1797.95
1748211616957.0,1796.69,1797.89
1748211617244.0,1796.78,1797.98
1748211617602.0,1796.92,1798.12
1748211617826.0,1797.0,1798.2
1748211618151.0,1796.91,1798.11
1748211618278.0,1796.99,1798.19
1748211618516.0,1796.98,1798.18
1748211618617.0,1796.97,1798.17
1748211618740.0,1796.94,1798.14
1748211618966.0,1796.91,1798.11
1748211619344.0,1796.94,1798.14
1748211619568.0,1796.91,1798.11
1748211620122.0,1796.88,1798.08
1748211620532.0,1796.91,1798.11
1748211621137.0,1796.94,1798.14
1748211621756.0,1796.97,1798.17
1748211621980.0,1797.0,1798.2
1748211622205.0,1797.03,1798.23
1748211622531.0,1797.0,1798.2
1748211623322.0,1796.98,1798.18
1748211623541.0,1797.0,1798.2
1748211624119.0,1796.98,1798.18
1748211624218.0,1796.97,1798.17
1748211624339.0,1796.94,1798.14
1748211624563.0,1796.88,1798.08
1748211624789.0,1796.96,1798.16
1748211624888.0,1796.97,1798.17
1748211625165.0,1796.86,1798.06
1748211625385.0,1796.82,1798.02
1748211625487.0,1796.81,1798.01
1748211625823.0,1796.84,1798.04
1748211626051.0,1796.9,1798.1
1748211626274.0,1796.94,1798.14
1748211626500.0,1796.91,1798.11
1748211626724.0,1796.94,1798.14
1748211626949.0,1796.97,1798.17
1748211627447.0,1796.94,1798.14
1748211627903.0,1796.97,1798.17
1748211628230.0,1797.07,1798.27
1748211628895.0,1797.04,1798.24
1748211629118.0,1796.98,1798.18
1748211629219.0,1796.97,1798.17
1748211629344.0,1796.94,1798.14
1748211629569.0,1796.91,1798.11
1748211629793.0,1796.94,1798.14
1748211630391.0,1796.91,1798.11
1748211630711.0,1796.81,1798.01
1748211631392.0,1796.79,1797.99
1748211631613.0,1796.81,1798.01
1748211632053.0,1796.79,1797.99
1748211632272.0,1796.73,1797.93
1748211632372.0,1796.72,1797.92
1748211632646.0,1796.69,1797.89
1748211632870.0,1796.72,1797.92
1748211633096.0,1796.75,1797.95
1748211633951.0,1796.72,1797.92
1748211635088.0,1796.56,1797.76
1748211635674.0,1796.59,1797.79
1748211635898.0,1796.65,1797.85
1748211635999.0,1796.66,1797.86
1748211636380.0,1796.78,1797.98
1748211636499.0,1796.73,1797.93
1748211636725.0,1796.75,1797.95
1748211637494.0,1796.72,1797.92
1748211639641.0,1796.75,1797.95
1748211640049.0,1796.72,1797.92
1748211640813.0,1796.75,1797.95
1748211641139.0,1796.88,1798.08
1748211641304.0,1796.85,1798.05
1748211641528.0,1796.82,1798.02
1748211641753.0,1796.79,1797.99
1748211641854.0,1796.78,1797.98
1748211641980.0,1796.81,1798.01
1748211642303.0,1796.85,1798.05
1748211642685.0,1796.79,1797.99
1748211642786.0,1796.78,1797.98
1748211643394.0,1796.75,1797.95
1748211643944.0,1796.78,1797.98
1748211644169.0,1796.81,1798.01
1748211644647.0,1796.79,1797.99
1748211644747.0,1796.78,1797.98
1748211645467.0,1796.81,1798.01
1748211649278.0,1796.85,1798.05
1748211649398.0,1796.79,1797.99
1748211649622.0,1796.84,1798.04
1748211649723.0,1796.85,1798.05
1748211649947.0,1796.81,1798.01
1748211650073.0,1796.84,1798.04
1748211650298.0,1796.88,1798.08
1748211650605.0,1796.91,1798.11
1748211651003.0,1796.85,1798.05
1748211651491.0,1796.88,1798.08
1748211651902.0,1796.85,1798.05
1748211652870.0,1796.88,1798.08
1748211655031.0,1796.82,1798.02
1748211655251.0,1796.79,1797.99
1748211655349.0,1796.78,1797.98
1748211655475.0,1796.75,1797.95
1748211655700.0,1796.78,1797.98
1748211655925.0,1796.73,1797.93
1748211656150.0,1796.69,1797.89
1748211656934.0,1796.66,1797.86
1748211657157.0,1796.63,1797.83
1748211657381.0,1796.65,1797.85
1748211657482.0,1796.66,1797.86
1748211657707.0,1796.62,1797.82
1748211658340.0,1796.6,1797.8
1748211658440.0,1796.59,1797.79
1748211658666.0,1796.47,1797.67
1748211658789.0,1796.42,1797.62
1748211659014.0,1796.32,1797.52
1748211659115.0,1796.31,1797.51
1748211659241.0,1796.34,1797.54
1748211659464.0,1796.37,1797.57
1748211660318.0,1796.32,1797.52
1748211660417.0,1796.31,1797.51
1748211660722.0,1796.34,1797.54
1748211660947.0,1796.37,1797.57
1748211661175.0,1796.29,1797.49
1748211661271.0,1796.28,1797.48
1748211661398.0,1796.31,1797.51
1748211662061.0,1796.34,1797.54
1748211662475.0,1796.4,1797.6
1748211662575.0,1796.41,1797.61
1748211663238.0,1796.44,1797.64
1748211663657.0,1796.47,1797.67
1748211663881.0,1796.44,1797.64
1748211664406.0,1796.36,1797.56
1748211664631.0,1796.29,1797.49
1748211664730.0,1796.28,1797.48
1748211665979.0,1796.59,1797.79
1748211666203.0,1796.57,1797.77
1748211666302.0,1796.56,1797.76
1748211667288.0,1796.54,1797.74
1748211667504.0,1796.5,1797.7
1748211667845.0,1796.47,1797.67
1748211668070.0,1796.5,1797.7
1748211668294.0,1796.47,1797.67
1748211668619.0,1796.56,1797.76
1748211669370.0,1796.53,1797.73
1748211672606.0,1796.56,1797.76
1748211672822.0,1796.67,1797.87
1748211672921.0,1796.69,1797.89
1748211673439.0,1796.66,1797.86
1748211673755.0,1796.47,1797.67
1748211674355.0,1796.44,1797.64
1748211675585.0,1796.47,1797.67
1748211676735.0,1796.5,1797.7
1748211677639.0,1796.53,1797.73
1748211678648.0,1796.5,1797.7
1748211678868.0,1796.47,1797.67
1748211679092.0,1796.5,1797.7
1748211679318.0,1796.47,1797.67
1748211679543.0,1796.55,1797.75
1748211679643.0,1796.56,1797.76
1748211680127.0,1796.59,1797.79
1748211680345.0,1796.76,1797.96
1748211680445.0,1796.78,1797.98
1748211681016.0,1796.75,1797.95
1748211681239.0,1796.78,1797.98
1748211681465.0,1796.81,1798.01
1748211682077.0,1796.79,1797.99
1748211682177.0,1796.78,1797.98
1748211682470.0,1796.81,1798.01
1748211682795.0,1796.88,1798.08
1748211683878.0,1796.85,1798.05
1748211684196.0,1797.1,1798.3
1748211684322.0,1797.13,1798.33
1748211685179.0,1797.1,1798.3
1748211685397.0,1797.13,1798.33
1748211685738.0,1797.1,1798.3
1748211686062.0,1797.03,1798.23
1748211688331.0,1796.95,1798.15
1748211688430.0,1796.94,1798.14
1748211688610.0,1796.91,1798.11
1748211688835.0,1796.94,1798.14
1748211689897.0,1796.91,1798.11
1748211690117.0,1796.94,1798.14
1748211690341.0,1796.91,1798.11
1748211690667.0,1797.0,1798.2
1748211692013.0,1797.03,1798.23
1748211692232.0,1797.15,1798.35
1748211692333.0,1797.16,1798.36
1748211693107.0,1797.1,1798.3
1748211693915.0,1797.01,1798.21
1748211694140.0,1797.03,1798.23
1748211696155.0,1797.32,1798.52
1748211697035.0,1797.35,1798.55
1748211697252.0,1797.32,1798.52
1748211697831.0,1797.29,1798.49
1748211698103.0,1797.32,1798.52
1748211698422.0,1797.38,1798.58
1748211698952.0,1797.41,1798.61
1748211699175.0,1797.47,1798.67
1748211699399.0,1797.42,1798.62
1748211699624.0,1797.44,1798.64
1748211700615.0,1797.42,1798.62
1748211700716.0,1797.41,1798.61
1748211700839.0,1797.47,1798.67
1748211701163.0,1797.35,1798.55
1748211701875.0,1797.25,1798.45
1748211702423.0,1797.22,1798.42
1748211702817.0,1797.13,1798.33
1748211704066.0,1797.1,1798.3
1748211704287.0,1797.07,1798.27
1748211704698.0,1797.04,1798.24
1748211704797.0,1797.03,1798.23
1748211705425.0,1796.98,1798.18
1748211705649.0,1797.06,1798.26
1748211705749.0,1797.07,1798.27
1748211707324.0,1797.1,1798.3
1748211707543.0,1797.13,1798.33
1748211707766.0,1797.19,1798.39
1748211708451.0,1797.16,1798.36
1748211708776.0,1797.1,1798.3
1748211708901.0,1797.32,1798.52
1748211709002.0,1797.35,1798.55
1748211709403.0,1797.29,1798.49
1748211710113.0,1797.23,1798.43
1748211710335.0,1797.25,1798.45
1748211710657.0,1797.29,1798.49
1748211710782.0,1797.34,1798.54
1748211710883.0,1797.35,1798.55
1748211711199.0,1797.32,1798.52
1748211712936.0,1797.35,1798.55
1748211713155.0,1797.32,1798.52
1748211713481.0,1797.25,1798.45
1748211713606.0,1797.28,1798.48
1748211713830.0,1797.26,1798.46
1748211714055.0,1797.31,1798.51
1748211714155.0,1797.32,1798.52
1748211714467.0,1797.29,1798.49
1748211715251.0,1797.32,1798.52
1748211715553.0,1797.29,1798.49
1748211715777.0,1797.32,1798.52
1748211716103.0,1797.22,1798.42
1748211716462.0,1797.28,1798.48
1748211716688.0,1797.23,1798.43
1748211716788.0,1797.22,1798.42
1748211717066.0,1797.19,1798.39
1748211717286.0,1797.11,1798.31
1748211717510.0,1797.07,1798.27
1748211718296.0,1797.16,1798.36
1748211718418.0,1797.13,1798.33
1748211719418.0,1797.1,1798.3
1748211719642.0,1797.01,1798.21
1748211719867.0,1796.98,1798.18
1748211719969.0,1796.97,1798.17
1748211720361.0,1797.19,1798.39
1748211720974.0,1797.16,1798.36
1748211721197.0,1797.08,1798.28
1748211721297.0,1797.07,1798.27
1748211721435.0,1797.1,1798.3
1748211721761.0,1797.25,1798.45
1748211722888.0,1797.28,1798.48
1748211723107.0,1797.23,1798.43
1748211723206.0,1797.22,1798.42
1748211723483.0,1797.36,1798.56
1748211723584.0,1797.38,1798.58
1748211723808.0,1797.35,1798.55
1748211724135.0,1797.47,1798.67
1748211724259.0,1797.39,1798.59
1748211724482.0,1797.52,1798.72
1748211724708.0,1797.57,1798.77
1748211726314.0,1797.6,1798.8
1748211726638.0,1797.76,1798.96
1748211726763.0,1797.79,1798.99
1748211726987.0,1797.76,1798.96
1748211727213.0,1797.79,1798.99
1748211727438.0,1797.76,1798.96
1748211728333.0,1797.79,1798.99
1748211728723.0,1797.76,1798.96
1748211728947.0,1797.79,1798.99
1748211729885.0,1797.71,1798.91
1748211729986.0,1797.69,1798.89
1748211730406.0,1797.73,1798.93
1748211730527.0,1797.76,1798.96
1748211730751.0,1797.56,1798.76
1748211730850.0,1797.54,1798.74
1748211730975.0,1797.57,1798.77
1748211731614.0,1797.6,1798.8
1748211732439.0,1797.63,1798.83
1748211732663.0,1797.66,1798.86
1748211733257.0,1797.76,1798.96
1748211733502.0,1797.73,1798.93
1748211733726.0,1797.78,1798.98
1748211733826.0,1797.79,1798.99
1748211734560.0,1797.65,1798.85
1748211734659.0,1797.63,1798.83
1748211735164.0,1797.6,1798.8
1748211735383.0,1797.66,1798.86
1748211735708.0,1798.04,1799.24
1748211736341.0,1798.01,1799.21
1748211737055.0,1797.95,1799.15
1748211737373.0,1798.01,1799.21
1748211737594.0,1798.04,1799.24
1748211737920.0,1798.26,1799.46
1748211738678.0,1798.23,1799.43
1748211739270.0,1798.26,1799.46
1748211739494.0,1798.23,1799.43
1748211739953.0,1798.15,1799.35
1748211740177.0,1798.24,1799.44
1748211740278.0,1798.26,1799.46
1748211740379.0,1798.23,1799.43
1748211740550.0,1798.26,1799.46
1748211740774.0,1798.29,1799.49
1748211741100.0,1798.26,1799.46
1748211741742.0,1798.2,1799.4
1748211741866.0,1798.17,1799.37
1748211742093.0,1798.14,1799.34
1748211742538.0,1798.17,1799.37
1748211743539.0,1798.14,1799.34
1748211743763.0,1798.11,1799.31
1748211743988.0,1798.08,1799.28
1748211744088.0,1798.07,1799.27
1748211744212.0,1798.1,1799.3
1748211744538.0,1798.14,1799.34
1748211744664.0,1798.11,1799.31
1748211744764.0,1798.1,1799.3
1748211745219.0,1798.08,1799.28
1748211745318.0,1798.07,1799.27
1748211745544.0,1798.17,1799.37
1748211745668.0,1798.14,1799.34
1748211745927.0,1798.17,1799.37
1748211746028.0,1798.2,1799.4
1748211746244.0,1798.17,1799.37
1748211747097.0,1798.36,1799.56
1748211747372.0,1798.35,1799.55
1748211748024.0,1798.37,1799.57
1748211748122.0,1798.38,1799.58
1748211748340.0,1798.25,1799.45
1748211748704.0,1798.28,1799.48
1748211749111.0,1798.31,1799.51
1748211749330.0,1798.29,1799.49
1748211749430.0,1798.28,1799.48
1748211749554.0,1798.31,1799.51
1748211749879.0,1798.28,1799.48
1748211750004.0,1798.25,1799.45
1748211750228.0,1798.22,1799.42
1748211750453.0,1798.25,1799.45
1748211750678.0,1798.28,1799.48
1748211750904.0,1798.31,1799.51
1748211751128.0,1798.29,1799.49
1748211751229.0,1798.28,1799.48
1748211751509.0,1798.25,1799.45
1748211751834.0,1798.5,1799.7
1748211752114.0,1798.47,1799.67
1748211752560.0,1798.5,1799.7
1748211753058.0,1798.44,1799.64
1748211753182.0,1798.5,1799.7
1748211753410.0,1798.42,1799.62
1748211753508.0,1798.41,1799.61
1748211753632.0,1798.35,1799.55
1748211753957.0,1798.44,1799.64
1748211754084.0,1798.41,1799.61
1748211754719.0,1798.35,1799.55
1748211754944.0,1798.4,1799.6
1748211755045.0,1798.41,1799.61
1748211755170.0,1798.47,1799.67
1748211755396.0,1798.44,1799.64
1748211756684.0,1798.5,1799.7
1748211757043.0,1798.53,1799.73
1748211757263.0,1798.56,1799.76
1748211757362.0,1798.59,1799.79
1748211757487.0,1798.54,1799.74
1748211757711.0,1798.51,1799.71
1748211757812.0,1798.5,1799.7
1748211758037.0,1798.6,1799.8
1748211758162.0,1798.57,1799.77
1748211758264.0,1798.56,1799.76
1748211758454.0,1798.54,1799.74
1748211758555.0,1798.53,1799.73
1748211758917.0,1798.56,1799.76
1748211759144.0,1798.51,1799.71
1748211759244.0,1798.5,1799.7
1748211759368.0,1798.47,1799.67
1748211759885.0,1798.5,1799.7
1748211760109.0,1798.56,1799.76
1748211760336.0,1798.28,1799.48
1748211760560.0,1798.28,1799.48
1748211761005.0,1798.25,1799.45
1748211761231.0,1798.31,1799.51
1748211761606.0,1798.23,1799.43
1748211761830.0,1798.33,1799.53
1748211761931.0,1798.34,1799.54
1748211762156.0,1798.28,1799.48
1748211762431.0,1798.31,1799.51
1748211762831.0,1798.4,1799.6
1748211762931.0,1798.41,1799.61
1748211763852.0,1798.38,1799.58
1748211764076.0,1798.43,1799.63
1748211764300.0,1798.41,1799.61
1748211764734.0,1798.44,1799.64
1748211765140.0,1798.41,1799.61
1748211765359.0,1798.44,1799.64
1748211766012.0,1798.41,1799.61
1748211766235.0,1798.33,1799.53
1748211766336.0,1798.31,1799.51
1748211767126.0,1798.15,1799.35
1748211767526.0,1798.25,1799.45
1748211767938.0,1798.17,1799.37
1748211768038.0,1798.15,1799.35
1748211768163.0,1798.13,1799.33
1748211768388.0,1798.24,1799.44
1748211768488.0,1798.25,1799.45
1748211768880.0,1798.22,1799.42
1748211769641.0,1798.25,1799.45
1748211769866.0,1798.31,1799.51
1748211770449.0,1798.34,1799.54
1748211770666.0,1798.32,1799.52
1748211770766.0,1798.31,1799.51
1748211771583.0,1798.47,1799.67
1748211771810.0,1798.38,1799.58
1748211772577.0,1798.35,1799.55
1748211772678.0,1798.34,1799.54
1748211773050.0,1798.38,1799.58
1748211773706.0,1798.34,1799.54
1748211774388.0,1798.47,1799.67
1748211775134.0,1798.5,1799.7
1748211775356.0,1798.56,1799.76
1748211775580.0,1798.59,1799.79
1748211775681.0,1798.6,1799.8
1748211775906.0,1798.28,1799.48
1748211776137.0,1798.34,1799.54
1748211776849.0,1798.38,1799.58
1748211777344.0,1798.41,1799.61
1748211777563.0,1798.52,1799.72
1748211777787.0,1798.51,1799.71
1748211777887.0,1798.5,1799.7
1748211778176.0,1798.53,1799.73
1748211778496.0,1798.6,1799.8
1748211780608.0,1798.69,1799.89
1748211780732.0,1798.58,1799.78
1748211780956.0,1798.65,1799.85
1748211781055.0,1798.66,1799.86
1748211781181.0,1798.63,1799.83
1748211781406.0,1798.66,1799.86
1748211781932.0,1798.69,1799.89
1748211782257.0,1798.63,1799.83
1748211783222.0,1798.57,1799.77
1748211783441.0,1798.59,1799.79
1748211783540.0,1798.6,1799.8
1748211783842.0,1798.57,1799.77
1748211784067.0,1798.59,1799.79
1748211784166.0,1798.6,1799.8
1748211784527.0,1798.63,1799.83
1748211784752.0,1798.6,1799.8
1748211785075.0,1799.13,1800.33
1748211785201.0,1799.16,1800.36
1748211785620.0,1799.1,1800.3
1748211785844.0,1799.04,1800.24
1748211786070.0,1799.01,1800.21
1748211786294.0,1799.06,1800.26
1748211786393.0,1799.07,1800.27
1748211786619.0,1799.04,1800.24
1748211786943.0,1799.0,1800.2
1748211787069.0,1798.97,1800.17
1748211787293.0,1798.95,1800.15
1748211787517.0,1798.89,1800.09
1748211787618.0,1798.88,1800.08
1748211787743.0,1798.85,1800.05
1748211787968.0,1798.82,1800.02
1748211788418.0,1798.85,1800.05
1748211788813.0,1798.78,1799.98
1748211789191.0,1798.87,1800.07
1748211789292.0,1798.88,1800.08
1748211789858.0,1798.94,1800.14
1748211790522.0,1798.91,1800.11
1748211790747.0,1798.94,1800.14
1748211790972.0,1798.97,1800.17
1748211791297.0,1799.04,1800.24
1748211791421.0,1799.07,1800.27
1748211791723.0,1799.15,1800.35
1748211791822.0,1799.16,1800.36
1748211792129.0,1799.19,1800.39
1748211792346.0,1799.08,1800.28
1748211792577.0,1799.12,1800.32
1748211792672.0,1799.13,1800.33
1748211792796.0,1799.16,1800.36
1748211793418.0,1799.19,1800.39
1748211793643.0,1799.42,1800.62
1748211793866.0,1799.41,1800.61
1748211794273.0,1799.44,1800.64
1748211794493.0,1799.33,1800.53
1748211794718.0,1799.35,1800.55
1748211794942.0,1799.29,1800.49
1748211795169.0,1799.34,1800.54
1748211795393.0,1799.29,1800.49
1748211795618.0,1799.26,1800.46
1748211795842.0,1799.34,1800.54
1748211795943.0,1799.35,1800.55
1748211796073.0,1799.32,1800.52
1748211796295.0,1799.23,1800.43
1748211796394.0,1799.22,1800.42
1748211796619.0,1799.19,1800.39
1748211796742.0,1799.22,1800.42
1748211797075.0,1799.28,1800.48
1748211797300.0,1799.32,1800.52
1748211797624.0,1798.88,1800.08
1748211797750.0,1798.94,1800.14
1748211797973.0,1798.97,1800.17
1748211798200.0,1799.0,1800.2
1748211798425.0,1798.97,1800.17
1748211798650.0,1799.03,1800.23
1748211798876.0,1798.95,1800.15
1748211798976.0,1798.94,1800.14
1748211799359.0,1798.97,1800.17
1748211799578.0,1798.89,1800.09
1748211799803.0,1798.8,1800.0
1748211799903.0,1798.78,1799.98
1748211800131.0,1798.66,1799.86
1748211800451.0,1798.63,1799.83
1748211800676.0,1798.41,1799.61
1748211800775.0,1798.38,1799.58
1748211801001.0,1798.44,1799.64
1748211801126.0,1798.41,1799.61
1748211801351.0,1798.44,1799.64
1748211801654.0,1798.47,1799.67
1748211802064.0,1798.53,1799.73
1748211802281.0,1798.56,1799.76
1748211802605.0,1798.63,1799.83
1748211802729.0,1798.69,1799.89
1748211803061.0,1798.72,1799.92
1748211803649.0,1798.69,1799.89
1748211803873.0,1798.66,1799.86
1748211804199.0,1798.78,1799.98
1748211804453.0,1798.76,1799.96
1748211804553.0,1798.75,1799.95
1748211804973.0,1798.78,1799.98
1748211805198.0,1798.81,1800.01
1748211805423.0,1798.84,1800.04
1748211805522.0,1798.85,1800.05
1748211806441.0,1798.88,1800.08
1748211806841.0,1798.82,1800.02
1748211807341.0,1798.85,1800.05
1748211807566.0,1798.91,1800.11
1748211807691.0,1798.94,1800.14
1748211807917.0,1798.97,1800.17
1748211808243.0,1798.91,1800.11
1748211809038.0,1798.88,1800.08
1748211809259.0,1798.96,1800.16
1748211809485.0,1799.11,1800.31
1748211809585.0,1799.13,1800.33
1748211809809.0,1799.0,1800.2
1748211809935.0,1799.03,1800.23
1748211810160.0,1799.01,1800.21
1748211810260.0,1799.0,1800.2
1748211810406.0,1799.03,1800.23
1748211810507.0,1799.04,1800.24
1748211810729.0,1799.0,1800.2
1748211811487.0,1798.97,1800.17
1748211812317.0,1798.95,1800.15
1748211812417.0,1798.94,1800.14
1748211812712.0,1798.91,1800.11
1748211813347.0,1798.88,1800.08
1748211814478.0,1798.94,1800.14
1748211815486.0,1798.89,1800.09
1748211815712.0,1798.94,1800.14
1748211815936.0,1798.91,1800.11
1748211816818.0,1798.94,1800.14
1748211817043.0,1799.0,1800.2
1748211817607.0,1799.06,1800.26
1748211817708.0,1799.07,1800.27
1748211817932.0,1799.38,1800.58
1748211818056.0,1799.44,1800.64
1748211818282.0,1799.41,1800.61
1748211818608.0,1799.38,1800.58
1748211819740.0,1799.41,1800.61
1748211819965.0,1799.3,1800.5
1748211820064.0,1799.29,1800.49
1748211820289.0,1799.41,1800.61
1748211820416.0,1799.33,1800.53
1748211820516.0,1799.32,1800.52
1748211820740.0,1799.41,1800.61
1748211820865.0,1799.38,1800.58
1748211821089.0,1799.35,1800.55
1748211821314.0,1799.41,1800.61
1748211821541.0,1799.36,1800.56
1748211821640.0,1799.35,1800.55
1748211822145.0,1799.32,1800.52
1748211822756.0,1799.35,1800.55
1748211823483.0,1799.38,1800.58
1748211824852.0,1799.35,1800.55
1748211825238.0,1799.38,1800.58
1748211825459.0,1799.41,1800.61
1748211826347.0,1799.44,1800.64
1748211826562.0,1799.41,1800.61
1748211827701.0,1799.98,1801.18
1748211827818.0,1799.92,1801.12
1748211828380.0,1799.8,1801.0
1748211828603.0,1799.85,1801.05
1748211829269.0,1799.82,1801.02
1748211829487.0,1799.79,1800.99
1748211829789.0,1799.76,1800.96
1748211830014.0,1799.73,1800.93
1748211830240.0,1799.7,1800.9
1748211830463.0,1799.72,1800.92
1748211830564.0,1799.73,1800.93
1748211831835.0,1799.67,1800.87
1748211832063.0,1799.69,1800.89
1748211832163.0,1799.7,1800.9
1748211832387.0,1799.66,1800.86
1748211832736.0,1799.73,1800.93
1748211833795.0,1799.82,1801.02
1748211833920.0,1799.74,1800.94
1748211834020.0,1799.73,1800.93
1748211834146.0,1799.76,1800.96
1748211834709.0,1799.73,1800.93
1748211834935.0,1799.64,1800.84
1748211835035.0,1799.63,1800.83
1748211835160.0,1799.66,1800.86
1748211835801.0,1799.75,1800.95
1748211835902.0,1799.76,1800.96
1748211836023.0,1799.79,1800.99
1748211836777.0,1799.73,1800.93
1748211837085.0,1799.7,1800.9
1748211837401.0,1799.66,1800.86
1748211838306.0,1799.64,1800.84
1748211838406.0,1799.63,1800.83
1748211839024.0,1799.48,1800.68
1748211840554.0,1799.45,1800.65
1748211840654.0,1799.44,1800.64
1748211841829.0,1799.29,1800.49
1748211841949.0,1799.34,1800.54
1748211842048.0,1799.35,1800.55
1748211843404.0,1799.44,1800.64
1748211843504.0,1799.43,1800.63
1748211844145.0,1799.55,1800.75
1748211844364.0,1799.36,1800.56
1748211844466.0,1799.34,1800.54
1748211845016.0,1799.4,1800.6
1748211845408.0,1799.37,1800.57
1748211845886.0,1799.4,1800.6
1748211846288.0,1799.35,1800.55
1748211846512.0,1799.37,1800.57
1748211846736.0,1799.34,1800.54
1748211846964.0,1799.31,1800.51
1748211847186.0,1799.34,1800.54
1748211847489.0,1799.31,1800.51
1748211848394.0,1799.69,1800.89
1748211848776.0,1799.41,1800.61
1748211849001.0,1799.4,1800.6
1748211850181.0,1799.37,1800.57
1748211850402.0,1799.34,1800.54
1748211850626.0,1799.31,1800.51
1748211850952.0,1799.4,1800.6
1748211851076.0,1799.32,1800.52
1748211851175.0,1799.31,1800.51
1748211851746.0,1799.34,1800.54
1748211852150.0,1799.37,1800.57
1748211853611.0,1799.34,1800.54
1748211854512.0,1799.31,1800.51
1748211855112.0,1799.25,1800.45
1748211855805.0,1799.16,1800.36
1748211855904.0,1799.15,1800.35
1748211856818.0,1799.12,1800.32
1748211857985.0,1799.26,1800.46
1748211858205.0,1799.25,1800.45
1748211859826.0,1799.19,1800.39
1748211859926.0,1799.18,1800.38
1748211860489.0,1799.1,1800.3
1748211860706.0,1798.89,1800.09
1748211860807.0,1798.87,1800.07
1748211860932.0,1798.7,1799.9
1748211861032.0,1798.68,1799.88
1748211861258.0,1798.77,1799.97
1748211861382.0,1798.83,1800.03
1748211861657.0,1798.81,1800.01
1748211861880.0,1798.83,1800.03
1748211861981.0,1798.84,1800.04
1748211862106.0,1798.81,1800.01
1748211862526.0,1798.89,1800.09
1748211862626.0,1798.9,1800.1
1748211862849.0,1798.81,1800.01
1748211862973.0,1798.83,1800.03
1748211863200.0,1798.81,1800.01
1748211863525.0,1798.87,1800.07
1748211863648.0,1798.9,1800.1
1748211864441.0,1799.03,1800.23
1748211864559.0,1799.0,1800.2
1748211864783.0,1798.94,1800.14
1748211864883.0,1798.93,1800.13
1748211865109.0,1799.03,1800.23
1748211865233.0,1799.06,1800.26
1748211865458.0,1799.09,1800.29
1748211866091.0,1798.95,1800.15
1748211866307.0,1798.96,1800.16
1748211866709.0,1798.99,1800.19
1748211866933.0,1798.94,1800.14
1748211867032.0,1798.93,1800.13
1748211867260.0,1799.03,1800.23
1748211867383.0,1798.97,1800.17
1748211867607.0,1798.99,1800.19
1748211867911.0,1799.02,1800.22
1748211868011.0,1799.03,1800.23
1748211868409.0,1799.06,1800.26
1748211868629.0,1799.09,1800.29
1748211869004.0,1799.12,1800.32
1748211869231.0,1799.01,1800.21
1748211869456.0,1799.02,1800.22
1748211869555.0,1799.03,1800.23
1748211869781.0,1798.99,1800.19
1748211869904.0,1798.96,1800.16
1748211870131.0,1799.02,1800.22
1748211870231.0,1799.03,1800.23
1748211870454.0,1798.93,1800.13
1748211870728.0,1798.96,1800.16
1748211871688.0,1799.59,1800.79
1748211872286.0,1799.53,1800.73
1748211873176.0,1799.59,1800.79
1748211873413.0,1799.62,1800.82
1748211873638.0,1799.59,1800.79
1748211876886.0,1799.53,1800.73
1748211878038.0,1799.5,1800.7
1748211878258.0,1799.58,1800.78
1748211878358.0,1799.59,1800.79
1748211878926.0,1799.53,1800.73
1748211879365.0,1799.5,1800.7
1748211880792.0,1799.59,1800.79
1748211881633.0,1799.65,1800.85
1748211882013.0,1799.63,1800.83
1748211882113.0,1799.62,1800.82
1748211882339.0,1799.56,1800.76
1748211882465.0,1799.59,1800.79
1748211883559.0,1799.53,1800.73
1748211883772.0,1799.56,1800.76
1748211884254.0,1799.62,1800.82
1748211884703.0,1799.68,1800.88
1748211884804.0,1799.69,1800.89
1748211884927.0,1799.66,1800.86
1748211885028.0,1799.65,1800.85
1748211886420.0,1799.63,1800.83
1748211886520.0,1799.62,1800.82
1748211887328.0,1799.59,1800.79
1748211888197.0,1799.62,1800.82
1748211892152.0,1800.01,1801.21
1748211892250.0,1800.06,1801.26
1748211892542.0,1800.05,1801.25
1748211894020.0,1800.15,1801.35
1748211894627.0,1800.12,1801.32
1748211894852.0,1800.14,1801.34
1748211894952.0,1800.15,1801.35
1748211895185.0,1800.18,1801.38
1748211895400.0,1800.21,1801.41
1748211895851.0,1800.37,1801.57
1748211896380.0,1801.12,1802.32
1748211896603.0,1801.1,1802.3
1748211896702.0,1801.09,1802.29
1748211896929.0,1801.22,1802.42
1748211897155.0,1801.15,1802.35
1748211897379.0,1801.5,1802.7
1748211897505.0,1801.3,1802.5
1748211897730.0,1801.2,1802.4
1748211897953.0,1801.2,1802.4
1748211898246.0,1801.21,1802.41
1748211898346.0,1801.22,1802.42
1748211898748.0,1801.18,1802.38
1748211898871.0,1801.15,1802.35
1748211899095.0,1801.07,1802.27
1748211899321.0,1801.14,1802.34
1748211899422.0,1801.15,1802.35
1748211899749.0,1801.09,1802.29
1748211899873.0,1801.12,1802.32
1748211900098.0,1801.15,1802.35
1748211900549.0,1801.22,1802.42
1748211900675.0,1801.19,1802.39
1748211900898.0,1801.35,1802.55
1748211901123.0,1801.26,1802.46
1748211901223.0,1801.25,1802.45
1748211901448.0,1801.15,1802.35
1748211901673.0,1801.03,1802.23
1748211901797.0,1801.0,1802.2
1748211902245.0,1800.97,1802.17
1748211902469.0,1800.99,1802.19
1748211902569.0,1801.0,1802.2
1748211902960.0,1801.14,1802.34
1748211903062.0,1801.15,1802.35
1748211903185.0,1801.12,1802.32
1748211903624.0,1801.15,1802.35
1748211903948.0,1801.31,1802.51
1748211904247.0,1801.34,1802.54
1748211904564.0,1801.44,1802.64
1748211904790.0,1801.28,1802.48
1748211904915.0,1801.39,1802.59
1748211905016.0,1801.4,1802.6
1748211905293.0,1801.37,1802.57
1748211905510.0,1801.34,1802.54
1748211905960.0,1801.12,1802.32
1748211906187.0,1801.12,1802.32
1748211906411.0,1801.15,1802.35
1748211906737.0,1800.84,1802.04
1748211906861.0,1800.81,1802.01
1748211907086.0,1800.84,1802.04
1748211907312.0,1800.78,1801.98
1748211907763.0,1800.81,1802.01
1748211907988.0,1800.87,1802.07
1748211908113.0,1800.92,1802.12
1748211908337.0,1800.99,1802.19
1748211908563.0,1800.94,1802.14
1748211908662.0,1800.93,1802.13
1748211908787.0,1800.96,1802.16
1748211909014.0,1800.93,1802.13
1748211909238.0,1800.9,1802.1
1748211909583.0,1800.84,1802.04
1748211909907.0,1800.9,1802.1
1748211910133.0,1801.0,1802.2
1748211910358.0,1800.96,1802.16
1748211910777.0,1801.07,1802.27
1748211911003.0,1801.0,1802.2
1748211911228.0,1801.11,1802.31
1748211911329.0,1801.12,1802.32
1748211911689.0,1801.15,1802.35
1748211912016.0,1801.09,1802.29
1748211912140.0,1801.06,1802.26
1748211912605.0,1801.09,1802.29
1748211912831.0,1801.26,1802.46
1748211913054.0,1801.22,1802.42
1748211913380.0,1801.25,1802.45
1748211913605.0,1801.22,1802.42
1748211913828.0,1801.3,1802.5
1748211913928.0,1801.31,1802.51
1748211914054.0,1801.28,1802.48
1748211914279.0,1801.25,1802.45
1748211914504.0,1801.3,1802.5
1748211914604.0,1801.31,1802.51
1748211914931.0,1801.39,1802.59
1748211915156.0,1801.46,1802.66
1748211915257.0,1801.47,1802.67
1748211915480.0,1801.62,1802.82
1748211915706.0,1801.37,1802.57
1748211915830.0,1801.46,1802.66
1748211915930.0,1801.47,1802.67
1748211916055.0,1801.44,1802.64
1748211916333.0,1801.32,1802.52
1748211916557.0,1801.25,1802.45
1748211917033.0,1801.0,1802.2
1748211917301.0,1801.02,1802.22
1748211917621.0,1801.12,1802.32
1748211917745.0,1801.15,1802.35
1748211917969.0,1801.12,1802.32
1748211918196.0,1801.06,1802.26
1748211918420.0,1801.09,1802.29
1748211918989.0,1801.03,1802.23
1748211919213.0,1801.08,1802.28
1748211919438.0,1801.0,1802.2
1748211919662.0,1801.02,1802.22
1748211919765.0,1801.03,1802.23
1748211919988.0,1801.08,1802.28
1748211920087.0,1801.09,1802.29
1748211920459.0,1801.12,1802.32
1748211922659.0,1801.09,1802.29
1748211923682.0,1800.74,1801.94
1748211923909.0,1800.9,1802.1
1748211924031.0,1800.93,1802.13
1748211924257.0,1800.82,1802.02
1748211924356.0,1800.81,1802.01
1748211924680.0,1800.96,1802.16
1748211924904.0,1800.84,1802.04
1748211925457.0,1800.81,1802.01
1748211925947.0,1800.78,1801.98
1748211926271.0,1800.81,1802.01
1748211926738.0,1800.84,1802.04
1748211926962.0,1800.92,1802.12
1748211927188.0,1800.9,1802.1
1748211927412.0,1800.93,1802.13
1748211927637.0,1800.9,1802.1
1748211928434.0,1800.93,1802.13
1748211929125.0,1800.9,1802.1
1748211929344.0,1801.04,1802.24
1748211929446.0,1801.06,1802.26
1748211929720.0,1801.0,1802.2
1748211930045.0,1800.93,1802.13
1748211930174.0,1800.87,1802.07
1748211930425.0,1800.9,1802.1
1748211930650.0,1800.98,1802.18
1748211930875.0,1800.94,1802.14
1748211931110.0,1800.96,1802.16
1748211931328.0,1800.93,1802.13
1748211931554.0,1800.9,1802.1
1748211931880.0,1801.18,1802.38
1748211932200.0,1801.21,1802.41
1748211932299.0,1801.22,1802.42
1748211932692.0,1801.18,1802.38
1748211932876.0,1801.15,1802.35
1748211933103.0,1801.12,1802.32
1748211933820.0,1801.83,1803.03
1748211933921.0,1801.85,1803.05
1748211934331.0,1802.29,1803.49
1748211934558.0,1802.25,1803.45
1748211934782.0,1802.32,1803.52
1748211934909.0,1802.29,1803.49
1748211935133.0,1802.26,1803.46
1748211935358.0,1802.17,1803.37
1748211935584.0,1801.93,1803.13
1748211935683.0,1801.91,1803.11
1748211935807.0,1801.85,1803.05
1748211936142.0,1801.88,1803.08
1748211936258.0,1801.54,1802.74
1748211936357.0,1801.5,1802.7
1748211936733.0,1801.37,1802.57
1748211937039.0,1801.31,1802.51
1748211937435.0,1801.2,1802.4
1748211937759.0,1801.25,1802.45
1748211938250.0,1801.18,1802.38
1748211938840.0,1801.04,1802.24
1748211938940.0,1801.03,1802.23
1748211939585.0,1801.08,1802.28
1748211939684.0,1801.09,1802.29
1748211940416.0,1801.06,1802.26
1748211940634.0,1801.11,1802.31
1748211940734.0,1801.12,1802.32
1748211941231.0,1801.09,1802.29
1748211942010.0,1801.18,1802.38
1748211942233.0,1801.22,1802.42
1748211942513.0,1801.19,1802.39
1748211942613.0,1801.18,1802.38
1748211943012.0,1801.12,1802.32
1748211943137.0,1801.01,1802.21
1748211943237.0,1801.0,1802.2
1748211943614.0,1801.06,1802.26
1748211943913.0,1801.03,1802.23
1748211944138.0,1801.05,1802.25
1748211944364.0,1800.97,1802.17
1748211944464.0,1800.96,1802.16
1748211944690.0,1801.0,1802.2
1748211944913.0,1800.96,1802.16
1748211945139.0,1801.06,1802.26
1748211945265.0,1801.03,1802.23
1748211945937.0,1801.0,1802.2
1748211946261.0,1801.03,1802.23
1748211946818.0,1801.0,1802.2
1748211947298.0,1801.12,1802.32
1748211948551.0,1801.09,1802.29
1748211948771.0,1801.06,1802.26
1748211948996.0,1801.03,1802.23
1748211949444.0,1801.06,1802.26
1748211949566.0,1801.0,1802.2
1748211949935.0,1800.97,1802.17
1748211950034.0,1800.96,1802.16
1748211950434.0,1801.0,1802.2
1748211950735.0,1800.97,1802.17
1748211950836.0,1800.96,1802.16
1748211951060.0,1801.0,1802.2
1748211952007.0,1801.03,1802.23
1748211952356.0,1801.09,1802.29
1748211953344.0,1801.06,1802.26
1748211953657.0,1800.96,1802.16
1748211955040.0,1800.91,1802.11
1748211955257.0,1801.04,1802.24
1748211955357.0,1801.06,1802.26
1748211955482.0,1801.0,1802.2
1748211955744.0,1800.97,1802.17
1748211955846.0,1800.96,1802.16
1748211956582.0,1800.9,1802.1
1748211957472.0,1800.87,1802.07
1748211957698.0,1800.81,1802.01
1748211958126.0,1800.78,1801.98
1748211958445.0,1800.81,1802.01
1748211958717.0,1800.78,1801.98
1748211959007.0,1800.8,1802.0
1748211959108.0,1800.81,1802.01
1748211960117.0,1800.78,1801.98
1748211961100.0,1800.89,1802.09
1748211961200.0,1800.9,1802.1
1748211961926.0,1800.84,1802.04
1748211962151.0,1800.87,1802.07
1748211962377.0,1800.81,1802.01
1748211962632.0,1800.85,1802.05
1748211963264.0,1800.88,1802.08
1748211963482.0,1800.77,1801.97
1748211963583.0,1800.75,1801.95
1748211964151.0,1800.78,1801.98
1748211964498.0,1800.82,1802.02
1748211964623.0,1800.84,1802.04
1748211964847.0,1800.76,1801.96
1748211965074.0,1800.7,1801.9
1748211965173.0,1800.69,1801.89
1748211965466.0,1800.72,1801.92
1748211965864.0,1800.69,1801.89
1748211966090.0,1800.72,1801.92
1748211966318.0,1800.75,1801.95
1748211966640.0,1800.66,1801.86
1748211966766.0,1800.69,1801.89
1748211966989.0,1800.66,1801.86
1748211967214.0,1800.69,1801.89
1748211967441.0,1800.66,1801.86
1748211968411.0,1800.69,1801.89
1748211968629.0,1800.75,1801.95
1748211969003.0,1800.7,1801.9
1748211969103.0,1800.69,1801.89
1748211969366.0,1800.66,1801.86
1748211969591.0,1800.63,1801.83
