None,,
None,,
None,,
None,,
None,,
None,,
None,,
None,,
None,,
None,,
None,,
None,,
None,,
None,,
None,,
1748210525480.0,7719.7,7723.7
1748210526220.0,7719.5,7723.5
1748210526434.0,7719.8,7723.8
1748210526660.0,7719.7,7723.7
1748210527360.0,7719.8,7723.8
1748210527582.0,7720.4,7724.4
1748210528060.0,7720.9,7724.9
1748210528195.0,7721.7,7725.7
1748210529136.0,7721.9,7725.9
1748210529390.0,7722.0,7726.0
1748210529593.0,7722.1,7726.1
1748210529689.0,7722.3,7726.3
1748210529837.0,7722.0,7726.0
1748210530073.0,7721.9,7725.9
1748210531493.0,7721.6,7725.6
1748210531708.0,7721.8,7725.8
1748210532291.0,7721.9,7725.9
1748210532505.0,7721.6,7725.6
1748210533055.0,7721.9,7725.9
1748210534015.0,7722.9,7726.9
1748210534471.0,7722.8,7726.8
1748210534695.0,7723.1,7727.1
1748210534923.0,7723.2,7727.2
1748210535130.0,7723.1,7727.1
1748210535228.0,7719.7,7723.7
1748210535372.0,7719.9,7723.9
1748210536415.0,7720.0,7724.0
1748210536952.0,7720.3,7724.3
1748210537192.0,7721.0,7725.0
1748210537726.0,7721.2,7725.2
1748210537950.0,7721.9,7725.9
1748210538967.0,7722.6,7726.6
1748210539508.0,7722.8,7726.8
1748210540061.0,7722.6,7726.6
1748210540822.0,7722.7,7726.7
1748210540920.0,7723.4,7727.4
1748210541719.0,7723.3,7727.3
1748210541962.0,7723.2,7727.2
1748210542198.0,7722.8,7726.8
1748210542410.0,7723.4,7727.4
1748210542716.0,7722.8,7726.8
1748210543616.0,7723.2,7727.2
1748210543829.0,7723.1,7727.1
1748210544035.0,7723.0,7727.0
1748210544133.0,7722.0,7726.0
1748210544377.0,7721.9,7725.9
1748210544602.0,7722.2,7726.2
1748210545529.0,7722.6,7726.6
1748210545742.0,7722.3,7726.3
1748210546023.0,7722.2,7726.2
1748210546886.0,7722.8,7726.8
1748210548438.0,7722.6,7726.6
1748210548760.0,7722.3,7726.3
1748210550346.0,7722.6,7726.6
1748210550559.0,7722.9,7726.9
1748210550987.0,7722.6,7726.6
1748210552023.0,7722.3,7726.3
1748210552594.0,7722.6,7726.6
1748210553184.0,7722.9,7726.9
1748210553396.0,7722.6,7726.6
1748210554085.0,7722.8,7726.8
1748210554294.0,7722.2,7726.2
1748210557066.0,7722.8,7726.8
1748210558068.0,7722.2,7726.2
1748210561038.0,7722.4,7726.4
1748210562015.0,7722.9,7726.9
1748210562876.0,7722.8,7726.8
1748210563857.0,7722.5,7726.5
1748210564760.0,7722.8,7726.8
1748210565875.0,7722.5,7726.5
1748210566292.0,7722.8,7726.8
1748210566502.0,7722.4,7726.4
1748210568455.0,7722.5,7726.5
1748210569949.0,7722.4,7726.4
1748210571282.0,7722.5,7726.5
1748210571378.0,7723.5,7727.5
1748210571522.0,7723.6,7727.6
1748210571748.0,7723.3,7727.3
1748210572559.0,7723.2,7727.2
1748210572850.0,7721.7,7725.7
1748210572994.0,7721.1,7725.1
1748210573236.0,7721.3,7725.3
1748210577025.0,7721.4,7725.4
1748210577236.0,7722.0,7726.0
1748210577460.0,7722.2,7726.2
1748210577684.0,7723.2,7727.2
1748210577909.0,7723.3,7727.3
1748210579099.0,7723.2,7727.2
1748210579311.0,7723.3,7727.3
1748210581245.0,7724.2,7728.2
1748210581455.0,7724.6,7728.6
1748210581882.0,7724.8,7728.8
1748210582280.0,7724.5,7728.5
1748210582712.0,7724.7,7728.7
1748210583358.0,7725.5,7729.5
1748210583575.0,7725.4,7729.4
1748210584165.0,7725.5,7729.5
1748210584384.0,7725.7,7729.7
1748210584741.0,7725.6,7729.6
1748210584837.0,7725.5,7729.5
1748210585271.0,7725.2,7729.2
1748210585561.0,7726.7,7730.7
1748210585707.0,7726.4,7730.4
1748210586851.0,7726.5,7730.5
1748210587077.0,7727.0,7731.0
1748210587472.0,7727.7,7731.7
1748210588171.0,7727.0,7731.0
1748210588602.0,7727.1,7731.1
1748210589217.0,7727.0,7731.0
1748210590227.0,7726.8,7730.8
1748210591300.0,7727.0,7731.0
1748210591859.0,7727.5,7731.5
1748210592096.0,7727.3,7731.3
1748210592460.0,7727.5,7731.5
1748210592682.0,7727.3,7731.3
1748210593826.0,7727.7,7731.7
1748210594048.0,7727.3,7731.3
1748210594368.0,7727.5,7731.5
1748210594674.0,7728.1,7732.1
1748210595319.0,7728.0,7732.0
1748210596237.0,7728.1,7732.1
1748210596434.0,7728.2,7732.2
1748210596678.0,7729.1,7733.1
1748210597029.0,7728.7,7732.7
1748210598289.0,7728.6,7732.6
1748210598505.0,7728.8,7732.8
1748210599592.0,7728.6,7732.6
1748210599949.0,7728.7,7732.7
1748210600359.0,7727.3,7731.3
1748210600573.0,7728.3,7732.3
1748210600948.0,7728.7,7732.7
1748210601187.0,7728.8,7732.8
1748210601762.0,7728.7,7732.7
1748210601985.0,7729.0,7733.0
1748210602449.0,7728.1,7732.1
1748210602658.0,7727.8,7731.8
1748210602884.0,7728.1,7732.1
1748210603121.0,7728.6,7732.6
1748210603333.0,7729.0,7733.0
1748210603842.0,7728.6,7732.6
1748210604049.0,7728.5,7732.5
1748210604148.0,7728.0,7732.0
1748210604626.0,7728.1,7732.1
1748210605030.0,7728.0,7732.0
1748210605486.0,7728.8,7732.8
1748210605952.0,7728.7,7732.7
1748210606758.0,7728.6,7732.6
1748210608130.0,7728.5,7732.5
1748210608371.0,7726.8,7730.8
1748210608598.0,7726.7,7730.7
1748210608823.0,7727.7,7731.7
1748210609345.0,7727.0,7731.0
1748210609787.0,7726.5,7730.5
1748210610010.0,7726.1,7730.1
1748210610238.0,7726.4,7730.4
1748210610461.0,7726.1,7730.1
1748210611327.0,7726.0,7730.0
1748210611539.0,7726.7,7730.7
1748210612600.0,7726.8,7730.8
1748210612818.0,7727.0,7731.0
1748210613370.0,7727.1,7731.1
1748210613580.0,7727.3,7731.3
1748210615044.0,7727.2,7731.2
1748210615255.0,7727.1,7731.1
1748210615474.0,7727.5,7731.5
1748210616002.0,7727.1,7731.1
1748210616280.0,7727.2,7731.2
1748210617586.0,7727.1,7731.1
1748210618447.0,7728.0,7732.0
1748210619391.0,7727.8,7731.8
1748210620055.0,7726.8,7730.8
1748210621802.0,7727.2,7731.2
1748210622524.0,7727.3,7731.3
1748210622622.0,7727.5,7731.5
1748210624061.0,7727.2,7731.2
1748210624273.0,7727.1,7731.1
1748210625852.0,7728.5,7732.5
1748210627079.0,7728.6,7732.6
1748210627177.0,7728.8,7732.8
1748210630065.0,7728.9,7732.9
1748210630243.0,7728.7,7732.7
1748210631591.0,7728.9,7732.9
1748210631884.0,7728.3,7732.3
1748210633545.0,7728.6,7732.6
1748210634901.0,7728.9,7732.9
1748210635123.0,7729.0,7733.0
1748210636033.0,7728.3,7732.3
1748210636252.0,7728.0,7732.0
1748210636477.0,7727.9,7731.9
1748210638189.0,7727.8,7731.8
1748210638290.0,7727.1,7731.1
1748210640583.0,7727.3,7731.3
1748210641576.0,7727.6,7731.6
1748210641792.0,7727.1,7731.1
1748210642944.0,7727.3,7731.3
1748210644433.0,7727.1,7731.1
1748210647443.0,7727.6,7731.6
1748210648596.0,7727.1,7731.1
1748210650846.0,7726.8,7730.8
1748210653422.0,7726.4,7730.4
1748210655483.0,7726.1,7730.1
1748210660717.0,7725.8,7729.8
1748210663531.0,7724.5,7728.5
1748210665893.0,7724.1,7728.1
1748210666555.0,7723.8,7727.8
1748210667345.0,7723.5,7727.5
1748210667863.0,7723.7,7727.7
1748210668949.0,7723.8,7727.8
1748210670218.0,7724.2,7728.2
1748210670429.0,7724.1,7728.1
1748210674524.0,7723.5,7727.5
1748210676962.0,7723.7,7727.7
1748210677247.0,7723.5,7727.5
1748210682032.0,7724.5,7728.5
1748210682243.0,7724.3,7728.3
1748210683696.0,7724.5,7728.5
1748210683911.0,7724.6,7728.6
1748210684422.0,7724.9,7728.9
1748210685358.0,7725.2,7729.2
1748210686673.0,7725.3,7729.3
1748210687039.0,7725.4,7729.4
1748210687138.0,7725.8,7729.8
1748210687283.0,7725.9,7729.9
1748210687868.0,7726.1,7730.1
1748210688983.0,7726.4,7730.4
1748210689627.0,7726.5,7730.5
1748210690714.0,7726.9,7730.9
1748210691137.0,7726.8,7730.8
1748210692791.0,7726.7,7730.7
1748210693668.0,7726.5,7730.5
1748210693881.0,7726.0,7730.0
1748210695341.0,7726.4,7730.4
1748210698701.0,7725.4,7729.4
1748210700436.0,7724.7,7728.7
1748210700625.0,7724.6,7728.6
1748210700725.0,7724.4,7728.4
1748210700873.0,7724.5,7728.5
1748210701328.0,7724.4,7728.4
1748210701922.0,7724.5,7728.5
1748210702335.0,7724.8,7728.8
1748210704426.0,7724.7,7728.7
1748210704641.0,7724.5,7728.5
1748210706106.0,7723.5,7727.5
1748210706494.0,7723.7,7727.7
1748210706891.0,7724.2,7728.2
1748210709445.0,7724.4,7728.4
1748210710074.0,7724.2,7728.2
1748210710299.0,7724.0,7728.0
1748210710404.0,7723.0,7727.0
1748210712338.0,7723.5,7727.5
1748210712548.0,7723.7,7727.7
1748210712773.0,7723.5,7727.5
1748210713764.0,7723.7,7727.7
1748210713978.0,7723.8,7727.8
1748210714858.0,7724.0,7728.0
1748210715083.0,7724.4,7728.4
1748210715455.0,7724.0,7728.0
1748210717945.0,7723.9,7727.9
1748210718200.0,7722.8,7726.8
1748210718416.0,7723.0,7727.0
1748210719606.0,7723.2,7727.2
1748210719991.0,7723.0,7727.0
1748210721303.0,7723.8,7727.8
1748210722778.0,7723.7,7727.7
1748210722990.0,7723.4,7727.4
1748210723624.0,7723.8,7727.8
1748210724756.0,7724.0,7728.0
1748210724969.0,7724.4,7728.4
1748210725476.0,7724.7,7728.7
1748210725689.0,7724.8,7728.8
1748210726600.0,7725.0,7729.0
1748210726810.0,7724.8,7728.8
1748210727981.0,7724.7,7728.7
1748210728481.0,7724.8,7728.8
1748210729071.0,7725.0,7729.0
1748210729285.0,7724.8,7728.8
1748210731153.0,7725.0,7729.0
1748210732723.0,7724.8,7728.8
1748210732931.0,7724.1,7728.1
1748210733171.0,7724.4,7728.4
1748210733382.0,7724.5,7728.5
1748210733912.0,7724.7,7728.7
1748210734149.0,7725.1,7729.1
1748210734368.0,7725.0,7729.0
1748210734672.0,7724.1,7728.1
1748210735011.0,7724.4,7728.4
1748210735238.0,7724.5,7728.5
1748210735693.0,7724.7,7728.7
1748210737184.0,7724.1,7728.1
1748210740275.0,7724.4,7728.4
1748210740488.0,7724.1,7728.1
1748210746261.0,7724.0,7728.0
1748210746733.0,7724.7,7728.7
1748210749196.0,7724.5,7728.5
1748210750557.0,7724.4,7728.4
1748210750768.0,7724.2,7728.2
1748210753755.0,7723.9,7727.9
1748210753967.0,7724.4,7728.4
1748210754066.0,7723.4,7727.4
1748210755827.0,7723.5,7727.5
1748210756472.0,7722.9,7726.9
1748210757632.0,7723.0,7727.0
1748210757731.0,7723.7,7727.7
1748210759978.0,7724.0,7728.0
1748210762447.0,7724.0,7728.0
1748210763524.0,7724.2,7728.2
1748210764189.0,7724.5,7728.5
1748210764399.0,7724.0,7728.0
1748210765582.0,7723.8,7727.8
1748210766826.0,7723.7,7727.7
1748210767199.0,7723.8,7727.8
1748210767408.0,7724.0,7728.0
1748210767636.0,7724.2,7728.2
1748210767858.0,7724.4,7728.4
1748210769273.0,7724.5,7728.5
1748210769485.0,7724.7,7728.7
1748210774529.0,7724.4,7728.4
1748210775082.0,7724.5,7728.5
1748210776936.0,7724.2,7728.2
1748210777469.0,7724.0,7728.0
1748210778099.0,7723.9,7727.9
1748210778345.0,7723.5,7727.5
1748210778808.0,7723.7,7727.7
1748210779268.0,7723.8,7727.8
1748210779480.0,7724.0,7728.0
1748210779705.0,7724.4,7728.4
1748210780689.0,7724.5,7728.5
1748210782110.0,7724.7,7728.7
1748210782586.0,7724.8,7728.8
1748210782811.0,7724.7,7728.7
1748210783344.0,7724.2,7728.2
1748210783555.0,7724.4,7728.4
1748210783778.0,7724.2,7728.2
1748210784005.0,7724.0,7728.0
1748210784673.0,7723.8,7727.8
1748210784818.0,7723.7,7727.7
1748210785255.0,7723.9,7727.9
1748210785498.0,7723.7,7727.7
1748210785821.0,7723.8,7727.8
1748210786059.0,7723.7,7727.7
1748210786785.0,7723.8,7727.8
1748210792136.0,7724.5,7728.5
1748210793482.0,7724.4,7728.4
1748210794172.0,7724.5,7728.5
1748210794387.0,7724.2,7728.2
1748210795741.0,7724.0,7728.0
1748210809578.0,7723.9,7727.9
1748210809675.0,7723.8,7727.8
1748210810009.0,7723.7,7727.7
1748210811425.0,7723.6,7727.6
1748210811522.0,7723.2,7727.2
1748210812192.0,7722.6,7726.6
1748210812685.0,7722.5,7726.5
1748210814791.0,7722.8,7726.8
1748210815925.0,7723.7,7727.7
1748210816149.0,7724.7,7728.7
1748210816342.0,7724.9,7728.9
1748210816586.0,7731.6,7735.6
1748210816812.0,7730.9,7734.9
1748210817134.0,7730.7,7734.7
1748210817346.0,7730.5,7734.5
1748210817573.0,7731.9,7735.9
1748210818107.0,7731.5,7735.5
1748210818317.0,7731.3,7735.3
1748210818781.0,7735.4,7739.4
1748210818925.0,7734.8,7738.8
1748210819164.0,7734.2,7738.2
1748210819357.0,7734.4,7738.4
1748210819454.0,7739.1,7743.1
1748210819682.0,7740.6,7744.6
1748210819825.0,7742.6,7746.6
1748210820031.0,7742.5,7746.5
1748210820131.0,7740.6,7744.6
1748210820376.0,7739.8,7743.8
1748210820483.0,7739.7,7743.7
1748210820581.0,7737.1,7741.1
1748210820725.0,7736.6,7740.6
1748210820951.0,7736.4,7740.4
1748210821256.0,7739.5,7743.5
1748210821400.0,7739.7,7743.7
1748210821625.0,7739.4,7743.4
1748210821851.0,7739.0,7743.0
1748210822056.0,7738.9,7742.9
1748210822157.0,7737.4,7741.4
1748210822302.0,7738.7,7742.7
1748210822507.0,7738.6,7742.6
1748210822605.0,7738.1,7742.1
1748210822751.0,7738.4,7742.4
1748210822976.0,7738.1,7742.1
1748210823181.0,7738.0,7742.0
1748210823281.0,7735.9,7739.9
1748210823427.0,7734.8,7738.8
1748210823652.0,7734.6,7738.6
1748210823879.0,7734.3,7738.3
1748210824332.0,7734.4,7738.4
1748210825029.0,7733.8,7737.8
1748210825754.0,7734.0,7738.0
1748210825996.0,7740.7,7744.7
1748210826232.0,7738.6,7742.6
1748210826427.0,7738.5,7742.5
1748210826527.0,7737.4,7741.4
1748210826751.0,7737.3,7741.3
1748210826976.0,7735.6,7739.6
1748210827076.0,7736.7,7740.7
1748210827230.0,7737.0,7741.0
1748210827598.0,7736.7,7740.7
1748210827905.0,7735.1,7739.1
1748210828487.0,7735.8,7739.8
1748210828705.0,7735.2,7739.2
1748210829226.0,7735.4,7739.4
1748210830000.0,7735.2,7739.2
1748210830205.0,7735.3,7739.3
1748210830305.0,7737.0,7741.0
1748210830449.0,7737.4,7741.4
1748210831020.0,7734.9,7738.9
1748210831586.0,7734.7,7738.7
1748210831796.0,7735.1,7739.1
1748210832023.0,7735.8,7739.8
1748210832245.0,7736.1,7740.1
1748210832471.0,7736.0,7740.0
1748210832678.0,7735.9,7739.9
1748210832775.0,7735.1,7739.1
1748210833052.0,7735.4,7739.4
1748210833260.0,7734.8,7738.8
1748210834005.0,7735.1,7739.1
1748210834309.0,7734.9,7738.9
1748210834529.0,7734.4,7738.4
1748210834977.0,7734.2,7738.2
1748210835211.0,7733.2,7737.2
1748210835698.0,7733.4,7737.4
1748210835921.0,7734.7,7738.7
1748210836128.0,7734.6,7738.6
1748210836374.0,7733.4,7737.4
1748210836679.0,7732.8,7736.8
1748210836824.0,7733.1,7737.1
1748210837316.0,7734.4,7738.4
1748210837530.0,7733.9,7737.9
1748210837755.0,7733.4,7737.4
1748210838105.0,7733.2,7737.2
1748210838321.0,7732.8,7736.8
1748210838545.0,7732.1,7736.1
1748210838877.0,7732.0,7736.0
1748210838975.0,7731.8,7735.8
1748210839349.0,7731.7,7735.7
1748210839732.0,7731.9,7735.9
1748210839952.0,7732.5,7736.5
1748210841129.0,7732.3,7736.3
1748210841853.0,7732.0,7736.0
1748210842087.0,7732.5,7736.5
1748210842299.0,7732.3,7736.3
1748210842526.0,7731.7,7735.7
1748210843054.0,7731.9,7735.9
1748210843265.0,7732.7,7736.7
1748210843893.0,7732.8,7736.8
1748210843992.0,7733.3,7737.3
1748210844148.0,7732.7,7736.7
1748210844339.0,7732.8,7736.8
1748210844440.0,7733.2,7737.2
1748210844586.0,7733.3,7737.3
1748210845047.0,7733.0,7737.0
1748210845575.0,7732.7,7736.7
1748210845778.0,7732.8,7736.8
1748210845879.0,7734.0,7738.0
1748210848159.0,7733.9,7737.9
1748210848448.0,7733.0,7737.0
1748210849142.0,7733.3,7737.3
1748210849531.0,7733.2,7737.2
1748210850261.0,7733.6,7737.6
1748210850746.0,7734.3,7738.3
1748210851050.0,7735.9,7739.9
1748210851209.0,7735.3,7739.3
1748210851429.0,7735.9,7739.9
1748210851656.0,7736.2,7740.2
1748210852004.0,7736.3,7740.3
1748210852230.0,7736.2,7740.2
1748210852453.0,7736.6,7740.6
1748210852657.0,7736.7,7740.7
1748210852914.0,7737.6,7741.6
1748210853141.0,7737.8,7741.8
1748210853364.0,7737.2,7741.2
1748210854069.0,7736.3,7740.3
1748210854458.0,7735.8,7739.8
1748210855829.0,7735.7,7739.7
1748210856052.0,7735.4,7739.4
1748210856300.0,7735.3,7739.3
1748210856525.0,7735.5,7739.5
1748210856996.0,7735.8,7739.8
1748210857218.0,7737.2,7741.2
1748210857447.0,7736.6,7740.6
1748210857785.0,7737.1,7741.1
1748210858478.0,7737.2,7741.2
1748210858693.0,7737.1,7741.1
1748210858917.0,7737.2,7741.2
1748210859152.0,7736.5,7740.5
1748210859510.0,7736.3,7740.3
1748210859954.0,7735.9,7739.9
1748210861345.0,7737.5,7741.5
1748210861681.0,7737.8,7741.8
1748210862638.0,7737.6,7741.6
1748210863156.0,7736.0,7740.0
1748210863768.0,7736.1,7740.1
1748210863865.0,7736.3,7740.3
1748210864292.0,7736.4,7740.4
1748210864391.0,7737.1,7741.1
1748210865287.0,7737.0,7741.0
1748210865529.0,7736.0,7740.0
1748210865757.0,7736.2,7740.2
1748210866058.0,7734.3,7738.3
1748210866889.0,7734.2,7738.2
1748210867117.0,7734.0,7738.0
1748210867954.0,7735.0,7739.0
1748210868289.0,7735.3,7739.3
1748210869250.0,7735.8,7739.8
1748210869462.0,7736.0,7740.0
1748210869685.0,7735.8,7739.8
1748210870393.0,7735.7,7739.7
1748210870633.0,7735.2,7739.2
1748210870858.0,7735.9,7739.9
1748210871316.0,7735.8,7739.8
1748210871527.0,7736.3,7740.3
1748210872453.0,7736.6,7740.6
1748210873483.0,7736.5,7740.5
1748210873696.0,7735.8,7739.8
1748210873922.0,7736.0,7740.0
1748210874785.0,7735.8,7739.8
1748210875395.0,7736.0,7740.0
1748210875681.0,7736.5,7740.5
1748210875977.0,7736.3,7740.3
1748210876219.0,7736.5,7740.5
1748210876430.0,7736.6,7740.6
1748210876637.0,7736.7,7740.7
1748210876880.0,7737.6,7741.6
1748210877460.0,7737.7,7741.7
1748210877557.0,7738.6,7742.6
1748210877783.0,7738.8,7742.8
1748210877928.0,7739.5,7743.5
1748210878494.0,7739.7,7743.7
1748210879018.0,7739.5,7743.5
1748210879670.0,7739.7,7743.7
1748210879976.0,7738.4,7742.4
1748210880351.0,7737.6,7741.6
1748210880642.0,7737.8,7741.8
1748210880868.0,7737.6,7741.6
1748210881592.0,7739.9,7743.9
1748210881941.0,7739.6,7743.6
1748210882165.0,7738.7,7742.7
1748210882265.0,7739.7,7743.7
1748210882410.0,7739.9,7743.9
1748210882829.0,7740.0,7744.0
1748210882929.0,7740.1,7744.1
1748210883086.0,7741.7,7745.7
1748210883301.0,7740.7,7744.7
1748210884032.0,7742.0,7746.0
1748210884250.0,7741.7,7745.7
1748210884627.0,7742.0,7746.0
1748210885089.0,7742.3,7746.3
1748210885301.0,7743.3,7747.3
1748210885700.0,7742.7,7746.7
1748210885924.0,7742.5,7746.5
1748210886229.0,7744.9,7748.9
1748210886376.0,7745.3,7749.3
1748210886767.0,7743.9,7747.9
1748210886990.0,7743.8,7747.8
1748210887275.0,7743.0,7747.0
1748210887503.0,7745.4,7749.4
1748210887891.0,7743.3,7747.3
1748210888118.0,7744.6,7748.6
1748210888343.0,7745.6,7749.6
1748210888566.0,7747.2,7751.2
1748210888854.0,7750.9,7754.9
1748210889017.0,7751.5,7755.5
1748210889465.0,7752.4,7756.4
1748210889689.0,7752.5,7756.5
1748210889973.0,7750.9,7754.9
1748210890278.0,7751.9,7755.9
1748210890428.0,7751.2,7755.2
1748210890649.0,7750.5,7754.5
1748210890873.0,7750.2,7754.2
1748210891201.0,7750.4,7754.4
1748210891398.0,7750.3,7754.3
1748210891641.0,7746.3,7750.3
1748210892274.0,7745.7,7749.7
1748210892518.0,7744.6,7748.6
1748210893304.0,7744.7,7748.7
1748210893516.0,7744.6,7748.6
1748210893741.0,7744.0,7748.0
1748210894045.0,7745.0,7749.0
1748210894198.0,7745.3,7749.3
1748210894494.0,7747.9,7751.9
1748210894641.0,7745.8,7749.8
1748210894867.0,7746.9,7750.9
1748210895103.0,7745.9,7749.9
1748210895316.0,7745.8,7749.8
1748210895540.0,7745.9,7749.9
1748210895933.0,7745.6,7749.6
1748210896174.0,7746.8,7750.8
1748210896534.0,7746.9,7750.9
1748210896758.0,7747.3,7751.3
1748210896985.0,7746.5,7750.5
1748210897222.0,7745.8,7749.8
1748210897513.0,7745.6,7749.6
1748210897660.0,7745.8,7749.8
1748210897884.0,7745.9,7749.9
1748210898123.0,7746.2,7750.2
1748210898380.0,7746.9,7750.9
1748210898607.0,7746.5,7750.5
1748210898833.0,7746.9,7750.9
1748210899069.0,7746.3,7750.3
1748210899488.0,7746.1,7750.1
1748210899587.0,7746.3,7750.3
1748210899732.0,7746.0,7750.0
1748210900037.0,7746.3,7750.3
1748210900193.0,7746.2,7750.2
1748210900582.0,7745.9,7749.9
1748210901275.0,7743.6,7747.6
1748210901427.0,7743.9,7747.9
1748210901625.0,7743.8,7747.8
1748210901724.0,7743.0,7747.0
1748210901879.0,7742.9,7746.9
1748210902077.0,7742.8,7746.8
1748210902328.0,7742.9,7746.9
1748210902624.0,7742.6,7746.6
1748210902779.0,7743.4,7747.4
1748210903002.0,7743.6,7747.6
1748210903226.0,7743.7,7747.7
1748210903453.0,7742.9,7746.9
1748210903903.0,7743.6,7747.6
1748210904233.0,7743.9,7747.9
1748210904444.0,7743.7,7747.7
1748210904670.0,7743.3,7747.3
1748210905126.0,7742.7,7746.7
1748210905336.0,7742.9,7746.9
1748210905713.0,7743.0,7747.0
1748210905939.0,7742.7,7746.7
1748210906175.0,7743.4,7747.4
1748210906389.0,7743.6,7747.6
1748210906613.0,7743.9,7747.9
1748210906839.0,7743.7,7747.7
1748210907074.0,7744.0,7748.0
1748210907289.0,7744.6,7748.6
1748210908935.0,7744.7,7748.7
1748210909549.0,7745.2,7749.2
1748210909792.0,7745.3,7749.3
1748210910018.0,7745.8,7749.8
1748210910222.0,7745.7,7749.7
1748210910469.0,7745.9,7749.9
1748210910693.0,7745.6,7749.6
1748210911149.0,7745.3,7749.3
1748210911362.0,7745.8,7749.8
1748210911666.0,7745.2,7749.2
1748210911812.0,7744.7,7748.7
1748210912620.0,7744.6,7748.6
1748210912837.0,7744.0,7748.0
1748210913368.0,7744.4,7748.4
1748210913561.0,7744.5,7748.5
1748210913659.0,7744.9,7748.9
1748210913806.0,7745.2,7749.2
1748210914289.0,7745.9,7749.9
1748210914501.0,7745.2,7749.2
1748210914726.0,7745.6,7749.6
1748210915146.0,7745.8,7749.8
1748210915438.0,7745.3,7749.3
1748210915585.0,7745.6,7749.6
1748210915808.0,7745.8,7749.8
1748210916112.0,7745.3,7749.3
1748210916259.0,7744.9,7748.9
1748210916663.0,7744.6,7748.6
1748210916887.0,7744.4,7748.4
1748210917626.0,7744.6,7748.6
1748210917979.0,7744.2,7748.2
1748210919539.0,7743.9,7747.9
1748210919774.0,7744.0,7748.0
1748210920184.0,7744.2,7748.2
1748210920476.0,7743.6,7747.6
1748210920622.0,7743.7,7747.7
1748210921066.0,7743.9,7747.9
1748210921483.0,7743.7,7747.7
1748210921705.0,7742.9,7746.9
1748210921913.0,7742.8,7746.8
1748210922011.0,7742.6,7746.6
1748210922534.0,7742.7,7746.7
1748210922747.0,7742.1,7746.1
1748210923133.0,7741.7,7745.7
1748210924423.0,7741.3,7745.3
1748210924635.0,7741.4,7745.4
1748210924860.0,7741.3,7745.3
1748210925226.0,7741.6,7745.6
1748210925449.0,7742.6,7746.6
1748210925643.0,7742.5,7746.5
1748210925743.0,7741.6,7745.6
1748210925898.0,7741.8,7745.8
1748210926127.0,7741.7,7745.7
1748210926432.0,7741.8,7745.8
1748210926735.0,7742.4,7746.4
1748210927609.0,7741.6,7745.6
1748210927797.0,7741.8,7745.8
1748210928058.0,7747.2,7751.2
1748210928970.0,7747.1,7751.1
1748210929196.0,7747.2,7751.2
1748210929721.0,7746.9,7750.9
1748210929947.0,7746.8,7750.8
1748210930184.0,7747.3,7751.3
1748210930398.0,7747.2,7751.2
1748210930823.0,7747.5,7751.5
1748210931060.0,7747.0,7751.0
1748210931923.0,7745.9,7749.9
1748210932129.0,7745.8,7749.8
1748210932228.0,7744.7,7748.7
1748210932375.0,7744.6,7748.6
1748210932599.0,7745.7,7749.7
1748210932806.0,7745.8,7749.8
1748210933063.0,7746.2,7750.2
1748210933274.0,7745.7,7749.7
1748210933498.0,7745.2,7749.2
1748210933812.0,7747.0,7751.0
1748210936034.0,7746.3,7750.3
1748210936466.0,7746.1,7750.1
1748210936676.0,7745.8,7749.8
1748210936901.0,7745.5,7749.5
1748210937456.0,7745.4,7749.4
1748210937554.0,7743.3,7747.3
1748210938298.0,7742.6,7746.6
1748210939489.0,7742.7,7746.7
1748210939702.0,7742.5,7746.5
1748210940572.0,7742.6,7746.6
1748210941925.0,7742.3,7746.3
1748210942150.0,7742.0,7746.0
1748210942885.0,7741.6,7745.6
1748210943117.0,7741.0,7745.0
1748210943334.0,7740.1,7744.1
1748210943558.0,7739.9,7743.9
1748210943782.0,7740.0,7744.0
1748210944009.0,7740.1,7744.1
1748210944234.0,7739.7,7743.7
1748210945076.0,7740.3,7744.3
1748210945290.0,7740.0,7744.0
1748210945680.0,7741.4,7745.4
1748210945904.0,7741.2,7745.2
1748210947668.0,7741.1,7745.1
1748210947767.0,7741.0,7745.0
1748210947914.0,7740.3,7744.3
1748210948338.0,7740.9,7744.9
1748210948734.0,7740.8,7744.8
1748210948833.0,7739.3,7743.3
1748210949976.0,7739.1,7743.1
1748210950201.0,7739.7,7743.7
1748210950415.0,7739.9,7743.9
1748210951622.0,7740.0,7744.0
1748210952219.0,7739.9,7743.9
1748210952511.0,7739.0,7743.0
1748210952658.0,7739.3,7743.3
1748210952884.0,7741.6,7745.6
1748210953596.0,7741.3,7745.3
1748210953803.0,7740.6,7744.6
1748210954301.0,7741.0,7745.0
1748210955887.0,7740.4,7744.4
1748210956109.0,7740.3,7744.3
1748210956842.0,7740.1,7744.1
1748210957079.0,7739.1,7743.1
1748210957430.0,7739.0,7743.0
1748210957653.0,7738.7,7742.7
1748210958538.0,7738.5,7742.5
1748210958749.0,7738.3,7742.3
1748210958973.0,7738.7,7742.7
1748210959539.0,7738.3,7742.3
1748210959831.0,7737.8,7741.8
1748210960166.0,7738.1,7742.1
1748210960378.0,7738.3,7742.3
1748210960685.0,7737.8,7741.8
1748210960830.0,7737.7,7741.7
1748210961066.0,7737.4,7741.4
1748210961874.0,7737.7,7741.7
1748210962111.0,7737.4,7741.4
1748210962324.0,7737.1,7741.1
1748210962784.0,7737.2,7741.2
1748210963042.0,7738.0,7742.0
1748210963254.0,7738.7,7742.7
1748210964681.0,7740.3,7744.3
1748210965768.0,7740.6,7744.6
1748210965982.0,7741.0,7745.0
1748210966410.0,7741.1,7745.1
1748210966509.0,7741.3,7745.3
1748210966807.0,7741.1,7745.1
1748210967044.0,7741.3,7745.3
1748210967617.0,7741.1,7745.1
1748210968139.0,7741.3,7745.3
1748210968351.0,7741.4,7745.4
1748210968577.0,7741.1,7745.1
1748210969733.0,7741.3,7745.3
1748210970357.0,7741.4,7745.4
1748210970746.0,7740.8,7744.8
1748210970970.0,7741.1,7745.1
1748210971204.0,7740.7,7744.7
1748210971419.0,7740.5,7744.5
1748210973295.0,7740.2,7744.2
1748210974677.0,7740.3,7744.3
1748210974775.0,7742.4,7746.4
1748210975116.0,7742.6,7746.6
1748210975330.0,7743.6,7747.6
1748210975554.0,7743.9,7747.9
1748210975779.0,7744.4,7748.4
1748210976085.0,7746.3,7750.3
1748210976234.0,7746.5,7750.5
1748210976457.0,7746.9,7750.9
1748210976679.0,7747.2,7751.2
1748210977150.0,7746.9,7750.9
1748210977363.0,7747.2,7751.2
1748210977504.0,7747.1,7751.1
1748210977892.0,7747.0,7751.0
1748210979058.0,7747.1,7751.1
1748210979773.0,7747.0,7751.0
1748210980094.0,7747.1,7751.1
1748210980307.0,7746.7,7750.7
1748210980533.0,7746.2,7750.2
1748210981081.0,7746.1,7750.1
1748210981512.0,7746.0,7750.0
1748210981632.0,7745.9,7749.9
1748210982140.0,7744.3,7748.3
1748210982687.0,7744.8,7748.8
1748210983101.0,7745.0,7749.0
1748210983312.0,7745.4,7749.4
1748210983555.0,7745.6,7749.6
1748210983781.0,7745.1,7749.1
1748210984008.0,7744.5,7748.5
1748210984234.0,7744.4,7748.4
1748210984560.0,7744.8,7748.8
1748210984879.0,7744.5,7748.5
1748210985084.0,7744.6,7748.6
1748210985184.0,7744.8,7748.8
1748210985409.0,7744.5,7748.5
1748210985616.0,7744.6,7748.6
1748210985715.0,7745.4,7749.4
1748210986012.0,7744.8,7748.8
1748210986236.0,7743.4,7747.4
1748210987104.0,7743.7,7747.7
1748210987554.0,7744.4,7748.4
1748210987954.0,7744.0,7748.0
1748210988905.0,7744.3,7748.3
1748210989129.0,7744.0,7748.0
1748210989802.0,7744.7,7748.7
1748210990033.0,7744.4,7748.4
1748210990254.0,7744.3,7748.3
1748210990581.0,7744.0,7748.0
1748210990978.0,7743.7,7747.7
1748210991215.0,7743.8,7747.8
1748210991429.0,7744.0,7748.0
1748210992002.0,7744.4,7748.4
1748210992230.0,7744.5,7748.5
1748210992431.0,7744.6,7748.6
1748210992529.0,7744.7,7748.7
1748210993335.0,7745.0,7749.0
1748210994318.0,7746.7,7750.7
1748210994530.0,7746.3,7750.3
1748210995916.0,7746.1,7750.1
1748210996141.0,7745.6,7749.6
1748210997509.0,7745.0,7749.0
1748210997744.0,7745.1,7749.1
1748210997967.0,7745.4,7749.4
1748210998205.0,7745.7,7749.7
1748210998418.0,7745.9,7749.9
1748210998624.0,7745.8,7749.8
1748210998724.0,7745.7,7749.7
1748211000047.0,7745.0,7749.0
1748211000258.0,7745.4,7749.4
1748211000486.0,7746.3,7750.3
1748211001137.0,7745.9,7749.9
1748211001428.0,7744.8,7748.8
1748211001574.0,7744.4,7748.4
1748211002267.0,7744.5,7748.5
1748211002478.0,7744.4,7748.4
1748211002703.0,7744.7,7748.7
1748211002929.0,7744.0,7748.0
1748211003349.0,7743.8,7747.8
1748211003561.0,7744.0,7748.0
1748211003786.0,7745.0,7749.0
1748211004662.0,7745.1,7749.1
1748211004875.0,7745.4,7749.4
1748211007548.0,7746.1,7750.1
1748211008181.0,7746.2,7750.2
1748211008277.0,7747.3,7751.3
1748211008424.0,7747.7,7751.7
1748211008648.0,7748.0,7752.0
1748211008872.0,7748.6,7752.6
1748211009108.0,7749.2,7753.2
1748211009325.0,7749.0,7753.0
1748211009896.0,7748.6,7752.6
1748211010131.0,7748.0,7752.0
1748211010344.0,7748.3,7752.3
1748211010569.0,7748.2,7752.2
1748211010794.0,7748.0,7752.0
1748211011020.0,7747.7,7751.7
1748211012255.0,7746.9,7750.9
1748211012898.0,7747.0,7751.0
1748211014049.0,7747.1,7751.1
1748211014265.0,7746.9,7750.9
1748211015449.0,7747.0,7751.0
1748211015837.0,7745.6,7749.6
1748211016788.0,7745.5,7749.5
1748211016887.0,7745.0,7749.0
1748211017260.0,7744.8,7748.8
1748211017474.0,7744.7,7748.7
1748211017697.0,7745.6,7749.6
1748211017899.0,7745.5,7749.5
1748211017999.0,7745.0,7749.0
1748211018486.0,7744.7,7748.7
1748211018699.0,7745.7,7749.7
1748211018924.0,7745.4,7749.4
1748211019464.0,7745.6,7749.6
1748211019680.0,7746.1,7750.1
1748211019905.0,7746.0,7750.0
1748211020356.0,7746.3,7750.3
1748211020575.0,7746.0,7750.0
1748211020798.0,7746.3,7750.3
1748211021476.0,7746.7,7750.7
1748211022151.0,7747.0,7751.0
1748211022431.0,7746.9,7750.9
1748211022635.0,7746.8,7750.8
1748211022735.0,7746.7,7750.7
1748211022881.0,7746.3,7750.3
1748211023685.0,7745.7,7749.7
1748211024679.0,7745.1,7749.1
1748211024892.0,7745.7,7749.7
1748211026868.0,7745.4,7749.4
1748211027094.0,7745.8,7749.8
1748211027305.0,7745.6,7749.6
1748211027614.0,7745.5,7749.5
1748211027715.0,7745.4,7749.4
1748211027859.0,7744.8,7748.8
1748211028313.0,7744.7,7748.7
1748211028700.0,7744.4,7748.4
1748211029634.0,7744.5,7748.5
1748211029849.0,7744.7,7748.7
1748211031173.0,7744.8,7748.8
1748211031386.0,7744.4,7748.4
1748211031791.0,7744.5,7748.5
1748211032016.0,7744.7,7748.7
1748211032524.0,7744.0,7748.0
1748211033536.0,7743.5,7747.5
1748211033682.0,7743.7,7747.7
1748211034868.0,7743.6,7747.6
1748211034967.0,7742.8,7746.8
1748211035900.0,7743.4,7747.4
1748211036121.0,7743.1,7747.1
1748211036338.0,7742.7,7746.7
1748211036963.0,7742.1,7746.1
1748211037119.0,7742.7,7746.7
1748211037647.0,7742.1,7746.1
1748211038604.0,7742.2,7746.2
1748211038817.0,7742.4,7746.4
1748211040012.0,7742.5,7746.5
1748211040229.0,7742.4,7746.4
1748211040712.0,7743.1,7747.1
1748211041190.0,7742.8,7746.8
1748211041403.0,7742.5,7746.5
1748211041787.0,7742.7,7746.7
1748211043227.0,7742.6,7746.6
1748211043471.0,7742.5,7746.5
1748211044081.0,7742.7,7746.7
1748211044370.0,7742.4,7746.4
1748211044516.0,7742.5,7746.5
1748211045075.0,7743.1,7747.1
1748211045287.0,7742.7,7746.7
1748211045511.0,7744.0,7748.0
1748211045738.0,7744.4,7748.4
1748211046075.0,7744.7,7748.7
1748211046623.0,7746.1,7750.1
1748211046849.0,7745.8,7749.8
1748211047087.0,7745.7,7749.7
1748211047756.0,7745.6,7749.6
1748211048422.0,7745.0,7749.0
1748211048596.0,7744.9,7748.9
1748211049060.0,7744.7,7748.7
1748211049271.0,7744.5,7748.5
1748211050105.0,7744.3,7748.3
1748211050495.0,7743.6,7747.6
1748211050920.0,7743.0,7747.0
1748211052188.0,7742.6,7746.6
1748211052785.0,7742.4,7746.4
1748211053008.0,7742.6,7746.6
1748211054209.0,7742.3,7746.3
1748211054629.0,7742.1,7746.1
1748211054855.0,7742.0,7746.0
1748211055090.0,7742.1,7746.1
1748211055382.0,7742.3,7746.3
1748211055652.0,7742.0,7746.0
1748211056200.0,7742.1,7746.1
1748211056411.0,7742.0,7746.0
1748211056823.0,7742.1,7746.1
1748211057031.0,7742.2,7746.2
1748211057128.0,7742.6,7746.6
1748211058486.0,7742.5,7746.5
1748211058585.0,7741.1,7745.1
1748211059169.0,7741.0,7745.0
1748211060133.0,7740.9,7744.9
1748211060346.0,7741.0,7745.0
1748211061658.0,7740.9,7744.9
1748211062059.0,7741.0,7745.0
1748211063220.0,7740.3,7744.3
1748211064546.0,7740.4,7744.4
1748211064760.0,7740.3,7744.3
1748211065272.0,7739.8,7743.8
1748211065700.0,7739.7,7743.7
1748211066846.0,7739.0,7743.0
1748211067299.0,7739.1,7743.1
1748211067614.0,7738.9,7742.9
1748211067716.0,7739.0,7743.0
1748211067817.0,7739.5,7743.5
1748211068126.0,7739.8,7743.8
1748211068341.0,7740.0,7744.0
1748211068567.0,7739.8,7743.8
1748211068976.0,7740.0,7744.0
1748211070135.0,7739.2,7743.2
1748211070530.0,7739.1,7743.1
1748211070752.0,7739.7,7743.7
1748211070977.0,7739.5,7743.5
1748211071215.0,7739.2,7743.2
1748211071407.0,7739.3,7743.3
1748211071508.0,7739.8,7743.8
1748211071653.0,7739.2,7743.2
1748211071925.0,7739.5,7743.5
1748211072935.0,7739.1,7743.1
1748211073164.0,7740.0,7744.0
1748211073814.0,7739.8,7743.8
1748211074228.0,7739.2,7743.2
1748211074847.0,7739.1,7743.1
1748211075082.0,7739.5,7743.5
1748211075296.0,7739.7,7743.7
1748211075521.0,7739.5,7743.5
1748211076662.0,7739.7,7743.7
1748211076879.0,7739.2,7743.2
1748211077682.0,7738.8,7742.8
1748211077905.0,7738.9,7742.9
1748211080106.0,7738.7,7742.7
1748211080652.0,7738.6,7742.6
1748211081449.0,7738.5,7742.5
1748211083129.0,7739.0,7743.0
1748211083335.0,7738.6,7742.6
1748211083943.0,7738.8,7742.8
1748211084045.0,7738.9,7742.9
1748211084472.0,7738.7,7742.7
1748211085160.0,7739.0,7743.0
1748211085306.0,7738.6,7742.6
1748211086446.0,7738.5,7742.5
1748211086638.0,7738.4,7742.4
1748211086738.0,7738.0,7742.0
1748211086885.0,7738.2,7742.2
1748211087680.0,7738.5,7742.5
1748211087894.0,7738.6,7742.6
1748211088132.0,7738.2,7742.2
1748211089718.0,7738.5,7742.5
1748211089930.0,7738.6,7742.6
1748211090702.0,7738.5,7742.5
1748211091493.0,7738.4,7742.4
1748211091590.0,7737.6,7741.6
1748211092335.0,7737.7,7741.7
1748211092562.0,7737.4,7741.4
1748211092786.0,7737.3,7741.3
1748211094468.0,7737.5,7741.5
1748211094714.0,7737.7,7741.7
1748211094940.0,7737.9,7741.9
1748211095176.0,7737.6,7741.6
1748211095691.0,7737.9,7741.9
1748211096846.0,7738.0,7742.0
1748211097068.0,7738.2,7742.2
1748211097280.0,7738.7,7742.7
1748211097629.0,7738.6,7742.6
1748211099158.0,7738.7,7742.7
1748211100212.0,7738.9,7742.9
1748211101317.0,7739.9,7743.9
1748211102529.0,7739.8,7743.8
1748211102741.0,7739.9,7743.9
1748211103758.0,7740.1,7744.1
1748211104129.0,7740.0,7744.0
1748211104229.0,7739.8,7743.8
1748211104799.0,7739.9,7743.9
1748211105490.0,7739.8,7743.8
1748211106202.0,7739.0,7743.0
1748211106346.0,7738.9,7742.9
1748211107893.0,7739.0,7743.0
1748211108540.0,7738.6,7742.6
1748211108752.0,7738.2,7742.2
1748211109184.0,7738.6,7742.6
1748211110212.0,7738.7,7742.7
1748211110404.0,7738.8,7742.8
1748211110503.0,7738.9,7742.9
1748211112649.0,7738.7,7742.7
1748211113689.0,7738.8,7742.8
1748211113788.0,7739.0,7743.0
1748211113933.0,7738.9,7742.9
1748211114756.0,7738.5,7742.5
1748211117406.0,7738.2,7742.2
1748211118206.0,7738.9,7742.9
1748211119472.0,7738.7,7742.7
1748211119861.0,7737.6,7741.6
1748211120382.0,7737.7,7741.7
1748211122253.0,7737.9,7741.9
1748211123107.0,7737.0,7741.0
1748211123855.0,7737.3,7741.3
1748211125366.0,7737.4,7741.4
1748211125818.0,7737.3,7741.3
1748211126025.0,7737.4,7741.4
1748211126124.0,7740.1,7744.1
1748211126270.0,7741.2,7745.2
1748211126659.0,7741.4,7745.4
1748211126884.0,7741.9,7745.9
1748211127732.0,7742.1,7746.1
1748211128133.0,7742.4,7746.4
1748211128346.0,7742.1,7746.1
1748211128924.0,7741.9,7745.9
1748211129791.0,7741.8,7745.8
1748211130005.0,7741.5,7745.5
1748211134201.0,7740.9,7744.9
1748211134410.0,7740.8,7744.8
1748211135097.0,7740.9,7744.9
1748211136454.0,7741.1,7745.1
1748211139006.0,7740.5,7744.5
1748211139164.0,7741.9,7745.9
1748211139379.0,7742.1,7746.1
1748211139604.0,7742.2,7746.2
1748211139857.0,7742.4,7746.4
1748211140096.0,7742.1,7746.1
1748211140610.0,7741.9,7745.9
1748211141802.0,7741.8,7745.8
1748211142014.0,7741.5,7745.5
1748211142239.0,7741.4,7745.4
1748211142464.0,7741.5,7745.5
1748211142859.0,7741.8,7745.8
1748211144226.0,7742.2,7746.2
1748211144662.0,7742.1,7746.1
1748211144886.0,7742.2,7746.2
1748211145592.0,7742.1,7746.1
1748211145804.0,7741.9,7745.9
1748211146629.0,7742.1,7746.1
1748211146841.0,7741.9,7745.9
1748211147919.0,7742.4,7746.4
1748211149282.0,7742.3,7746.3
1748211149383.0,7741.9,7745.9
1748211149985.0,7741.8,7745.8
1748211151122.0,7741.9,7745.9
1748211151995.0,7741.8,7745.8
1748211152231.0,7741.1,7745.1
1748211153731.0,7741.5,7745.5
1748211153942.0,7741.3,7745.3
1748211154601.0,7741.4,7745.4
1748211154867.0,7741.5,7745.5
1748211155390.0,7741.8,7745.8
1748211156765.0,7741.9,7745.9
1748211157512.0,7742.1,7746.1
1748211158427.0,7742.4,7746.4
1748211158639.0,7744.1,7748.1
1748211158943.0,7748.1,7752.1
1748211159167.0,7748.7,7752.7
1748211159312.0,7747.9,7751.9
1748211159538.0,7748.0,7752.0
1748211160203.0,7747.1,7751.1
1748211160492.0,7747.9,7751.9
1748211160617.0,7747.8,7751.8
1748211160717.0,7747.6,7751.6
1748211161120.0,7747.0,7751.0
1748211161267.0,7747.6,7751.6
1748211162177.0,7747.7,7751.7
1748211162390.0,7747.4,7751.4
1748211162614.0,7746.8,7750.8
1748211162916.0,7747.6,7751.6
1748211163142.0,7747.1,7751.1
1748211163289.0,7746.8,7750.8
1748211164839.0,7747.1,7751.1
1748211165540.0,7746.8,7750.8
1748211166084.0,7746.4,7750.4
1748211166296.0,7746.7,7750.7
1748211166520.0,7746.4,7750.4
1748211166929.0,7745.8,7749.8
1748211167164.0,7746.4,7750.4
1748211167989.0,7746.1,7750.1
1748211169723.0,7746.0,7750.0
1748211170017.0,7745.2,7749.2
1748211170143.0,7745.3,7749.3
1748211170242.0,7746.0,7750.0
1748211170569.0,7745.5,7749.5
1748211170793.0,7745.8,7749.8
1748211171183.0,7745.7,7749.7
1748211171395.0,7745.4,7749.4
1748211171892.0,7745.8,7749.8
1748211172508.0,7746.0,7750.0
1748211172725.0,7746.1,7750.1
1748211173505.0,7746.5,7750.5
1748211174984.0,7746.6,7750.6
1748211175082.0,7747.4,7751.4
1748211175227.0,7746.8,7750.8
1748211176008.0,7746.7,7750.7
1748211177197.0,7747.1,7751.1
1748211177410.0,7747.0,7751.0
1748211178018.0,7747.4,7751.4
1748211178243.0,7747.0,7751.0
1748211178468.0,7747.1,7751.1
1748211178817.0,7747.8,7751.8
1748211179053.0,7747.7,7751.7
1748211179266.0,7747.5,7751.5
1748211179490.0,7747.7,7751.7
1748211180327.0,7747.8,7751.8
1748211181263.0,7747.5,7751.5
1748211181555.0,7747.8,7751.8
1748211183732.0,7747.7,7751.7
1748211183946.0,7747.8,7751.8
1748211184375.0,7747.6,7751.6
1748211184474.0,7748.8,7752.8
1748211184697.0,7749.4,7753.4
1748211185423.0,7749.3,7753.3
1748211185632.0,7749.1,7753.1
1748211185731.0,7749.2,7753.2
1748211185936.0,7748.7,7752.7
1748211186375.0,7749.2,7753.2
1748211187368.0,7749.7,7753.7
1748211187579.0,7750.2,7754.2
1748211188815.0,7749.9,7753.9
1748211189135.0,7750.0,7754.0
1748211189347.0,7750.2,7754.2
1748211189573.0,7749.9,7753.9
1748211189797.0,7750.0,7754.0
1748211190022.0,7750.2,7754.2
1748211191375.0,7750.3,7754.3
1748211191588.0,7750.2,7754.2
1748211191815.0,7750.5,7754.5
1748211192361.0,7749.9,7753.9
1748211192545.0,7749.7,7753.7
1748211192772.0,7749.0,7753.0
1748211193227.0,7749.2,7753.2
1748211194698.0,7748.9,7752.9
1748211195468.0,7749.0,7753.0
1748211195694.0,7749.4,7753.4
1748211195917.0,7749.3,7753.3
1748211196923.0,7749.1,7753.1
1748211197647.0,7750.6,7754.6
1748211197792.0,7750.3,7754.3
1748211198259.0,7750.9,7754.9
1748211198473.0,7751.2,7755.2
1748211198696.0,7751.0,7755.0
1748211199064.0,7749.9,7753.9
1748211199256.0,7749.8,7753.8
1748211199355.0,7749.1,7753.1
1748211199764.0,7748.9,7752.9
1748211199905.0,7749.0,7753.0
1748211200005.0,7751.2,7755.2
1748211200166.0,7750.6,7754.6
1748211202343.0,7750.8,7754.8
1748211202557.0,7750.6,7754.6
1748211203561.0,7750.3,7754.3
1748211204194.0,7750.6,7754.6
1748211204585.0,7750.2,7754.2
1748211205877.0,7750.1,7754.1
1748211206272.0,7750.2,7754.2
1748211206485.0,7750.3,7754.3
1748211206983.0,7750.6,7754.6
1748211207220.0,7750.8,7754.8
1748211208797.0,7750.6,7754.6
1748211209333.0,7750.2,7754.2
1748211210821.0,7750.6,7754.6
1748211211673.0,7750.2,7754.2
1748211211943.0,7750.3,7754.3
1748211212181.0,7750.2,7754.2
1748211212393.0,7750.1,7754.1
1748211212697.0,7749.9,7753.9
1748211213303.0,7749.5,7753.5
1748211213514.0,7750.8,7754.8
1748211213887.0,7750.3,7754.3
1748211214572.0,7750.6,7754.6
1748211214782.0,7750.8,7754.8
1748211215007.0,7750.6,7754.6
1748211215232.0,7750.3,7754.3
1748211215771.0,7751.0,7755.0
1748211216071.0,7751.5,7755.5
1748211216549.0,7751.3,7755.3
1748211216776.0,7751.4,7755.4
1748211217207.0,7751.5,7755.5
1748211218304.0,7751.7,7755.7
1748211218448.0,7751.4,7755.4
1748211219347.0,7751.7,7755.7
1748211220219.0,7751.8,7755.8
1748211221004.0,7752.0,7756.0
1748211221236.0,7751.8,7755.8
1748211221886.0,7752.0,7756.0
1748211222121.0,7751.8,7755.8
1748211223437.0,7751.7,7755.7
1748211224168.0,7751.8,7755.8
1748211224569.0,7751.7,7755.7
1748211225424.0,7751.5,7755.5
1748211228421.0,7751.7,7755.7
1748211228805.0,7751.5,7755.5
1748211229863.0,7751.7,7755.7
1748211230358.0,7751.5,7755.5
1748211231252.0,7751.4,7755.4
1748211231467.0,7751.0,7755.0
1748211231673.0,7750.9,7754.9
1748211231773.0,7750.8,7754.8
1748211232148.0,7750.7,7754.7
1748211232533.0,7750.5,7754.5
1748211233208.0,7750.3,7754.3
1748211233640.0,7750.4,7754.4
1748211233739.0,7750.5,7754.5
1748211234470.0,7750.9,7754.9
1748211235421.0,7751.2,7755.2
1748211235639.0,7750.9,7754.9
1748211237404.0,7751.2,7755.2
1748211238170.0,7750.9,7754.9
1748211238438.0,7751.2,7755.2
1748211240366.0,7751.0,7755.0
1748211244891.0,7749.7,7753.7
1748211245115.0,7749.2,7753.2
1748211245262.0,7749.4,7753.4
1748211245488.0,7749.2,7753.2
1748211247348.0,7749.5,7753.5
1748211247855.0,7749.7,7753.7
1748211248095.0,7749.5,7753.5
1748211248306.0,7748.6,7752.6
1748211248533.0,7748.5,7752.5
1748211248756.0,7748.6,7752.6
1748211249870.0,7749.1,7753.1
1748211251105.0,7749.5,7753.5
1748211251628.0,7749.4,7753.4
1748211251854.0,7749.5,7753.5
1748211253153.0,7748.5,7752.5
1748211254169.0,7748.1,7752.1
1748211255750.0,7747.8,7751.8
1748211256467.0,7747.3,7751.3
1748211256770.0,7747.1,7751.1
1748211257308.0,7746.9,7750.9
1748211257601.0,7746.8,7750.8
1748211257826.0,7746.9,7750.9
1748211258747.0,7747.1,7751.1
1748211258936.0,7747.0,7751.0
1748211259035.0,7746.8,7750.8
1748211259196.0,7746.9,7750.9
1748211260879.0,7747.0,7751.0
1748211261115.0,7746.8,7750.8
1748211261334.0,7746.9,7750.9
1748211261900.0,7747.6,7751.6
1748211262471.0,7747.8,7751.8
1748211262685.0,7747.6,7751.6
1748211265552.0,7747.5,7751.5
1748211266459.0,7746.9,7750.9
1748211266684.0,7746.8,7750.8
1748211268069.0,7746.7,7750.7
1748211268169.0,7746.5,7750.5
1748211269118.0,7746.6,7750.6
1748211269445.0,7746.8,7750.8
1748211269669.0,7746.9,7750.9
1748211270237.0,7746.8,7750.8
1748211270817.0,7746.7,7750.7
1748211270915.0,7746.2,7750.2
1748211271205.0,7746.0,7750.0
1748211271430.0,7745.7,7749.7
1748211271653.0,7745.5,7749.5
1748211272110.0,7745.4,7749.4
1748211272209.0,7744.6,7748.6
1748211272990.0,7744.4,7748.4
1748211273225.0,7744.6,7748.6
1748211273700.0,7744.7,7748.7
1748211273926.0,7744.9,7748.9
1748211274711.0,7745.0,7749.0
1748211276783.0,7745.3,7749.3
1748211277231.0,7744.7,7748.7
1748211277983.0,7744.9,7748.9
1748211284238.0,7748.5,7752.5
1748211285105.0,7748.8,7752.8
1748211285318.0,7748.5,7752.5
1748211287431.0,7748.3,7752.3
1748211287625.0,7748.4,7752.4
1748211287724.0,7748.5,7752.5
1748211289861.0,7748.8,7752.8
1748211290086.0,7748.5,7752.5
1748211290299.0,7748.2,7752.2
1748211290656.0,7748.1,7752.1
1748211290881.0,7747.9,7751.9
1748211291612.0,7748.1,7752.1
1748211291825.0,7747.9,7751.9
1748211293937.0,7748.1,7752.1
1748211294162.0,7748.5,7752.5
1748211294719.0,7748.8,7752.8
1748211295498.0,7748.3,7752.3
1748211295819.0,7748.0,7752.0
1748211296057.0,7747.9,7751.9
1748211297346.0,7747.8,7751.8
1748211297445.0,7746.6,7750.6
1748211297822.0,7746.7,7750.7
1748211298264.0,7747.3,7751.3
1748211299232.0,7747.4,7751.4
1748211300141.0,7747.6,7751.6
1748211302178.0,7747.7,7751.7
1748211302387.0,7747.4,7751.4
1748211302614.0,7747.1,7751.1
1748211302818.0,7747.2,7751.2
1748211302917.0,7747.4,7751.4
1748211303559.0,7747.7,7751.7
1748211304185.0,7747.9,7751.9
1748211304906.0,7748.2,7752.2
1748211306741.0,7747.9,7751.9
1748211306952.0,7748.8,7752.8
1748211309648.0,7748.9,7752.9
1748211310048.0,7747.6,7751.6
1748211310260.0,7747.5,7751.5
1748211310482.0,7747.3,7751.3
1748211310834.0,7747.4,7751.4
1748211310935.0,7747.9,7751.9
1748211311923.0,7747.6,7751.6
1748211312855.0,7747.2,7751.2
1748211313079.0,7747.8,7751.8
1748211313294.0,7747.9,7751.9
1748211313783.0,7748.1,7752.1
1748211314445.0,7747.9,7751.9
1748211315328.0,7747.8,7751.8
1748211315545.0,7747.3,7751.3
1748211316015.0,7747.2,7751.2
1748211316234.0,7746.6,7750.6
1748211316715.0,7746.2,7750.2
1748211316980.0,7746.3,7750.3
1748211318132.0,7746.5,7750.5
1748211318345.0,7746.3,7750.3
1748211318570.0,7746.2,7750.2
1748211318964.0,7746.3,7750.3
1748211319317.0,7746.2,7750.2
1748211319529.0,7746.5,7750.5
1748211319754.0,7746.8,7750.8
1748211319979.0,7746.6,7750.6
1748211320388.0,7746.8,7750.8
1748211320601.0,7747.3,7751.3
1748211320827.0,7747.5,7751.5
1748211321063.0,7747.6,7751.6
1748211321275.0,7747.5,7751.5
1748211323051.0,7746.9,7750.9
1748211324839.0,7747.2,7751.2
1748211330415.0,7746.9,7750.9
1748211331867.0,7747.2,7751.2
1748211332092.0,7746.8,7750.8
1748211332800.0,7746.6,7750.6
1748211333029.0,7745.3,7749.3
1748211333262.0,7745.2,7749.2
1748211333740.0,7744.4,7748.4
1748211334342.0,7745.0,7749.0
1748211334487.0,7744.3,7748.3
1748211334713.0,7744.2,7748.2
1748211335946.0,7744.3,7748.3
1748211336634.0,7744.2,7748.2
1748211337346.0,7743.9,7747.9
1748211337670.0,7744.0,7748.0
1748211339187.0,7744.2,7748.2
1748211339401.0,7744.4,7748.4
1748211340115.0,7744.5,7748.5
1748211340213.0,7744.6,7748.6
1748211340663.0,7744.7,7748.7
1748211340887.0,7745.0,7749.0
1748211341409.0,7744.7,7748.7
1748211345138.0,7745.0,7749.0
1748211346365.0,7744.7,7748.7
1748211346560.0,7744.8,7748.8
1748211346660.0,7745.2,7749.2
1748211346886.0,7744.4,7748.4
1748211349730.0,7744.2,7748.2
1748211350200.0,7744.7,7748.7
1748211350594.0,7744.4,7748.4
1748211350895.0,7744.6,7748.6
1748211351315.0,7744.4,7748.4
1748211352792.0,7744.3,7748.3
1748211353880.0,7744.4,7748.4
1748211354419.0,7743.1,7747.1
1748211354930.0,7743.0,7747.0
1748211355030.0,7742.9,7746.9
1748211356269.0,7743.9,7747.9
1748211356726.0,7743.6,7747.6
1748211360059.0,7744.2,7748.2
1748211361256.0,7744.1,7748.1
1748211362154.0,7744.2,7748.2
1748211362608.0,7744.1,7748.1
1748211366932.0,7744.6,7748.6
1748211367154.0,7744.3,7748.3
1748211367589.0,7744.4,7748.4
1748211367687.0,7744.8,7748.8
1748211368791.0,7744.6,7748.6
1748211369529.0,7745.2,7749.2
1748211369743.0,7745.3,7749.3
1748211371019.0,7744.9,7748.9
1748211373127.0,7744.7,7748.7
1748211373338.0,7744.6,7748.6
1748211373563.0,7744.9,7748.9
1748211375573.0,7744.7,7748.7
1748211375787.0,7744.9,7748.9
1748211377420.0,7743.6,7747.6
1748211377789.0,7743.4,7747.4
1748211378014.0,7743.6,7747.6
1748211378240.0,7743.4,7747.4
1748211378544.0,7743.9,7747.9
1748211378847.0,7744.2,7748.2
1748211379086.0,7744.6,7748.6
1748211382155.0,7744.7,7748.7
1748211382677.0,7744.8,7748.8
1748211382776.0,7745.0,7749.0
1748211383194.0,7744.9,7748.9
1748211386747.0,7745.0,7749.0
1748211387147.0,7744.7,7748.7
1748211387363.0,7744.9,7748.9
1748211391240.0,7744.7,7748.7
1748211393201.0,7744.8,7748.8
1748211393301.0,7746.5,7750.5
1748211394293.0,7746.2,7750.2
1748211394506.0,7746.0,7750.0
1748211395595.0,7746.2,7750.2
1748211395810.0,7746.5,7750.5
1748211396049.0,7746.8,7750.8
1748211396261.0,7746.5,7750.5
1748211396699.0,7746.2,7750.2
1748211398950.0,7746.0,7750.0
1748211399178.0,7745.8,7749.8
1748211400496.0,7745.7,7749.7
1748211400595.0,7745.3,7749.3
1748211401162.0,7745.5,7749.5
1748211401883.0,7745.8,7749.8
1748211402257.0,7745.7,7749.7
1748211402356.0,7745.5,7749.5
1748211402513.0,7745.8,7749.8
1748211403923.0,7745.7,7749.7
1748211404021.0,7745.5,7749.5
1748211405304.0,7745.9,7749.9
1748211406499.0,7746.0,7750.0
1748211406598.0,7747.8,7751.8
1748211406957.0,7747.7,7751.7
1748211408055.0,7748.4,7752.4
1748211408267.0,7748.1,7752.1
1748211409545.0,7747.5,7751.5
1748211410396.0,7747.8,7751.8
1748211411767.0,7747.5,7751.5
1748211412182.0,7748.1,7752.1
1748211412664.0,7748.2,7752.2
1748211414014.0,7748.1,7752.1
1748211414227.0,7747.5,7751.5
1748211415117.0,7747.7,7751.7
1748211415331.0,7748.1,7752.1
1748211415556.0,7747.8,7751.8
1748211416776.0,7747.7,7751.7
1748211417180.0,7747.5,7751.5
1748211419753.0,7747.4,7751.4
1748211419970.0,7746.9,7750.9
1748211420202.0,7747.4,7751.4
1748211420667.0,7747.2,7751.2
1748211420890.0,7746.9,7750.9
1748211422169.0,7747.1,7751.1
1748211423018.0,7747.2,7751.2
1748211423943.0,7747.4,7751.4
1748211424574.0,7747.5,7751.5
1748211426349.0,7747.4,7751.4
1748211426594.0,7747.5,7751.5
1748211427568.0,7747.4,7751.4
1748211434693.0,7747.2,7751.2
1748211437437.0,7747.4,7751.4
1748211437655.0,7747.2,7751.2
1748211438336.0,7747.7,7751.7
1748211441023.0,7747.6,7751.6
1748211441266.0,7747.5,7751.5
1748211441758.0,7747.7,7751.7
1748211442541.0,7747.5,7751.5
1748211442927.0,7747.4,7751.4
1748211443163.0,7747.5,7751.5
1748211443546.0,7748.7,7752.7
1748211444218.0,7748.4,7752.4
1748211444959.0,7748.7,7752.7
1748211445652.0,7748.8,7752.8
1748211446833.0,7748.4,7752.4
1748211447494.0,7748.2,7752.2
1748211448132.0,7748.4,7752.4
1748211448346.0,7748.2,7752.2
1748211449447.0,7748.5,7752.5
1748211450747.0,7748.7,7752.7
1748211450959.0,7748.4,7752.4
1748211452589.0,7748.5,7752.5
1748211453927.0,7748.4,7752.4
1748211457468.0,7748.1,7752.1
1748211462991.0,7748.2,7752.2
1748211463914.0,7748.1,7752.1
1748211464140.0,7748.4,7752.4
1748211464354.0,7748.5,7752.5
1748211468523.0,7748.4,7752.4
1748211469651.0,7748.1,7752.1
1748211470816.0,7748.4,7752.4
1748211471786.0,7748.7,7752.7
1748211474237.0,7749.1,7753.1
1748211475884.0,7750.0,7754.0
1748211476919.0,7749.8,7753.8
1748211477369.0,7750.2,7754.2
1748211477746.0,7750.0,7754.0
1748211478047.0,7749.7,7753.7
1748211478204.0,7749.8,7753.8
1748211479932.0,7750.2,7754.2
1748211480468.0,7750.3,7754.3
1748211480567.0,7751.0,7755.0
1748211480996.0,7750.7,7754.7
1748211481229.0,7751.0,7755.0
1748211482053.0,7751.1,7755.1
1748211482267.0,7751.0,7755.0
1748211482927.0,7750.8,7754.8
1748211483706.0,7751.0,7755.0
1748211484270.0,7750.8,7754.8
1748211484484.0,7751.0,7755.0
1748211485071.0,7750.7,7754.7
1748211485551.0,7750.8,7754.8
1748211487289.0,7750.4,7754.4
1748211487504.0,7750.7,7754.7
1748211487731.0,7750.4,7754.4
1748211487956.0,7750.0,7754.0
1748211489037.0,7749.7,7753.7
1748211490940.0,7749.7,7753.7
1748211491176.0,7750.4,7754.4
1748211491485.0,7750.2,7754.2
1748211496700.0,7750.4,7754.4
1748211496912.0,7750.2,7754.2
1748211497432.0,7750.5,7754.5
1748211497863.0,7751.0,7755.0
1748211499082.0,7750.8,7754.8
1748211499903.0,7750.7,7754.7
1748211500314.0,7750.8,7754.8
1748211501447.0,7750.7,7754.7
1748211502757.0,7750.0,7754.0
1748211504604.0,7749.7,7753.7
1748211506774.0,7749.6,7753.6
1748211506873.0,7749.4,7753.4
1748211509902.0,7749.1,7753.1
1748211510128.0,7748.5,7752.5
1748211510416.0,7748.6,7752.6
1748211511290.0,7748.4,7752.4
1748211512292.0,7748.5,7752.5
1748211512504.0,7748.6,7752.6
1748211512789.0,7748.7,7752.7
1748211513046.0,7749.1,7753.1
1748211513260.0,7749.4,7753.4
1748211513745.0,7749.2,7753.2
1748211513970.0,7749.1,7753.1
1748211514208.0,7749.2,7753.2
1748211514421.0,7749.1,7753.1
1748211514646.0,7749.2,7753.2
1748211514872.0,7749.4,7753.4
1748211515353.0,7749.2,7753.2
1748211515566.0,7749.4,7753.4
1748211516537.0,7749.2,7753.2
1748211516861.0,7749.1,7753.1
1748211520604.0,7749.2,7753.2
1748211521444.0,7749.4,7753.4
1748211524862.0,7749.1,7753.1
1748211525496.0,7748.8,7752.8
1748211525706.0,7750.0,7754.0
1748211525910.0,7749.9,7753.9
1748211526008.0,7749.5,7753.5
1748211526291.0,7749.1,7753.1
1748211527188.0,7750.0,7754.0
1748211527479.0,7749.8,7753.8
1748211527799.0,7749.5,7753.5
1748211528269.0,7749.4,7753.4
1748211529440.0,7749.5,7753.5
1748211531216.0,7749.4,7753.4
1748211533778.0,7749.7,7753.7
1748211534747.0,7749.5,7753.5
1748211534970.0,7749.2,7753.2
1748211535213.0,7749.4,7753.4
1748211537328.0,7749.5,7753.5
1748211539126.0,7749.7,7753.7
1748211540239.0,7749.6,7753.6
1748211540337.0,7749.2,7753.2
1748211540482.0,7749.1,7753.1
1748211540995.0,7748.5,7752.5
1748211541353.0,7748.4,7752.4
1748211541578.0,7748.2,7752.2
1748211542160.0,7748.4,7752.4
1748211543335.0,7748.2,7752.2
1748211543547.0,7748.4,7752.4
1748211544226.0,7749.1,7753.1
1748211544440.0,7748.8,7752.8
1748211544664.0,7748.7,7752.7
1748211546691.0,7749.1,7753.1
1748211547921.0,7749.5,7753.5
1748211548141.0,7749.4,7753.4
1748211548596.0,7749.2,7753.2
1748211549976.0,7748.8,7752.8
1748211550200.0,7749.1,7753.1
1748211551147.0,7748.7,7752.7
1748211551582.0,7748.6,7752.6
1748211551682.0,7748.4,7752.4
1748211551827.0,7748.2,7752.2
1748211552064.0,7748.4,7752.4
1748211552713.0,7748.7,7752.7
1748211553574.0,7748.8,7752.8
1748211554300.0,7749.1,7753.1
1748211556704.0,7748.7,7752.7
1748211556917.0,7748.8,7752.8
1748211560009.0,7749.1,7753.1
1748211560229.0,7748.8,7752.8
1748211561817.0,7750.4,7754.4
1748211562925.0,7749.8,7753.8
1748211563148.0,7750.2,7754.2
1748211566177.0,7749.9,7753.9
1748211567317.0,7749.4,7753.4
1748211568226.0,7749.6,7753.6
1748211568389.0,7749.7,7753.7
1748211571111.0,7749.8,7753.8
1748211571208.0,7750.6,7754.6
1748211571850.0,7750.2,7754.2
1748211572690.0,7750.5,7754.5
1748211573056.0,7750.3,7754.3
1748211575028.0,7750.2,7754.2
1748211576822.0,7749.9,7753.9
1748211577047.0,7750.2,7754.2
1748211577266.0,7750.3,7754.3
1748211578260.0,7750.7,7754.7
1748211580604.0,7750.6,7754.6
1748211580818.0,7751.3,7755.3
1748211581582.0,7751.5,7755.5
1748211581803.0,7751.3,7755.3
1748211582165.0,7751.5,7755.5
1748211583867.0,7751.3,7755.3
1748211585065.0,7751.5,7755.5
1748211585474.0,7751.6,7755.6
1748211586376.0,7751.5,7755.5
1748211586588.0,7751.3,7755.3
1748211587528.0,7750.9,7754.9
1748211587744.0,7751.3,7755.3
1748211588653.0,7750.6,7754.6
1748211590081.0,7751.0,7755.0
1748211590601.0,7751.5,7755.5
1748211591094.0,7751.6,7755.6
1748211591287.0,7751.8,7755.8
1748211591389.0,7757.0,7761.0
1748211591563.0,7757.4,7761.4
1748211591788.0,7757.7,7761.7
1748211592014.0,7757.3,7761.3
1748211592240.0,7757.4,7761.4
1748211592463.0,7756.7,7760.7
1748211592736.0,7755.4,7759.4
1748211592922.0,7755.2,7759.2
1748211593161.0,7755.4,7759.4
1748211593372.0,7755.1,7759.1
1748211593598.0,7755.4,7759.4
1748211593828.0,7755.1,7759.1
1748211594337.0,7755.2,7759.2
1748211594726.0,7755.1,7759.1
1748211595182.0,7755.5,7759.5
1748211595623.0,7755.4,7759.4
1748211595847.0,7754.9,7758.9
1748211596077.0,7755.1,7759.1
1748211596920.0,7755.2,7759.2
1748211597154.0,7755.7,7759.7
1748211597368.0,7756.1,7760.1
1748211597617.0,7756.2,7760.2
1748211598017.0,7756.1,7760.1
1748211599248.0,7755.5,7759.5
1748211599461.0,7755.7,7759.7
1748211599685.0,7756.1,7760.1
1748211600053.0,7756.2,7760.2
1748211600267.0,7756.4,7760.4
1748211600490.0,7756.1,7760.1
1748211600717.0,7755.7,7759.7
1748211600941.0,7756.0,7760.0
1748211601237.0,7755.9,7759.9
1748211601336.0,7755.7,7759.7
1748211601482.0,7755.5,7759.5
1748211601706.0,7755.4,7759.4
1748211601932.0,7755.5,7759.5
1748211602168.0,7755.7,7759.7
1748211602382.0,7756.0,7760.0
1748211602654.0,7757.5,7761.5
1748211602879.0,7757.1,7761.1
1748211603327.0,7757.0,7761.0
1748211603715.0,7757.1,7761.1
1748211604624.0,7757.4,7761.4
1748211605023.0,7757.5,7761.5
1748211605326.0,7758.4,7762.4
1748211605472.0,7758.3,7762.3
1748211605698.0,7758.4,7762.4
1748211606321.0,7758.0,7762.0
1748211607194.0,7757.8,7761.8
1748211607408.0,7758.0,7762.0
1748211607634.0,7757.8,7761.8
1748211607858.0,7758.0,7762.0
1748211608093.0,7758.3,7762.3
1748211608748.0,7757.8,7761.8
1748211609052.0,7758.4,7762.4
1748211609612.0,7758.0,7762.0
1748211609999.0,7757.8,7761.8
1748211610707.0,7759.0,7763.0
1748211610933.0,7759.3,7763.3
1748211611170.0,7759.4,7763.4
1748211611386.0,7758.6,7762.6
1748211611902.0,7759.0,7763.0
1748211612367.0,7758.4,7762.4
1748211613126.0,7758.6,7762.6
1748211613343.0,7759.0,7763.0
1748211613634.0,7759.3,7763.3
1748211613858.0,7759.4,7763.4
1748211614095.0,7759.6,7763.6
1748211614310.0,7759.3,7763.3
1748211614535.0,7759.4,7763.4
1748211615541.0,7759.0,7763.0
1748211615757.0,7758.6,7762.6
1748211615983.0,7758.3,7762.3
1748211616216.0,7758.9,7762.9
1748211616412.0,7758.8,7762.8
1748211616658.0,7758.7,7762.7
1748211616882.0,7758.4,7762.4
1748211617177.0,7758.9,7762.9
1748211617627.0,7759.7,7763.7
1748211617853.0,7760.0,7764.0
1748211618085.0,7759.6,7763.6
1748211618303.0,7760.0,7764.0
1748211618545.0,7759.9,7763.9
1748211618769.0,7759.7,7763.7
1748211618993.0,7759.6,7763.6
1748211619384.0,7759.7,7763.7
1748211619596.0,7759.6,7763.6
1748211620157.0,7759.4,7763.4
1748211620558.0,7759.6,7763.6
1748211621174.0,7759.7,7763.7
1748211622008.0,7760.0,7764.0
1748211622234.0,7760.2,7764.2
1748211622333.0,7759.9,7763.9
1748211622458.0,7759.8,7763.8
1748211623567.0,7759.8,7763.8
1748211624152.0,7759.6,7763.6
1748211624366.0,7759.5,7763.5
1748211624590.0,7759.2,7763.2
1748211624815.0,7759.6,7763.6
1748211625200.0,7759.0,7763.0
1748211625412.0,7758.8,7762.8
1748211625850.0,7759.0,7763.0
1748211626088.0,7759.3,7763.3
1748211626306.0,7759.5,7763.5
1748211626532.0,7759.3,7763.3
1748211626757.0,7759.5,7763.5
1748211626982.0,7759.6,7763.6
1748211627487.0,7759.5,7763.5
1748211627930.0,7759.6,7763.6
1748211628167.0,7760.2,7764.2
1748211628921.0,7759.9,7763.9
1748211629159.0,7759.6,7763.6
1748211629371.0,7759.5,7763.5
1748211629821.0,7759.5,7763.5
1748211630428.0,7759.3,7763.3
1748211630640.0,7758.8,7762.8
1748211631395.0,7758.7,7762.7
1748211631639.0,7758.8,7762.8
1748211632054.0,7758.7,7762.7
1748211632298.0,7758.3,7762.3
1748211632672.0,7758.2,7762.2
1748211632896.0,7758.3,7762.3
1748211633134.0,7758.5,7762.5
1748211633978.0,7758.3,7762.3
1748211635034.0,7757.5,7761.5
1748211635702.0,7757.6,7761.6
1748211635926.0,7758.0,7762.0
1748211636316.0,7758.6,7762.6
1748211636529.0,7758.3,7762.3
1748211636754.0,7758.5,7762.5
1748211637531.0,7758.3,7762.3
1748211639680.0,7758.5,7762.5
1748211640085.0,7758.3,7762.3
1748211640841.0,7758.5,7762.5
1748211641079.0,7759.2,7763.2
1748211641330.0,7759.0,7763.0
1748211641556.0,7758.8,7762.8
1748211641762.0,7758.7,7762.7
1748211641859.0,7758.6,7762.6
1748211642005.0,7758.8,7762.8
1748211642234.0,7759.0,7763.0
1748211642712.0,7758.6,7762.6
1748211643430.0,7758.5,7762.5
1748211643969.0,7758.6,7762.6
1748211644207.0,7758.8,7762.8
1748211644653.0,7758.7,7762.7
1748211644754.0,7758.6,7762.6
1748211645498.0,7758.8,7762.8
1748211649213.0,7759.0,7763.0
1748211649423.0,7758.6,7762.6
1748211649650.0,7759.0,7763.0
1748211649874.0,7758.8,7762.8
1748211650113.0,7759.0,7763.0
1748211650325.0,7759.2,7763.2
1748211650632.0,7759.3,7763.3
1748211651042.0,7759.0,7763.0
1748211651519.0,7759.2,7763.2
1748211651930.0,7759.0,7763.0
1748211652908.0,7759.2,7763.2
1748211655257.0,7758.7,7762.7
1748211655354.0,7758.6,7762.6
1748211655503.0,7758.5,7762.5
1748211655727.0,7758.6,7762.6
1748211655953.0,7758.3,7762.3
1748211656183.0,7758.2,7762.2
1748211656958.0,7758.0,7762.0
1748211657194.0,7757.7,7761.7
1748211657410.0,7758.0,7762.0
1748211657633.0,7757.7,7761.7
1748211658378.0,7757.6,7761.6
1748211658592.0,7757.0,7761.0
1748211658818.0,7756.7,7760.7
1748211659055.0,7756.1,7760.1
1748211659248.0,7756.2,7760.2
1748211659347.0,7756.3,7760.3
1748211659495.0,7756.4,7760.4
1748211660353.0,7756.1,7760.1
1748211660827.0,7756.3,7760.3
1748211660973.0,7756.4,7760.4
1748211661213.0,7756.0,7760.0
1748211661422.0,7756.1,7760.1
1748211662160.0,7756.3,7760.3
1748211662501.0,7756.7,7760.7
1748211663273.0,7756.9,7760.9
1748211663683.0,7757.0,7761.0
1748211663907.0,7756.9,7760.9
1748211664446.0,7756.3,7760.3
1748211664658.0,7756.0,7760.0
1748211665987.0,7756.1,7760.1
1748211666231.0,7757.5,7761.5
1748211667286.0,7757.4,7761.4
1748211667532.0,7757.2,7761.2
1748211667871.0,7757.0,7761.0
1748211668109.0,7757.2,7761.2
1748211668321.0,7757.0,7761.0
1748211668548.0,7757.5,7761.5
1748211669372.0,7757.3,7761.3
1748211672635.0,7757.5,7761.5
1748211672849.0,7758.2,7762.2
1748211673471.0,7758.0,7762.0
1748211673685.0,7757.0,7761.0
1748211674386.0,7756.9,7760.9
1748211675618.0,7757.0,7761.0
1748211676774.0,7757.1,7761.1
1748211677643.0,7757.2,7761.2
1748211677742.0,7757.3,7761.3
1748211678684.0,7757.1,7761.1
1748211678898.0,7757.0,7761.0
1748211679131.0,7757.1,7761.1
1748211679346.0,7757.0,7761.0
1748211679572.0,7757.4,7761.4
1748211680160.0,7757.6,7761.6
1748211680372.0,7758.6,7762.6
1748211681055.0,7758.5,7762.5
1748211681267.0,7758.6,7762.6
1748211681490.0,7758.7,7762.7
1748211682113.0,7758.6,7762.6
1748211682496.0,7758.7,7762.7
1748211682800.0,7759.2,7763.2
1748211683905.0,7759.0,7763.0
1748211684203.0,7760.3,7764.3
1748211684346.0,7760.5,7764.5
1748211685212.0,7760.3,7764.3
1748211685425.0,7760.5,7764.5
1748211685763.0,7760.3,7764.3
1748211685989.0,7759.9,7763.9
1748211688368.0,7759.5,7763.5
1748211688636.0,7759.3,7763.3
1748211688862.0,7759.5,7763.5
1748211689932.0,7759.3,7763.3
1748211690371.0,7759.3,7763.3
1748211690594.0,7759.8,7763.8
1748211692046.0,7759.9,7763.9
1748211692260.0,7760.6,7764.6
1748211693047.0,7760.3,7764.3
1748211693945.0,7759.8,7763.8
1748211694179.0,7759.9,7763.9
1748211696093.0,7761.5,7765.5
1748211697068.0,7761.7,7765.7
1748211697281.0,7761.5,7765.5
1748211697860.0,7761.4,7765.4
1748211698135.0,7761.5,7765.5
1748211698348.0,7761.8,7765.8
1748211698979.0,7762.0,7766.0
1748211699209.0,7762.3,7766.3
1748211699406.0,7762.2,7766.2
1748211699653.0,7762.1,7766.1
1748211700655.0,7762.0,7766.0
1748211700866.0,7762.3,7766.3
1748211701170.0,7761.7,7765.7
1748211701802.0,7761.1,7765.1
1748211702356.0,7761.0,7765.0
1748211702822.0,7760.5,7764.5
1748211704102.0,7760.4,7764.4
1748211704315.0,7760.2,7764.2
1748211704724.0,7759.9,7763.9
1748211705461.0,7759.6,7763.6
1748211705655.0,7759.7,7763.7
1748211705755.0,7760.2,7764.2
1748211707356.0,7760.4,7764.4
1748211707567.0,7760.5,7764.5
1748211707791.0,7760.8,7764.8
1748211708493.0,7760.7,7764.7
1748211708705.0,7760.4,7764.4
1748211708929.0,7761.7,7765.7
1748211709439.0,7761.4,7765.4
1748211710148.0,7761.0,7765.0
1748211710361.0,7761.1,7765.1
1748211710584.0,7761.4,7765.4
1748211710809.0,7761.7,7765.7
1748211711235.0,7761.5,7765.5
1748211712964.0,7761.7,7765.7
1748211713194.0,7761.5,7765.5
1748211713408.0,7761.1,7765.1
1748211713633.0,7761.4,7765.4
1748211713858.0,7761.1,7765.1
1748211714097.0,7761.5,7765.5
1748211714494.0,7761.4,7765.4
1748211715290.0,7761.5,7765.5
1748211715578.0,7761.4,7765.4
1748211715803.0,7761.5,7765.5
1748211716041.0,7761.0,7765.0
1748211716490.0,7761.4,7765.4
1748211716712.0,7761.0,7765.0
1748211717167.0,7760.8,7764.8
1748211717538.0,7760.2,7764.2
1748211718234.0,7760.7,7764.7
1748211718446.0,7760.5,7764.5
1748211719671.0,7759.8,7763.8
1748211719896.0,7759.6,7763.6
1748211720361.0,7760.8,7764.8
1748211720999.0,7760.7,7764.7
1748211721204.0,7760.6,7764.6
1748211721303.0,7760.2,7764.2
1748211721463.0,7760.4,7764.4
1748211721686.0,7761.1,7765.1
1748211722920.0,7761.4,7765.4
1748211723146.0,7761.0,7765.0
1748211723511.0,7761.8,7765.8
1748211723836.0,7761.7,7765.7
1748211724074.0,7762.3,7766.3
1748211724264.0,7762.2,7766.2
1748211724364.0,7761.8,7765.8
1748211724737.0,7762.8,7766.8
1748211726350.0,7763.0,7767.0
1748211726565.0,7763.8,7767.8
1748211726791.0,7764.0,7768.0
1748211727016.0,7763.8,7767.8
1748211727240.0,7764.0,7768.0
1748211727466.0,7763.8,7767.8
1748211728359.0,7764.0,7768.0
1748211728749.0,7763.8,7767.8
1748211728974.0,7764.0,7768.0
1748211729925.0,7763.4,7767.4
1748211730342.0,7763.7,7767.7
1748211730552.0,7763.8,7767.8
1748211730776.0,7762.7,7766.7
1748211731001.0,7762.8,7766.8
1748211731639.0,7763.0,7767.0
1748211732688.0,7763.3,7767.3
1748211733196.0,7763.8,7767.8
1748211733528.0,7763.7,7767.7
1748211733753.0,7764.0,7768.0
1748211734589.0,7763.1,7767.1
1748211735200.0,7763.0,7767.0
1748211735409.0,7763.3,7767.3
1748211735635.0,7765.3,7769.3
1748211736371.0,7765.1,7769.1
1748211737088.0,7764.9,7768.9
1748211737298.0,7765.1,7769.1
1748211737700.0,7765.3,7769.3
1748211737846.0,7766.4,7770.4
1748211738368.0,7766.5,7770.5
1748211738703.0,7766.3,7770.3
1748211739308.0,7766.5,7770.5
1748211739520.0,7766.3,7770.3
1748211739979.0,7765.7,7769.7
1748211740184.0,7765.8,7769.8
1748211740282.0,7766.5,7770.5
1748211740580.0,7766.6,7770.6
1748211740804.0,7766.7,7770.7
1748211741030.0,7766.6,7770.6
1748211741672.0,7766.3,7770.3
1748211741897.0,7766.2,7770.2
1748211742131.0,7766.0,7770.0
1748211742564.0,7766.2,7770.2
1748211743572.0,7766.0,7770.0
1748211743790.0,7765.8,7769.8
1748211744016.0,7765.6,7769.6
1748211744240.0,7765.8,7769.8
1748211744466.0,7766.0,7770.0
1748211744690.0,7765.8,7769.8
1748211745259.0,7765.6,7769.6
1748211745471.0,7766.2,7770.2
1748211745696.0,7766.0,7770.0
1748211745921.0,7767.4,7771.4
1748211746146.0,7767.6,7771.6
1748211746371.0,7767.4,7771.4
1748211747104.0,7768.5,7772.5
1748211748056.0,7768.6,7772.6
1748211748269.0,7767.9,7771.9
1748211748733.0,7768.0,7772.0
1748211749147.0,7768.2,7772.2
1748211749355.0,7768.0,7772.0
1748211749582.0,7768.2,7772.2
1748211749805.0,7768.0,7772.0
1748211750041.0,7767.9,7771.9
1748211750256.0,7767.7,7771.7
1748211750483.0,7767.9,7771.9
1748211750709.0,7768.0,7772.0
1748211750933.0,7768.2,7772.2
1748211751167.0,7768.0,7772.0
1748211751536.0,7767.9,7771.9
1748211751761.0,7769.2,7773.2
1748211752151.0,7769.1,7773.1
1748211752589.0,7769.2,7773.2
1748211752986.0,7768.9,7772.9
1748211753225.0,7769.2,7773.2
1748211753434.0,7768.8,7772.8
1748211753659.0,7768.5,7772.5
1748211753884.0,7768.9,7772.9
1748211754120.0,7768.8,7772.8
1748211754747.0,7768.5,7772.5
1748211754970.0,7768.8,7772.8
1748211755203.0,7769.1,7773.1
1748211755500.0,7768.9,7772.9
1748211756726.0,7769.2,7773.2
1748211757073.0,7769.3,7773.3
1748211757289.0,7770.7,7774.7
1748211757514.0,7770.6,7774.6
1748211757739.0,7770.5,7774.5
1748211757966.0,7771.0,7775.0
1748211758200.0,7770.7,7774.7
1748211758481.0,7770.6,7774.6
1748211758945.0,7770.7,7774.7
1748211759182.0,7770.4,7774.4
1748211759397.0,7770.3,7774.3
1748211759911.0,7770.5,7774.5
1748211760149.0,7770.7,7774.7
1748211760362.0,7769.2,7773.2
1748211760588.0,7769.3,7773.3
1748211761043.0,7769.2,7773.2
1748211761255.0,7769.4,7773.4
1748211761634.0,7769.0,7773.0
1748211761857.0,7769.6,7773.6
1748211762094.0,7769.3,7773.3
1748211762457.0,7769.4,7773.4
1748211762836.0,7769.5,7773.5
1748211762936.0,7770.0,7774.0
1748211763891.0,7769.9,7773.9
1748211764115.0,7770.2,7774.2
1748211764327.0,7770.0,7774.0
1748211764760.0,7770.2,7774.2
1748211765175.0,7770.0,7774.0
1748211765386.0,7770.2,7774.2
1748211766052.0,7770.0,7774.0
1748211766264.0,7769.4,7773.4
1748211767066.0,7768.6,7772.6
1748211767454.0,7769.2,7773.2
1748211768047.0,7768.6,7772.6
1748211768199.0,7768.4,7772.4
1748211768394.0,7768.5,7772.5
1748211768494.0,7769.2,7773.2
1748211768987.0,7769.0,7773.0
1748211769681.0,7769.2,7773.2
1748211769894.0,7769.4,7773.4
1748211770480.0,7769.6,7773.6
1748211770694.0,7769.4,7773.4
1748211771589.0,7770.3,7774.3
1748211771736.0,7769.9,7773.9
1748211772606.0,7769.6,7773.6
1748211772976.0,7769.9,7773.9
1748211773646.0,7769.6,7773.6
1748211774394.0,7770.4,7774.4
1748211775165.0,7770.5,7774.5
1748211775382.0,7770.8,7774.8
1748211775607.0,7771.1,7775.1
1748211775910.0,7769.3,7773.3
1748211776237.0,7769.6,7773.6
1748211776774.0,7769.9,7773.9
1748211777378.0,7770.1,7774.1
1748211777590.0,7770.6,7774.6
1748211777814.0,7770.5,7774.5
1748211778211.0,7770.6,7774.6
1748211778501.0,7771.1,7775.1
1748211780548.0,7771.5,7775.5
1748211780763.0,7770.8,7774.8
1748211780986.0,7771.4,7775.4
1748211781216.0,7771.2,7775.2
1748211781437.0,7771.4,7775.4
1748211781960.0,7771.5,7775.5
1748211782194.0,7771.2,7775.2
1748211783255.0,7770.8,7774.8
1748211783468.0,7771.1,7775.1
1748211783867.0,7770.8,7774.8
1748211784105.0,7771.1,7775.1
1748211784552.0,7771.2,7775.2
1748211784788.0,7771.1,7775.1
1748211784983.0,7771.2,7775.2
1748211785081.0,7773.8,7777.8
1748211785239.0,7774.0,7778.0
1748211785425.0,7774.1,7778.1
1748211785646.0,7773.8,7777.8
1748211785870.0,7773.5,7777.5
1748211786111.0,7773.2,7777.2
1748211786321.0,7773.6,7777.6
1748211786645.0,7773.5,7777.5
1748211786870.0,7773.2,7777.2
1748211787107.0,7773.1,7777.1
1748211787321.0,7772.9,7776.9
1748211787545.0,7772.6,7776.6
1748211787769.0,7772.5,7776.5
1748211787930.0,7771.5,7775.5
1748211788031.0,7771.3,7775.3
1748211788352.0,7771.5,7775.5
1748211788739.0,7771.1,7775.1
1748211789228.0,7771.6,7775.6
1748211789884.0,7771.9,7775.9
1748211790562.0,7771.8,7775.8
1748211790772.0,7771.9,7775.9
1748211790999.0,7772.1,7776.1
1748211791227.0,7772.5,7776.5
1748211791447.0,7772.6,7776.6
1748211791729.0,7772.7,7776.7
1748211791828.0,7773.1,7777.1
1748211792160.0,7773.2,7777.2
1748211792385.0,7772.6,7776.6
1748211792577.0,7772.7,7776.7
1748211792679.0,7772.9,7776.9
1748211792835.0,7773.1,7777.1
1748211793457.0,7773.2,7777.2
1748211793649.0,7773.3,7777.3
1748211793748.0,7774.5,7778.5
1748211793893.0,7774.4,7778.4
1748211794308.0,7774.5,7778.5
1748211794519.0,7773.9,7777.9
1748211794748.0,7774.1,7778.1
1748211794972.0,7773.8,7777.8
1748211795207.0,7774.1,7778.1
1748211795423.0,7773.8,7777.8
1748211795648.0,7773.6,7777.6
1748211795948.0,7774.1,7778.1
1748211796110.0,7773.9,7777.9
1748211796329.0,7773.4,7777.4
1748211796554.0,7773.2,7777.2
1748211796779.0,7773.4,7777.4
1748211797113.0,7773.8,7777.8
1748211797326.0,7773.9,7777.9
1748211797552.0,7771.6,7775.6
1748211797777.0,7771.9,7775.9
1748211798002.0,7772.1,7776.1
1748211798231.0,7772.2,7776.2
1748211798449.0,7772.1,7776.1
1748211798679.0,7772.5,7776.5
1748211798903.0,7771.9,7775.9
1748211799393.0,7772.1,7776.1
1748211799604.0,7771.6,7775.6
1748211799831.0,7771.1,7775.1
1748211800135.0,7770.5,7774.5
1748211800476.0,7770.3,7774.3
1748211800699.0,7769.0,7773.0
1748211800926.0,7769.3,7773.3
1748211801162.0,7769.2,7773.2
1748211801377.0,7769.3,7773.3
1748211801681.0,7769.5,7773.5
1748211802095.0,7769.8,7773.8
1748211802308.0,7769.9,7773.9
1748211802531.0,7770.3,7774.3
1748211802756.0,7770.6,7774.6
1748211803096.0,7770.8,7774.8
1748211803676.0,7770.6,7774.6
1748211803901.0,7770.5,7774.5
1748211804139.0,7771.1,7775.1
1748211804475.0,7770.9,7774.9
1748211804999.0,7771.1,7775.1
1748211805230.0,7771.3,7775.3
1748211805427.0,7771.4,7775.4
1748211805528.0,7771.5,7775.5
1748211806478.0,7771.6,7775.6
1748211806871.0,7771.3,7775.3
1748211807348.0,7771.5,7775.5
1748211807493.0,7771.8,7775.8
1748211807719.0,7771.9,7775.9
1748211807946.0,7772.1,7776.1
1748211808180.0,7771.8,7775.8
1748211808445.0,7771.9,7775.9
1748211809073.0,7771.8,7775.8
1748211809288.0,7772.2,7776.2
1748211809513.0,7773.1,7777.1
1748211809816.0,7772.3,7776.3
1748211809961.0,7772.6,7776.6
1748211810199.0,7772.3,7776.3
1748211810433.0,7772.6,7776.6
1748211810658.0,7772.3,7776.3
1748211811525.0,7772.2,7776.2
1748211812349.0,7772.0,7776.0
1748211812739.0,7771.9,7775.9
1748211813381.0,7771.8,7775.8
1748211814512.0,7772.0,7776.0
1748211815522.0,7771.8,7775.8
1748211815745.0,7772.0,7776.0
1748211815970.0,7771.9,7775.9
1748211816855.0,7772.0,7776.0
1748211817048.0,7772.1,7776.1
1748211817148.0,7772.3,7776.3
1748211817634.0,7772.8,7776.8
1748211817857.0,7774.4,7778.4
1748211818289.0,7774.6,7778.6
1748211818388.0,7774.5,7778.5
1748211818633.0,7774.4,7778.4
1748211819778.0,7774.5,7778.5
1748211819990.0,7773.9,7777.9
1748211820228.0,7774.5,7778.5
1748211820440.0,7774.1,7778.1
1748211820668.0,7774.5,7778.5
1748211820891.0,7774.4,7778.4
1748211821130.0,7774.2,7778.2
1748211821340.0,7774.5,7778.5
1748211821567.0,7774.2,7778.2
1748211822180.0,7774.1,7778.1
1748211822460.0,7774.6,7778.6
1748211822784.0,7774.7,7778.7
1748211823520.0,7774.8,7778.8
1748211824880.0,7774.7,7778.7
1748211825275.0,7774.8,7778.8
1748211825489.0,7775.0,7779.0
1748211826376.0,7775.1,7779.1
1748211826589.0,7775.0,7779.0
1748211827705.0,7778.0,7782.0
1748211827847.0,7777.7,7781.7
1748211828420.0,7777.0,7781.0
1748211828632.0,7777.3,7781.3
1748211829302.0,7777.2,7781.2
1748211829514.0,7777.0,7781.0
1748211829814.0,7776.9,7780.9
1748211830052.0,7776.7,7780.7
1748211830267.0,7776.6,7780.6
1748211830491.0,7776.7,7780.7
1748211831475.0,7776.8,7780.8
1748211831866.0,7776.4,7780.4
1748211832100.0,7776.7,7780.7
1748211832311.0,7776.4,7780.4
1748211832665.0,7776.8,7780.8
1748211833736.0,7777.3,7781.3
1748211833926.0,7777.2,7781.2
1748211834025.0,7776.8,7780.8
1748211834184.0,7777.0,7781.0
1748211834736.0,7776.8,7780.8
1748211834961.0,7776.2,7780.2
1748211835264.0,7776.4,7780.4
1748211835827.0,7777.0,7781.0
1748211836062.0,7777.1,7781.1
1748211836802.0,7776.8,7780.8
1748211837116.0,7776.7,7780.7
1748211837328.0,7776.4,7780.4
1748211838341.0,7776.2,7780.2
1748211838951.0,7775.5,7779.5
1748211840593.0,7775.2,7779.2
1748211841762.0,7774.5,7778.5
1748211841976.0,7774.8,7778.8
1748211843343.0,7775.2,7779.2
1748211844150.0,7775.3,7779.3
1748211844249.0,7776.0,7780.0
1748211844471.0,7774.8,7778.8
1748211845057.0,7775.1,7779.1
1748211845435.0,7774.9,7778.9
1748211845914.0,7775.1,7779.1
1748211846329.0,7774.8,7778.8
1748211846539.0,7774.9,7778.9
1748211846764.0,7774.8,7778.8
1748211846989.0,7774.7,7778.7
1748211847225.0,7774.8,7778.8
1748211847514.0,7774.7,7778.7
1748211848327.0,7776.7,7780.7
1748211848782.0,7776.6,7780.6
1748211849031.0,7775.1,7779.1
1748211850218.0,7774.9,7778.9
1748211850431.0,7774.8,7778.8
1748211850655.0,7774.6,7778.6
1748211850879.0,7775.1,7779.1
1748211851183.0,7774.6,7778.6
1748211851772.0,7774.8,7778.8
1748211852185.0,7774.9,7778.9
1748211853645.0,7774.8,7778.8
1748211854548.0,7774.6,7778.6
1748211855146.0,7774.3,7778.3
1748211855831.0,7773.8,7777.8
1748211856923.0,7773.6,7777.6
1748211858020.0,7774.5,7778.5
1748211858231.0,7774.3,7778.3
1748211859867.0,7773.9,7777.9
1748211860713.0,7773.4,7777.4
1748211860812.0,7772.3,7776.3
1748211860961.0,7771.3,7775.3
1748211861197.0,7771.7,7775.7
1748211861412.0,7772.2,7776.2
1748211861684.0,7772.0,7776.0
1748211861906.0,7772.2,7776.2
1748211862146.0,7772.0,7776.0
1748211862552.0,7772.5,7776.5
1748211862855.0,7772.0,7776.0
1748211863003.0,7772.2,7776.2
1748211863233.0,7772.0,7776.0
1748211863454.0,7772.3,7776.3
1748211863678.0,7772.5,7776.5
1748211864373.0,7773.2,7777.2
1748211864586.0,7772.9,7776.9
1748211864812.0,7772.6,7776.6
1748211865049.0,7773.2,7777.2
1748211865268.0,7773.3,7777.3
1748211865493.0,7773.5,7777.5
1748211866090.0,7773.4,7777.4
1748211866333.0,7772.7,7776.7
1748211866735.0,7772.9,7776.9
1748211866959.0,7772.6,7776.6
1748211867196.0,7773.2,7777.2
1748211867409.0,7772.7,7776.7
1748211867636.0,7772.9,7776.9
1748211867935.0,7773.1,7777.1
1748211868443.0,7773.3,7777.3
1748211868656.0,7773.4,7777.4
1748211869045.0,7773.6,7777.6
1748211869257.0,7772.9,7776.9
1748211869483.0,7773.1,7777.1
1748211869582.0,7772.5,7776.5
1748211869708.0,7772.2,7776.2
1748211870137.0,7772.1,7776.1
1748211870236.0,7772.5,7776.5
1748211870382.0,7771.9,7775.9
1748211870753.0,7772.0,7776.0
1748211871692.0,7775.4,7779.4
1748211872325.0,7775.1,7779.1
1748211873109.0,7775.4,7779.4
1748211873440.0,7775.5,7779.5
1748211873664.0,7775.4,7779.4
1748211876918.0,7775.1,7779.1
1748211878073.0,7774.9,7778.9
1748211878286.0,7775.4,7779.4
1748211878953.0,7775.1,7779.1
1748211879397.0,7774.9,7778.9
1748211880725.0,7775.4,7779.4
1748211881672.0,7775.7,7779.7
1748211882053.0,7775.5,7779.5
1748211882264.0,7775.2,7779.2
1748211882492.0,7775.4,7779.4
1748211883635.0,7775.0,7779.0
1748211883879.0,7775.2,7779.2
1748211884295.0,7775.5,7779.5
1748211884729.0,7775.9,7779.9
1748211884954.0,7775.6,7779.6
1748211886459.0,7775.5,7779.5
1748211887363.0,7775.3,7779.3
1748211888233.0,7775.5,7779.5
1748211889489.0,7775.4,7779.4
1748211891492.0,7775.3,7779.3
1748211892153.0,7775.4,7779.4
1748211892252.0,7777.6,7781.6
1748211894023.0,7778.2,7782.2
1748211894654.0,7778.1,7782.1
1748211894879.0,7778.2,7782.2
1748211895215.0,7778.4,7782.4
1748211895428.0,7778.5,7782.5
1748211895879.0,7779.4,7783.4
1748211896386.0,7779.5,7783.5
1748211896610.0,7783.8,7787.8
1748211896709.0,7783.1,7787.1
1748211896934.0,7783.9,7787.9
1748211897159.0,7783.4,7787.4
1748211897385.0,7785.3,7789.3
1748211897733.0,7784.0,7788.0
1748211897990.0,7784.7,7788.7
1748211898283.0,7785.0,7789.0
1748211898555.0,7784.8,7788.8
1748211898672.0,7784.5,7788.5
1748211898897.0,7784.3,7788.3
1748211899133.0,7783.9,7787.9
1748211899347.0,7784.3,7788.3
1748211899674.0,7784.0,7788.0
1748211899878.0,7784.1,7788.1
1748211899976.0,7784.2,7788.2
1748211900139.0,7784.3,7788.3
1748211900554.0,7784.8,7788.8
1748211900706.0,7784.5,7788.5
1748211900930.0,7785.5,7789.5
1748211901162.0,7784.9,7788.9
1748211901381.0,7784.3,7788.3
1748211901604.0,7783.8,7787.8
1748211901829.0,7783.6,7787.6
1748211902496.0,7783.6,7787.6
1748211902986.0,7784.3,7788.3
1748211903222.0,7784.2,7788.2
1748211903649.0,7784.3,7788.3
1748211903955.0,7785.2,7789.2
1748211904280.0,7785.4,7789.4
1748211904494.0,7785.9,7789.9
1748211904718.0,7785.1,7789.1
1748211904943.0,7785.6,7789.6
1748211905324.0,7785.5,7789.5
1748211905637.0,7785.3,7789.3
1748211905967.0,7785.4,7789.4
1748211906223.0,7784.2,7788.2
1748211906438.0,7784.3,7788.3
1748211906662.0,7782.7,7786.7
1748211906888.0,7782.6,7786.6
1748211907126.0,7782.7,7786.7
1748211907339.0,7782.4,7786.4
1748211907767.0,7782.6,7786.6
1748211907921.0,7782.9,7786.9
1748211908153.0,7783.2,7787.2
1748211908369.0,7783.6,7787.6
1748211908595.0,7783.2,7787.2
1748211908819.0,7783.3,7787.3
1748211909052.0,7783.2,7787.2
1748211909269.0,7783.0,7787.0
1748211909610.0,7782.7,7786.7
1748211909834.0,7783.0,7787.0
1748211910074.0,7783.6,7787.6
1748211910285.0,7783.3,7787.3
1748211910803.0,7784.0,7788.0
1748211911041.0,7783.6,7787.6
1748211911254.0,7784.2,7788.2
1748211911717.0,7784.3,7788.3
1748211911943.0,7784.0,7788.0
1748211912179.0,7783.9,7787.9
1748211912837.0,7784.1,7788.1
1748211913063.0,7785.0,7789.0
1748211913308.0,7784.9,7788.9
1748211913630.0,7784.8,7788.8
1748211913855.0,7785.2,7789.2
1748211914094.0,7785.1,7789.1
1748211914384.0,7784.9,7788.9
1748211914530.0,7785.2,7789.2
1748211914955.0,7785.6,7789.6
1748211915196.0,7786.1,7790.1
1748211915407.0,7786.8,7790.8
1748211915710.0,7785.5,7789.5
1748211915858.0,7786.1,7790.1
1748211916095.0,7785.9,7789.9
1748211916359.0,7785.2,7789.2
1748211916583.0,7784.9,7788.9
1748211916957.0,7783.6,7787.6
1748211917334.0,7783.7,7787.7
1748211917626.0,7784.2,7788.2
1748211917770.0,7784.3,7788.3
1748211917997.0,7784.2,7788.2
1748211918229.0,7783.9,7787.9
1748211918449.0,7784.0,7788.0
1748211919017.0,7783.8,7787.8
1748211919239.0,7784.0,7788.0
1748211919465.0,7783.6,7787.6
1748211919691.0,7783.8,7787.8
1748211920015.0,7784.0,7788.0
1748211920465.0,7784.1,7788.1
1748211920564.0,7784.2,7788.2
1748211922690.0,7784.0,7788.0
1748211923622.0,7782.2,7786.2
1748211923834.0,7783.0,7787.0
1748211924070.0,7783.2,7787.2
1748211924285.0,7782.6,7786.6
1748211924606.0,7783.3,7787.3
1748211924830.0,7782.7,7786.7
1748211925496.0,7782.6,7786.6
1748211925975.0,7782.5,7786.5
1748211926213.0,7782.6,7786.6
1748211926769.0,7782.7,7786.7
1748211926969.0,7782.8,7786.8
1748211927068.0,7783.2,7787.2
1748211927437.0,7783.2,7787.2
1748211927662.0,7783.0,7787.0
1748211928470.0,7783.2,7787.2
1748211929160.0,7783.0,7787.0
1748211929350.0,7783.1,7787.1
1748211929448.0,7783.9,7787.9
1748211929746.0,7783.6,7787.6
1748211929970.0,7783.2,7787.2
1748211930210.0,7782.9,7786.9
1748211930450.0,7783.0,7787.0
1748211930675.0,7783.6,7787.6
1748211930900.0,7783.2,7787.2
1748211931144.0,7783.3,7787.3
1748211931356.0,7783.2,7787.2
1748211931589.0,7783.0,7787.0
1748211931884.0,7784.5,7788.5
1748211932234.0,7784.8,7788.8
1748211932714.0,7784.5,7788.5
1748211932904.0,7784.3,7788.3
1748211933142.0,7784.2,7788.2
1748211933700.0,7787.5,7791.5
1748211933846.0,7788.1,7792.1
1748211934339.0,7790.4,7794.4
1748211934483.0,7790.1,7794.1
1748211934709.0,7790.5,7794.5
1748211934935.0,7790.4,7794.4
1748211935393.0,7789.7,7793.7
1748211935590.0,7789.6,7793.6
1748211935689.0,7788.4,7792.4
1748211935846.0,7788.1,7792.1
1748211936071.0,7788.2,7792.2
1748211936297.0,7786.2,7790.2
1748211936658.0,7785.5,7789.5
1748211937073.0,7785.2,7789.2
1748211937461.0,7784.5,7788.5
1748211937686.0,7784.9,7788.9
1748211938187.0,7784.5,7788.5
1748211938848.0,7784.4,7788.4
1748211938947.0,7783.7,7787.7
1748211939619.0,7784.0,7788.0
1748211940440.0,7783.9,7787.9
1748211940662.0,7784.2,7788.2
1748211941046.0,7783.9,7787.9
1748211941257.0,7784.0,7788.0
1748211941937.0,7784.5,7788.5
1748211942173.0,7784.7,7788.7
1748211942538.0,7784.5,7788.5
1748211943019.0,7784.2,7788.2
1748211943143.0,7784.1,7788.1
1748211943243.0,7783.6,7787.6
1748211943541.0,7783.9,7787.9
1748211943939.0,7783.7,7787.7
1748211944176.0,7783.9,7787.9
1748211944392.0,7783.3,7787.3
1748211944615.0,7783.6,7787.6
1748211944841.0,7783.3,7787.3
1748211945080.0,7783.9,7787.9
1748211945290.0,7783.7,7787.7
1748211945968.0,7783.6,7787.6
1748211946200.0,7783.7,7787.7
1748211946619.0,7783.9,7787.9
1748211946846.0,7783.6,7787.6
1748211947233.0,7784.2,7788.2
1748211948583.0,7784.0,7788.0
1748211948795.0,7783.9,7787.9
1748211949023.0,7783.7,7787.7
1748211949367.0,7783.9,7787.9
1748211949592.0,7783.6,7787.6
1748211949960.0,7783.3,7787.3
1748211950373.0,7783.6,7787.6
1748211950761.0,7783.3,7787.3
1748211950985.0,7783.6,7787.6
1748211951939.0,7783.7,7787.7
1748211952383.0,7784.0,7788.0
1748211953363.0,7783.9,7787.9
1748211953582.0,7783.3,7787.3
1748211955071.0,7783.0,7787.0
1748211955286.0,7783.9,7787.9
1748211955510.0,7783.6,7787.6
1748211955772.0,7783.3,7787.3
1748211956517.0,7783.0,7787.0
1748211957514.0,7782.9,7786.9
1748211957725.0,7782.6,7786.6
1748211958157.0,7782.4,7786.4
1748211958372.0,7782.6,7786.6
1748211958742.0,7782.4,7786.4
1748211959048.0,7782.6,7786.6
1748211960153.0,7782.4,7786.4
1748211961133.0,7783.0,7787.0
1748211961952.0,7782.7,7786.7
1748211962191.0,7782.9,7786.9
1748211962401.0,7782.6,7786.6
1748211963298.0,7782.7,7786.7
1748211963514.0,7782.0,7786.0
1748211964189.0,7782.1,7786.1
1748211964422.0,7782.4,7786.4
1748211964648.0,7782.6,7786.6
1748211964876.0,7782.0,7786.0
1748211965111.0,7781.7,7785.7
1748211965491.0,7781.8,7785.8
1748211965891.0,7781.7,7785.7
1748211966128.0,7781.8,7785.8
1748211966419.0,7782.0,7786.0
1748211966567.0,7781.6,7785.6
1748211966792.0,7781.7,7785.7
1748211967241.0,7781.7,7785.7
1748211967467.0,7781.6,7785.6
1748211968442.0,7781.7,7785.7
1748211968662.0,7782.0,7786.0
1748211969043.0,7781.7,7785.7
1748211969395.0,7781.6,7785.6
1748211969617.0,7781.4,7785.4
1748211970169.0,7781.3,7785.3
1748211971546.0,7780.8,7784.8
1748211972091.0,7780.7,7784.7
1748211972494.0,7780.5,7784.5
1748211973133.0,7780.4,7784.4
1748211973346.0,7780.5,7784.5
1748211973654.0,7780.6,7784.6
1748211973754.0,7780.7,7784.7
1748211973900.0,7780.1,7784.1
1748211974325.0,7779.1,7783.1
1748211974539.0,7778.8,7782.8
1748211974766.0,7778.4,7782.4
1748211974998.0,7778.1,7782.1
1748211975223.0,7778.2,7782.2
1748211975446.0,7778.1,7782.1
1748211975675.0,7778.4,7782.4
1748211975898.0,7779.1,7783.1
1748211976130.0,7778.7,7782.7
1748211976881.0,7778.8,7782.8
1748211977292.0,7778.7,7782.7
1748211977709.0,7778.2,7782.2
1748211977934.0,7778.1,7782.1
1748211978813.0,7778.2,7782.2
1748211979041.0,7777.5,7781.5
1748211979278.0,7777.4,7781.4
1748211979504.0,7777.5,7781.5
1748211979729.0,7777.9,7781.9
1748211980175.0,7777.8,7781.8
1748211980610.0,7777.2,7781.2
1748211980835.0,7777.4,7781.4
1748211981059.0,7777.1,7781.1
1748211981285.0,7777.2,7781.2
1748211981509.0,7777.1,7781.1
1748211981936.0,7777.2,7781.2
1748211982173.0,7777.1,7781.1
1748211982385.0,7777.2,7781.2
1748211982609.0,7777.1,7781.1
1748211982836.0,7777.2,7781.2
1748211983396.0,7777.1,7781.1
1748211983618.0,7776.9,7780.9
1748211983841.0,7777.1,7781.1
1748211984518.0,7777.8,7781.8
1748211985415.0,7777.9,7781.9
1748211986612.0,7778.1,7782.1
1748211988008.0,7778.5,7782.5
1748211988253.0,7778.7,7782.7
1748211988488.0,7778.5,7782.5
1748211988713.0,7779.1,7783.1
1748211989251.0,7778.8,7782.8
1748211989635.0,7779.2,7783.2
1748211989861.0,7779.4,7783.4
1748211990374.0,7779.5,7783.5
1748211990861.0,7779.2,7783.2
1748211991100.0,7779.4,7783.4
1748211991587.0,7778.8,7782.8
1748211992352.0,7779.4,7783.4
1748211992585.0,7779.2,7783.2
1748211993456.0,7779.4,7783.4
1748211994245.0,7779.1,7783.1
1748211994739.0,7778.3,7782.3
1748211995151.0,7778.2,7782.2
1748211995501.0,7778.3,7782.3
1748211996776.0,7778.5,7782.5
1748211997174.0,7778.6,7782.6
1748211997561.0,7777.9,7781.9
1748211998383.0,7777.8,7781.8
1748211998822.0,7777.9,7781.9
1748211999467.0,7777.8,7781.8
1748212000096.0,7777.5,7781.5
1748212000303.0,7777.8,7781.8
1748212001152.0,7778.1,7782.1
1748212001441.0,7777.8,7781.8
1748212001588.0,7778.1,7782.1
1748212001814.0,7778.2,7782.2
1748212002051.0,7778.1,7782.1
1748212002965.0,7778.0,7782.0
1748212003065.0,7777.8,7781.8
1748212003220.0,7777.9,7781.9
1748212003794.0,7778.1,7782.1
1748212004023.0,7778.3,7782.3
1748212004451.0,7778.4,7782.4
1748212004551.0,7778.5,7782.5
1748212004933.0,7778.3,7782.3
1748212005171.0,7777.9,7781.9
1748212005583.0,7777.8,7781.8
1748212006236.0,7777.9,7781.9
1748212007016.0,7778.2,7782.2
1748212007240.0,7778.5,7782.5
1748212007950.0,7778.6,7782.6
1748212009043.0,7778.5,7782.5
1748212011223.0,7778.3,7782.3
1748212012621.0,7778.0,7782.0
1748212013262.0,7777.5,7781.5
1748212013884.0,7777.8,7781.8
1748212014672.0,7778.5,7782.5
1748212014886.0,7778.3,7782.3
1748212015291.0,7778.2,7782.2
1748212015501.0,7778.0,7782.0
1748212016046.0,7777.8,7781.8
1748212016657.0,7777.5,7781.5
1748212016986.0,7777.3,7781.3
1748212017398.0,7777.8,7781.8
1748212017589.0,7777.7,7781.7
1748212017690.0,7777.3,7781.3
1748212018915.0,7777.5,7781.5
1748212019252.0,7777.8,7781.8
1748212020385.0,7777.7,7781.7
1748212020482.0,7777.3,7781.3
1748212021218.0,7776.7,7780.7
1748212021612.0,7775.9,7779.9
1748212021835.0,7776.2,7780.2
1748212022073.0,7776.3,7780.3
1748212022287.0,7776.2,7780.2
1748212022511.0,7776.3,7780.3
1748212022889.0,7776.5,7780.5
1748212023125.0,7776.7,7780.7
1748212023417.0,7777.0,7781.0
1748212023564.0,7776.9,7780.9
1748212024710.0,7776.3,7780.3
1748212024924.0,7776.2,7780.2
1748212025158.0,7776.0,7780.0
1748212025675.0,7776.3,7780.3
1748212025900.0,7776.7,7780.7
1748212026134.0,7776.4,7780.4
1748212026350.0,7776.6,7780.6
1748212026575.0,7776.7,7780.7
1748212027414.0,7777.0,7781.0
1748212028065.0,7776.4,7780.4
1748212028874.0,7776.6,7780.6
1748212029114.0,7776.7,7780.7
1748212029326.0,7776.6,7780.6
1748212030799.0,7776.7,7780.7
1748212031492.0,7776.6,7780.6
1748212032812.0,7776.7,7780.7
1748212033030.0,7776.6,7780.6
1748212034027.0,7776.4,7780.4
1748212035135.0,7777.0,7781.0
1748212036709.0,7777.3,7781.3
1748212038456.0,7777.0,7781.0
1748212039542.0,7777.1,7781.1
1748212039754.0,7777.3,7781.3
1748212040931.0,7777.0,7781.0
1748212042255.0,7776.7,7780.7
1748212042861.0,7776.6,7780.6
1748212043801.0,7776.0,7780.0
1748212044142.0,7776.1,7780.1
1748212046974.0,7776.3,7780.3
1748212049253.0,7776.6,7780.6
1748212049604.0,7776.7,7780.7
1748212050518.0,7776.4,7780.4
1748212051566.0,7776.3,7780.3
1748212052224.0,7776.4,7780.4
1748212052436.0,7776.3,7780.3
1748212052861.0,7776.4,7780.4
1748212053688.0,7775.9,7779.9
1748212057850.0,7775.8,7779.8
1748212058250.0,7775.9,7779.9
1748212058738.0,7776.1,7780.1
1748212058963.0,7775.9,7779.9
1748212059440.0,7775.8,7779.8
1748212059653.0,7775.9,7779.9
1748212060392.0,7776.1,7780.1
1748212061201.0,7775.9,7779.9
1748212064717.0,7775.8,7779.8
1748212066922.0,7775.9,7779.9
1748212067508.0,7776.2,7780.2
1748212068191.0,7776.1,7780.1
1748212068404.0,7775.8,7779.8
1748212071077.0,7776.0,7780.0
1748212072480.0,7775.8,7779.8
1748212073586.0,7776.0,7780.0
1748212073871.0,7775.8,7779.8
1748212075476.0,7776.3,7780.3
1748212078461.0,7776.1,7780.1
1748212078674.0,7776.3,7780.3
1748212079782.0,7776.6,7780.6
1748212079999.0,7778.6,7782.6
1748212080233.0,7778.0,7782.0
1748212080449.0,7778.1,7782.1
1748212080753.0,7778.3,7782.3
1748212080899.0,7778.4,7782.4
1748212081264.0,7778.6,7782.6
1748212081849.0,7778.1,7782.1
1748212082270.0,7778.2,7782.2
1748212082368.0,7778.3,7782.3
1748212082512.0,7778.4,7782.4
1748212082737.0,7778.6,7782.6
1748212083467.0,7778.4,7782.4
1748212083680.0,7778.0,7782.0
1748212084296.0,7778.1,7782.1
1748212084511.0,7778.0,7782.0
1748212084812.0,7777.9,7781.9
1748212085048.0,7778.0,7782.0
1748212085261.0,7777.9,7781.9
1748212088129.0,7777.6,7781.6
1748212088918.0,7777.9,7781.9
1748212090077.0,7777.7,7781.7
1748212090291.0,7777.9,7781.9
1748212090492.0,7777.8,7781.8
1748212090591.0,7777.6,7781.6
1748212090741.0,7777.7,7781.7
1748212091083.0,7777.6,7781.6
1748212091700.0,7777.0,7781.0
1748212092665.0,7777.0,7781.0
1748212093899.0,7777.3,7781.3
1748212094124.0,7777.1,7781.1
1748212094338.0,7776.8,7780.8
1748212094915.0,7776.3,7780.3
1748212095264.0,7776.6,7780.6
1748212095476.0,7776.7,7780.7
1748212097263.0,7777.0,7781.0
1748212098263.0,7777.1,7781.1
1748212101007.0,7776.7,7780.7
1748212103844.0,7776.8,7780.8
1748212104557.0,7776.7,7780.7
1748212104764.0,7776.5,7780.5
1748212106119.0,7776.3,7780.3
1748212107112.0,7776.2,7780.2
1748212107210.0,7776.0,7780.0
1748212107779.0,7775.8,7779.8
1748212108193.0,7776.0,7780.0
1748212108658.0,7776.7,7780.7
1748212108884.0,7776.5,7780.5
1748212109118.0,7776.3,7780.3
1748212109810.0,7776.7,7780.7
1748212110122.0,7776.5,7780.5
1748212110835.0,7776.7,7780.7
1748212111187.0,7776.6,7780.6
1748212111286.0,7776.7,7780.7
1748212111432.0,7776.8,7780.8
1748212113761.0,7777.2,7781.2
1748212114435.0,7777.3,7781.3
1748212114811.0,7777.2,7781.2
1748212119343.0,7777.1,7781.1
1748212120174.0,7776.5,7780.5
1748212121971.0,7777.0,7781.0
1748212122972.0,7776.9,7780.9
1748212123068.0,7776.5,7780.5
1748212123850.0,7776.4,7780.4
1748212124082.0,7776.2,7780.2
1748212125388.0,7776.5,7780.5
1748212126188.0,7777.1,7781.1
1748212126398.0,7777.0,7781.0
1748212126625.0,7777.2,7781.2
1748212127068.0,7777.1,7781.1
1748212127285.0,7777.2,7781.2
1748212129096.0,7777.1,7781.1
1748212130228.0,7777.0,7781.0
1748212132327.0,7777.1,7781.1
1748212132537.0,7777.0,7781.0
1748212133312.0,7777.5,7781.5
1748212134132.0,7777.2,7781.2
1748212135319.0,7777.1,7781.1
1748212135701.0,7777.2,7781.2
1748212137213.0,7777.3,7781.3
1748212137313.0,7778.0,7782.0
1748212138951.0,7777.8,7781.8
1748212139523.0,7778.0,7782.0
1748212139737.0,7778.1,7782.1
1748212141634.0,7777.4,7781.4
1748212142144.0,7777.5,7781.5
1748212142534.0,7778.0,7782.0
1748212147071.0,7777.8,7781.8
1748212148245.0,7777.2,7781.2
1748212149050.0,7777.1,7781.1
1748212150976.0,7777.2,7781.2
1748212151212.0,7777.1,7781.1
1748212152134.0,7777.2,7781.2
1748212154366.0,7777.1,7781.1
1748212158635.0,7777.5,7781.5
1748212159134.0,7777.4,7781.4
1748212159346.0,7777.1,7781.1
1748212161323.0,7776.8,7780.8
1748212161799.0,7777.0,7781.0
1748212162685.0,7776.9,7780.9
1748212162784.0,7776.8,7780.8
1748212163241.0,7777.0,7781.0
1748212163632.0,7777.4,7781.4
1748212163856.0,7777.2,7781.2
1748212164658.0,7777.1,7781.1
1748212170520.0,7777.2,7781.2
1748212172169.0,7777.1,7781.1
1748212172960.0,7777.2,7781.2
1748212173290.0,7777.1,7781.1
1748212173503.0,7778.0,7782.0
1748212173915.0,7777.8,7781.8
1748212174798.0,7777.4,7781.4
1748212176871.0,7777.8,7781.8
1748212177338.0,7777.5,7781.5
1748212183487.0,7777.8,7781.8
1748212183711.0,7778.0,7782.0
1748212184794.0,7778.1,7782.1
1748212185013.0,7778.7,7782.7
1748212185668.0,7779.1,7783.1
1748212186778.0,7779.5,7783.5
1748212186973.0,7779.6,7783.6
1748212187072.0,7779.8,7783.8
1748212187261.0,7779.7,7783.7
1748212187477.0,7779.5,7783.5
1748212187857.0,7779.4,7783.4
1748212188736.0,7779.5,7783.5
1748212189103.0,7779.6,7783.6
1748212189347.0,7780.3,7784.3
1748212189574.0,7780.4,7784.4
1748212191265.0,7780.1,7784.1
1748212191680.0,7779.8,7783.8
1748212191904.0,7779.7,7783.7
1748212192298.0,7779.8,7783.8
1748212193157.0,7780.1,7784.1
1748212193374.0,7780.6,7784.6
1748212193599.0,7780.7,7784.7
1748212193824.0,7780.6,7784.6
1748212194401.0,7780.4,7784.4
1748212194874.0,7780.3,7784.3
1748212195448.0,7780.4,7784.4
1748212195938.0,7780.5,7784.5
1748212196323.0,7780.8,7784.8
1748212196858.0,7780.7,7784.7
1748212197095.0,7780.5,7784.5
1748212197966.0,7780.6,7784.6
1748212198063.0,7780.7,7784.7
1748212199075.0,7781.3,7785.3
1748212199295.0,7781.0,7785.0
1748212199519.0,7780.8,7784.8
1748212199746.0,7781.3,7785.3
1748212200128.0,7781.0,7785.0
1748212200339.0,7781.3,7785.3
1748212200565.0,7781.0,7785.0
1748212200789.0,7781.3,7785.3
1748212201014.0,7781.0,7785.0
1748212201240.0,7781.4,7785.4
1748212201465.0,7781.8,7785.8
1748212201956.0,7781.7,7785.7
1748212202259.0,7780.7,7784.7
1748212202404.0,7780.5,7784.5
1748212202632.0,7780.8,7784.8
1748212202856.0,7780.7,7784.7
1748212204040.0,7781.2,7785.2
1748212204247.0,7781.0,7785.0
1748212204446.0,7780.9,7784.9
1748212204546.0,7780.8,7784.8
1748212205408.0,7780.7,7784.7
1748212205755.0,7780.8,7784.8
1748212207288.0,7780.7,7784.7
1748212207480.0,7780.6,7784.6
1748212207581.0,7779.8,7783.8
1748212207725.0,7780.1,7784.1
1748212207952.0,7780.5,7784.5
1748212208450.0,7780.7,7784.7
1748212208661.0,7780.8,7784.8
1748212208887.0,7780.7,7784.7
1748212209124.0,7780.5,7784.5
1748212209338.0,7780.2,7784.2
1748212209792.0,7780.1,7784.1
1748212210015.0,7779.8,7783.8
1748212210242.0,7779.7,7783.7
1748212210602.0,7779.8,7783.8
1748212210826.0,7779.2,7783.2
1748212211394.0,7779.1,7783.1
1748212211610.0,7778.6,7782.6
1748212212292.0,7778.5,7782.5
1748212212504.0,7778.3,7782.3
1748212212833.0,7778.5,7782.5
1748212212976.0,7778.8,7782.8
1748212213220.0,7778.6,7782.6
1748212213430.0,7778.8,7782.8
1748212213787.0,7778.6,7782.6
1748212214012.0,7778.8,7782.8
1748212214242.0,7779.1,7783.1
1748212214467.0,7779.2,7783.2
1748212215005.0,7778.6,7782.6
1748212215432.0,7778.5,7782.5
1748212215656.0,7778.3,7782.3
1748212217197.0,7778.2,7782.2
1748212217405.0,7778.3,7782.3
1748212217632.0,7778.2,7782.2
1748212217857.0,7778.1,7782.1
1748212218284.0,7777.9,7781.9
1748212218501.0,7778.1,7782.1
1748212218726.0,7778.2,7782.2
1748212218953.0,7777.9,7781.9
1748212219793.0,7777.8,7781.8
1748212220005.0,7777.3,7781.3
1748212220237.0,7777.5,7781.5
1748212220883.0,7777.3,7781.3
1748212221296.0,7777.2,7781.2
1748212222158.0,7777.0,7781.0
1748212222746.0,7776.9,7780.9
1748212222974.0,7776.8,7780.8
1748212223423.0,7776.9,7780.9
1748212223636.0,7777.0,7781.0
1748212223862.0,7776.9,7780.9
1748212224098.0,7776.8,7780.8
1748212225165.0,7776.9,7780.9
1748212225728.0,7777.0,7781.0
1748212227218.0,7776.8,7780.8
1748212227431.0,7776.9,7780.9
1748212227923.0,7777.5,7781.5
1748212228159.0,7777.0,7781.0
1748212228349.0,7777.1,7781.1
1748212228450.0,7777.2,7781.2
1748212228595.0,7777.0,7781.0
1748212228800.0,7777.1,7781.1
1748212228900.0,7777.2,7781.2
1748212230764.0,7777.0,7781.0
1748212232756.0,7776.9,7780.9
1748212233159.0,7776.0,7780.0
1748212234258.0,7776.5,7780.5
1748212234740.0,7776.3,7780.3
1748212235151.0,7776.5,7780.5
1748212237062.0,7776.8,7780.8
1748212240017.0,7776.7,7780.7
1748212240115.0,7776.5,7780.5
1748212240258.0,7776.3,7780.3
1748212241704.0,7776.5,7780.5
1748212242557.0,7776.8,7780.8
1748212242769.0,7776.9,7780.9
1748212242995.0,7776.8,7780.8
1748212243233.0,7776.9,7780.9
1748212243444.0,7777.2,7781.2
1748212243670.0,7777.0,7781.0
1748212245337.0,7777.1,7781.1
1748212245434.0,7777.2,7781.2
1748212245949.0,7777.0,7781.0
1748212246154.0,7777.1,7781.1
1748212246252.0,7777.2,7781.2
1748212246945.0,7777.0,7781.0
1748212248259.0,7776.8,7780.8
1748212252496.0,7776.9,7780.9
1748212254840.0,7776.8,7780.8
1748212256756.0,7776.7,7780.7
1748212256855.0,7776.5,7780.5
1748212258719.0,7776.5,7780.5
1748212260293.0,7776.8,7780.8
1748212261559.0,7776.9,7780.9
1748212261771.0,7776.5,7780.5
1748212262650.0,7775.7,7779.7
1748212264698.0,7774.9,7778.9
1748212264922.0,7775.0,7779.0
1748212265994.0,7774.9,7778.9
1748212266419.0,7775.0,7779.0
1748212266809.0,7774.7,7778.7
1748212267222.0,7774.4,7778.4
1748212268101.0,7774.2,7778.2
1748212268598.0,7774.4,7778.4
1748212268822.0,7774.6,7778.6
1748212269260.0,7774.4,7778.4
1748212269472.0,7774.6,7778.6
1748212270637.0,7774.7,7778.7
1748212273888.0,7774.9,7778.9
1748212274287.0,7775.3,7779.3
1748212274497.0,7775.0,7779.0
1748212274868.0,7774.9,7778.9
1748212275336.0,7774.7,7778.7
1748212275549.0,7774.9,7778.9
1748212277011.0,7774.0,7778.0
1748212277567.0,7774.2,7778.2
1748212278042.0,7774.0,7778.0
1748212278941.0,7773.6,7777.6
1748212279458.0,7773.7,7777.7
1748212279671.0,7773.6,7777.6
1748212279894.0,7773.4,7777.4
1748212280132.0,7773.6,7777.6
1748212280346.0,7773.4,7777.4
1748212280570.0,7773.6,7777.6
1748212280965.0,7773.8,7777.8
1748212282018.0,7773.7,7777.7
1748212282231.0,7774.0,7778.0
1748212282659.0,7774.2,7778.2
1748212282759.0,7773.8,7777.8
1748212283003.0,7774.1,7778.1
1748212283237.0,7774.0,7778.0
1748212283456.0,7773.8,7777.8
1748212283683.0,7773.7,7777.7
1748212283907.0,7773.5,7777.5
1748212284685.0,7773.7,7777.7
1748212284908.0,7773.8,7777.8
1748212285919.0,7774.0,7778.0
1748212287265.0,7773.8,7777.8
1748212288996.0,7774.0,7778.0
1748212289221.0,7773.8,7777.8
1748212289433.0,7773.7,7777.7
1748212289658.0,7774.0,7778.0
1748212290768.0,7773.8,7777.8
1748212290998.0,7773.7,7777.7
1748212291231.0,7773.5,7777.5
1748212292734.0,7773.8,7777.8
1748212292955.0,7774.0,7778.0
1748212294435.0,7773.7,7777.7
1748212294659.0,7773.5,7777.5
1748212295362.0,7773.1,7777.1
1748212295607.0,7773.3,7777.3
1748212295811.0,7773.2,7777.2
1748212295910.0,7773.0,7777.0
1748212297295.0,7773.1,7777.1
1748212297686.0,7773.0,7777.0
1748212298479.0,7772.8,7776.8
1748212298694.0,7773.0,7777.0
1748212298917.0,7773.1,7777.1
1748212299153.0,7773.3,7777.3
1748212299625.0,7773.1,7777.1
1748212300492.0,7773.3,7777.3
1748212300703.0,7773.5,7777.5
1748212300929.0,7773.3,7777.3
1748212301500.0,7773.5,7777.5
1748212301714.0,7773.7,7777.7
1748212302276.0,7773.8,7777.8
1748212302786.0,7774.1,7778.1
1748212303592.0,7774.0,7778.0
1748212303804.0,7773.5,7777.5
1748212304109.0,7773.8,7777.8
1748212305476.0,7773.9,7777.9
1748212305698.0,7774.9,7778.9
1748212305945.0,7775.1,7779.1
1748212306397.0,7775.0,7779.0
1748212307334.0,7774.7,7778.7
1748212307886.0,7775.0,7779.0
1748212308123.0,7774.8,7778.8
1748212308839.0,7774.7,7778.7
1748212310640.0,7775.0,7779.0
1748212312850.0,7774.8,7778.8
1748212314018.0,7774.7,7778.7
1748212314612.0,7774.8,7778.8
1748212317457.0,7775.0,7779.0
1748212318133.0,7774.7,7778.7
1748212321867.0,7773.1,7777.1
1748212322088.0,7773.7,7777.7
1748212322301.0,7773.3,7777.3
1748212322525.0,7773.5,7777.5
1748212322752.0,7773.7,7777.7
1748212322975.0,7773.5,7777.5
1748212323274.0,7773.7,7777.7
1748212324306.0,7774.0,7778.0
1748212326753.0,7774.3,7778.3
1748212327757.0,7774.0,7778.0
1748212330356.0,7774.1,7778.1
1748212330769.0,7774.0,7778.0
1748212332311.0,7774.1,7778.1
1748212335582.0,7774.0,7778.0
1748212337267.0,7773.7,7777.7
1748212337529.0,7773.5,7777.5
1748212338553.0,7773.3,7777.3
1748212340194.0,7773.2,7777.2
1748212340292.0,7773.0,7777.0
1748212341295.0,7772.7,7776.7
1748212341507.0,7772.5,7776.5
1748212342047.0,7772.7,7776.7
1748212342261.0,7772.5,7776.5
1748212343364.0,7772.4,7776.4
1748212344498.0,7772.1,7776.1
1748212344713.0,7772.0,7776.0
1748212344939.0,7772.1,7776.1
1748212346288.0,7772.0,7776.0
1748212347265.0,7772.4,7776.4
1748212351098.0,7772.0,7776.0
1748212351503.0,7772.1,7776.1
1748212352073.0,7772.4,7776.4
1748212352284.0,7772.0,7776.0
1748212355631.0,7771.7,7775.7
1748212356882.0,7771.4,7775.4
1748212357320.0,7771.5,7775.5
1748212357530.0,7772.0,7776.0
1748212357754.0,7771.7,7775.7
1748212357980.0,7771.5,7775.5
1748212358455.0,7771.4,7775.4
1748212359056.0,7771.5,7775.5
1748212359268.0,7771.7,7775.7
1748212360341.0,7772.0,7776.0
1748212363671.0,7771.8,7775.8
1748212364074.0,7772.0,7776.0
1748212364802.0,7771.7,7775.7
1748212365803.0,7771.5,7775.5
1748212366847.0,7771.7,7775.7
1748212367245.0,7771.5,7775.5
1748212368449.0,7771.4,7775.4
1748212368837.0,7771.7,7775.7
1748212371624.0,7771.4,7775.4
1748212373380.0,7771.5,7775.5
1748212373591.0,7771.4,7775.4
1748212373818.0,7771.5,7775.5
1748212374085.0,7771.7,7775.7
1748212375381.0,7771.2,7775.2
1748212375602.0,7771.4,7775.4
1748212376503.0,7770.9,7774.9
1748212377087.0,7771.0,7775.0
1748212377964.0,7771.2,7775.2
1748212378198.0,7771.4,7775.4
1748212380578.0,7771.7,7775.7
1748212380791.0,7771.8,7775.8
1748212381024.0,7772.0,7776.0
1748212381662.0,7772.1,7776.1
1748212381887.0,7772.4,7776.4
1748212382507.0,7772.1,7776.1
1748212382724.0,7772.4,7776.4
1748212383686.0,7772.5,7776.5
1748212384059.0,7772.7,7776.7
1748212384679.0,7772.8,7776.8
1748212385042.0,7772.7,7776.7
1748212385255.0,7772.4,7776.4
1748212385481.0,7772.5,7776.5
1748212386622.0,7771.7,7775.7
1748212386834.0,7771.8,7775.8
1748212387620.0,7772.0,7776.0
1748212389554.0,7772.4,7776.4
1748212390715.0,7771.8,7775.8
1748212390924.0,7771.7,7775.7
1748212391420.0,7771.5,7775.5
1748212391630.0,7771.2,7775.2
1748212391856.0,7770.9,7774.9
1748212395031.0,7770.7,7774.7
1748212395652.0,7770.8,7774.8
1748212395877.0,7770.9,7774.9
1748212400231.0,7770.8,7774.8
1748212400740.0,7770.9,7774.9
1748212401152.0,7770.7,7774.7
1748212401686.0,7770.6,7774.6
1748212401786.0,7770.5,7774.5
1748212401930.0,7770.2,7774.2
1748212402321.0,7770.4,7774.4
1748212402603.0,7770.2,7774.2
1748212402827.0,7770.4,7774.4
1748212403565.0,7770.2,7774.2
1748212404492.0,7770.4,7774.4
1748212404880.0,7770.1,7774.1
1748212405680.0,7770.2,7774.2
1748212405891.0,7770.5,7774.5
1748212406754.0,7770.7,7774.7
1748212408146.0,7770.8,7774.8
1748212408358.0,7770.7,7774.7
1748212409176.0,7770.8,7774.8
1748212410019.0,7770.9,7774.9
1748212411535.0,7770.9,7774.9
1748212416893.0,7771.2,7775.2
1748212417327.0,7770.9,7774.9
1748212419012.0,7771.2,7775.2
1748212419679.0,7770.9,7774.9
1748212419904.0,7770.6,7774.6
1748212421219.0,7770.8,7774.8
1748212421917.0,7770.9,7774.9
1748212423032.0,7770.8,7774.8
1748212423845.0,7770.7,7774.7
1748212424079.0,7770.9,7774.9
1748212424273.0,7771.0,7775.0
1748212424371.0,7771.4,7775.4
1748212425149.0,7771.3,7775.3
1748212425249.0,7771.2,7775.2
1748212425405.0,7771.3,7775.3
1748212426832.0,7770.7,7774.7
1748212427123.0,7770.9,7774.9
1748212427663.0,7770.7,7774.7
1748212427887.0,7770.6,7774.6
1748212429988.0,7770.7,7774.7
1748212430214.0,7770.2,7774.2
1748212431330.0,7770.3,7774.3
1748212432857.0,7770.2,7774.2
1748212433324.0,7769.7,7773.7
1748212433714.0,7770.0,7774.0
1748212434160.0,7770.2,7774.2
1748212434478.0,7770.0,7774.0
1748212436834.0,7769.3,7773.3
1748212437491.0,7769.4,7773.4
1748212438371.0,7769.3,7773.3
1748212439736.0,7769.4,7773.4
1748212439961.0,7769.3,7773.3
1748212442436.0,7769.2,7773.2
