None,,
None,,
None,,
None,,
None,,
None,,
None,,
None,,
None,,
None,,
None,,
None,,
None,,
None,,
1748210525462.0,13630.6,13654.6
1748210526200.0,13630.5,13654.5
1748210526421.0,13630.7,13654.7
1748210526645.0,13630.6,13654.6
1748210527348.0,13630.7,13654.7
1748210527567.0,13631.1,13655.1
1748210527666.0,13631.2,13655.2
1748210527948.0,13631.6,13655.6
1748210528047.0,13631.7,13655.7
1748210528173.0,13632.3,13656.3
1748210528269.0,13632.4,13656.4
1748210529122.0,13632.5,13656.5
1748210529218.0,13632.6,13656.6
1748210529373.0,13632.7,13656.7
1748210529597.0,13633.0,13657.0
1748210529821.0,13632.7,13656.7
1748210530046.0,13632.6,13656.6
1748210531471.0,13632.3,13656.3
1748210531693.0,13632.4,13656.4
1748210532270.0,13632.5,13656.5
1748210532364.0,13632.6,13656.6
1748210532490.0,13632.3,13656.3
1748210533034.0,13632.5,13656.5
1748210533127.0,13632.6,13656.6
1748210534002.0,13633.4,13657.4
1748210534097.0,13633.5,13657.5
1748210534457.0,13633.3,13657.3
1748210534682.0,13633.6,13657.6
1748210534907.0,13633.7,13657.7
1748210535134.0,13631.0,13655.0
1748210535232.0,13630.6,13654.6
1748210535358.0,13630.7,13654.7
1748210536391.0,13630.9,13654.9
1748210537038.0,13631.1,13655.1
1748210537165.0,13631.7,13655.7
1748210537263.0,13631.8,13655.8
1748210537712.0,13631.9,13655.9
1748210537939.0,13632.5,13656.5
1748210538037.0,13632.6,13656.6
1748210539039.0,13633.2,13657.2
1748210539475.0,13633.3,13657.3
1748210540037.0,13633.2,13657.2
1748210540831.0,13633.8,13657.8
1748210540924.0,13633.9,13657.9
1748210541723.0,13633.6,13657.6
1748210541946.0,13633.7,13657.7
1748210542172.0,13633.4,13657.4
1748210542270.0,13633.3,13657.3
1748210542493.0,13633.9,13657.9
1748210542719.0,13633.3,13657.3
1748210543592.0,13633.7,13657.7
1748210543815.0,13633.6,13657.6
1748210544139.0,13632.7,13656.7
1748210544363.0,13632.6,13656.6
1748210544688.0,13632.9,13656.9
1748210545504.0,13633.1,13657.1
1748210545600.0,13633.2,13657.2
1748210545724.0,13633.0,13657.0
1748210546005.0,13632.9,13656.9
1748210546873.0,13633.3,13657.3
1748210548415.0,13633.2,13657.2
1748210548746.0,13633.0,13657.0
1748210550419.0,13633.2,13657.2
1748210550546.0,13633.4,13657.4
1748210550642.0,13633.5,13657.5
1748210550978.0,13633.2,13657.2
1748210551996.0,13633.0,13657.0
1748210552093.0,13632.5,13656.5
1748210552582.0,13632.6,13656.6
1748210553156.0,13632.9,13656.9
1748210553380.0,13632.7,13656.7
1748210553477.0,13632.6,13656.6
1748210554056.0,13632.8,13656.8
1748210554280.0,13632.4,13656.4
1748210554378.0,13632.3,13656.3
1748210557139.0,13632.8,13656.8
1748210558052.0,13632.4,13656.4
1748210558144.0,13632.3,13656.3
1748210562093.0,13632.8,13656.8
1748210562866.0,13632.7,13656.7
1748210562961.0,13632.6,13656.6
1748210563837.0,13632.5,13656.5
1748210564738.0,13632.6,13656.6
1748210565852.0,13632.5,13656.5
1748210566266.0,13632.6,13656.6
1748210566587.0,13632.3,13656.3
1748210568425.0,13632.5,13656.5
1748210569936.0,13632.3,13656.3
1748210571384.0,13633.2,13657.2
1748210571509.0,13633.4,13657.4
1748210571734.0,13633.1,13657.1
1748210572532.0,13632.9,13656.9
1748210572758.0,13631.7,13655.7
1748210572981.0,13631.2,13655.2
1748210573080.0,13631.1,13655.1
1748210573211.0,13631.3,13655.3
1748210577002.0,13631.4,13655.4
1748210577222.0,13631.8,13655.8
1748210577320.0,13631.9,13655.9
1748210577447.0,13632.0,13656.0
1748210577672.0,13632.8,13656.8
1748210577898.0,13633.1,13657.1
1748210579076.0,13632.9,13656.9
1748210579294.0,13633.1,13657.1
1748210581221.0,13633.7,13657.7
1748210581315.0,13633.8,13657.8
1748210581541.0,13634.3,13658.3
1748210581866.0,13634.4,13658.4
1748210582265.0,13634.2,13658.2
1748210582361.0,13634.1,13658.1
1748210582700.0,13634.3,13658.3
1748210583344.0,13635.0,13659.0
1748210583566.0,13634.9,13658.9
1748210584148.0,13635.0,13659.0
1748210584370.0,13635.2,13659.2
1748210584747.0,13635.1,13659.1
1748210584844.0,13635.0,13659.0
1748210585246.0,13634.8,13658.8
1748210585341.0,13634.7,13658.7
1748210585568.0,13636.1,13660.1
1748210585693.0,13635.8,13659.8
1748210586825.0,13635.9,13659.9
1748210587149.0,13636.4,13660.4
1748210587558.0,13637.0,13661.0
1748210588159.0,13636.5,13660.5
1748210588252.0,13636.4,13660.4
1748210588591.0,13636.5,13660.5
1748210589203.0,13636.4,13660.4
1748210590300.0,13636.2,13660.2
1748210591279.0,13636.4,13660.4
1748210591946.0,13636.9,13660.9
1748210592074.0,13636.7,13660.7
1748210592545.0,13636.9,13660.9
1748210592671.0,13636.7,13660.7
1748210593806.0,13637.0,13661.0
1748210594027.0,13636.7,13660.7
1748210594456.0,13636.9,13660.9
1748210594583.0,13637.4,13661.4
1748210595294.0,13637.3,13661.3
1748210596218.0,13637.4,13661.4
1748210596441.0,13638.1,13662.1
1748210596664.0,13638.3,13662.3
1748210596763.0,13638.4,13662.4
1748210597015.0,13637.9,13661.9
1748210598275.0,13637.8,13661.8
1748210598591.0,13638.1,13662.1
1748210599569.0,13637.8,13661.8
1748210599935.0,13637.9,13661.9
1748210600339.0,13636.8,13660.8
1748210600434.0,13636.7,13660.7
1748210600660.0,13637.6,13661.6
1748210600937.0,13637.9,13661.9
1748210601259.0,13638.1,13662.1
1748210601751.0,13637.9,13661.9
1748210601973.0,13638.2,13662.2
1748210602520.0,13637.4,13661.4
1748210602647.0,13637.2,13661.2
1748210602871.0,13637.4,13661.4
1748210603195.0,13637.8,13661.8
1748210603326.0,13638.2,13662.2
1748210603832.0,13637.8,13661.8
1748210604056.0,13637.4,13661.4
1748210604154.0,13637.3,13661.3
1748210604616.0,13637.4,13661.4
1748210605014.0,13637.3,13661.3
1748210605477.0,13638.0,13662.0
1748210605574.0,13638.1,13662.1
1748210605940.0,13637.9,13661.9
1748210606735.0,13637.8,13661.8
1748210608143.0,13637.0,13661.0
1748210608361.0,13636.3,13660.3
1748210608459.0,13636.2,13660.2
1748210608584.0,13636.1,13660.1
1748210608810.0,13636.9,13660.9
1748210608909.0,13637.0,13661.0
1748210609318.0,13636.5,13660.5
1748210609416.0,13636.4,13660.4
1748210609775.0,13636.0,13660.0
1748210609871.0,13635.9,13659.9
1748210610096.0,13635.6,13659.6
1748210610220.0,13635.8,13659.8
1748210610546.0,13635.6,13659.6
1748210611304.0,13635.5,13659.5
1748210611525.0,13636.0,13660.0
1748210611624.0,13636.1,13660.1
1748210612577.0,13636.2,13660.2
1748210612799.0,13636.4,13660.4
1748210613344.0,13636.5,13660.5
1748210613566.0,13636.7,13660.7
1748210615240.0,13636.6,13660.6
1748210615463.0,13636.8,13660.8
1748210615560.0,13636.9,13660.9
1748210616087.0,13636.5,13660.5
1748210616262.0,13636.7,13660.7
1748210617660.0,13636.5,13660.5
1748210618431.0,13637.2,13661.2
1748210618525.0,13637.3,13661.3
1748210619465.0,13637.1,13661.1
1748210620031.0,13636.3,13660.3
1748210620127.0,13636.2,13660.2
1748210621874.0,13636.7,13660.7
1748210622533.0,13636.8,13660.8
1748210622632.0,13636.9,13660.9
1748210624039.0,13636.7,13660.7
1748210624357.0,13636.5,13660.5
1748210625926.0,13637.8,13661.8
1748210627087.0,13638.0,13662.0
1748210627183.0,13638.1,13662.1
1748210630231.0,13637.9,13661.9
1748210631567.0,13638.0,13662.0
1748210631792.0,13637.6,13661.6
1748210633522.0,13637.7,13661.7
1748210633618.0,13637.8,13661.8
1748210634878.0,13638.0,13662.0
1748210635097.0,13638.2,13662.2
1748210636019.0,13637.7,13661.7
1748210636240.0,13637.3,13661.3
1748210636561.0,13637.1,13661.1
1748210638200.0,13636.6,13660.6
1748210638293.0,13636.5,13660.5
1748210640561.0,13636.7,13660.7
1748210641559.0,13636.8,13660.8
1748210641653.0,13636.9,13660.9
1748210641877.0,13636.5,13660.5
1748210642919.0,13636.7,13660.7
1748210644406.0,13636.6,13660.6
1748210644503.0,13636.5,13660.5
1748210647419.0,13636.8,13660.8
1748210647514.0,13636.9,13660.9
1748210648676.0,13636.5,13660.5
1748210650825.0,13636.3,13660.3
1748210650921.0,13636.2,13660.2
1748210653398.0,13635.8,13659.8
1748210655458.0,13635.7,13659.7
1748210655554.0,13635.6,13659.6
1748210660699.0,13635.4,13659.4
1748210660793.0,13635.3,13659.3
1748210663509.0,13634.3,13658.3
1748210663603.0,13634.1,13658.1
1748210665873.0,13633.7,13657.7
1748210666528.0,13633.6,13657.6
1748210666626.0,13633.5,13657.5
1748210667419.0,13633.2,13657.2
1748210667851.0,13633.4,13657.4
1748210668927.0,13633.5,13657.5
1748210670193.0,13633.8,13657.8
1748210670418.0,13633.7,13657.7
1748210674596.0,13633.2,13657.2
1748210676934.0,13633.4,13657.4
1748210677156.0,13633.2,13657.2
1748210682105.0,13634.1,13658.1
1748210682230.0,13634.0,13658.0
1748210683673.0,13634.1,13658.1
1748210683893.0,13634.3,13658.3
1748210684494.0,13634.6,13658.6
1748210685335.0,13634.7,13658.7
1748210686649.0,13634.9,13658.9
1748210687048.0,13635.3,13659.3
1748210687271.0,13635.5,13659.5
1748210687860.0,13635.6,13659.6
1748210688967.0,13635.8,13659.8
1748210689603.0,13635.9,13659.9
1748210690699.0,13636.3,13660.3
1748210690794.0,13636.4,13660.4
1748210692866.0,13636.2,13660.2
1748210693645.0,13636.1,13660.1
1748210693869.0,13635.7,13659.7
1748210693966.0,13635.6,13659.6
1748210695319.0,13635.9,13659.9
1748210700509.0,13635.3,13659.3
1748210700635.0,13635.1,13659.1
1748210700859.0,13635.2,13659.2
1748210701400.0,13635.0,13659.0
1748210701911.0,13635.2,13659.2
1748210702312.0,13635.5,13659.5
1748210704501.0,13635.3,13659.3
1748210704626.0,13635.2,13659.2
1748210706481.0,13635.3,13659.3
1748210706883.0,13635.7,13659.7
1748210706978.0,13635.8,13659.8
1748210709421.0,13635.9,13659.9
1748210710052.0,13635.8,13659.8
1748210710287.0,13635.7,13659.7
1748210710387.0,13635.6,13659.6
1748210712410.0,13636.1,13660.1
1748210712537.0,13636.2,13660.2
1748210712761.0,13636.1,13660.1
1748210713739.0,13636.2,13660.2
1748210713962.0,13636.4,13660.4
1748210714831.0,13636.5,13660.5
1748210715058.0,13636.8,13660.8
1748210715157.0,13636.9,13660.9
1748210715541.0,13636.5,13660.5
1748210717956.0,13636.1,13660.1
1748210718177.0,13635.6,13659.6
1748210718275.0,13635.5,13659.5
1748210718402.0,13635.6,13659.6
1748210719583.0,13635.8,13659.8
1748210720075.0,13635.6,13659.6
1748210721281.0,13636.3,13660.3
1748210721376.0,13636.4,13660.4
1748210722755.0,13636.3,13660.3
1748210723077.0,13635.9,13659.9
1748210723602.0,13636.3,13660.3
1748210723696.0,13636.4,13660.4
1748210724731.0,13636.5,13660.5
1748210725052.0,13636.9,13660.9
1748210725456.0,13637.1,13661.1
1748210725674.0,13637.3,13661.3
1748210726575.0,13637.4,13661.4
1748210726797.0,13637.3,13661.3
1748210727958.0,13637.2,13661.2
1748210728055.0,13637.1,13661.1
1748210728458.0,13637.3,13661.3
1748210729048.0,13637.4,13661.4
1748210729271.0,13637.3,13661.3
1748210731131.0,13637.4,13661.4
1748210732698.0,13637.3,13661.3
1748210732919.0,13636.8,13660.8
1748210733147.0,13636.8,13660.8
1748210733245.0,13636.9,13660.9
1748210733368.0,13637.0,13661.0
1748210733901.0,13637.1,13661.1
1748210734127.0,13637.5,13661.5
1748210734224.0,13637.6,13661.6
1748210734454.0,13637.4,13661.4
1748210734681.0,13636.7,13660.7
1748210735099.0,13636.9,13660.9
1748210735224.0,13637.0,13661.0
1748210735681.0,13637.1,13661.1
1748210737161.0,13636.7,13660.7
1748210740255.0,13636.8,13660.8
1748210740475.0,13636.7,13660.7
1748210746241.0,13636.6,13660.6
1748210746339.0,13636.5,13660.5
1748210746724.0,13637.1,13661.1
1748210750535.0,13637.0,13661.0
1748210750753.0,13636.9,13660.9
1748210753732.0,13636.7,13660.7
1748210753954.0,13637.0,13661.0
1748210755804.0,13637.1,13661.1
1748210756447.0,13636.7,13660.7
1748210757644.0,13637.2,13661.2
1748210757738.0,13637.3,13661.3
1748210759747.0,13637.4,13661.4
1748210759965.0,13637.6,13661.6
1748210762208.0,13637.7,13661.7
1748210762431.0,13637.6,13661.6
1748210763501.0,13637.7,13661.7
1748210763599.0,13637.8,13661.8
1748210764261.0,13638.1,13662.1
1748210764387.0,13637.6,13661.6
1748210765589.0,13637.4,13661.4
1748210766802.0,13637.3,13661.3
1748210767175.0,13637.4,13661.4
1748210767398.0,13637.6,13661.6
1748210767721.0,13637.8,13661.8
1748210767848.0,13637.9,13661.9
1748210769251.0,13638.0,13662.0
1748210769470.0,13638.2,13662.2
1748210774507.0,13637.9,13661.9
1748210775057.0,13638.0,13662.0
1748210775156.0,13638.1,13662.1
1748210776913.0,13637.8,13661.8
1748210777443.0,13637.6,13661.6
1748210778107.0,13637.5,13661.5
1748210778330.0,13637.2,13661.2
1748210778427.0,13637.1,13661.1
1748210778799.0,13637.3,13661.3
1748210779244.0,13637.4,13661.4
1748210779468.0,13637.6,13661.6
1748210779692.0,13637.9,13661.9
1748210780661.0,13638.0,13662.0
1748210780760.0,13638.1,13662.1
1748210782086.0,13638.2,13662.2
1748210782573.0,13638.3,13662.3
1748210782670.0,13638.4,13662.4
1748210782798.0,13638.2,13662.2
1748210783319.0,13637.8,13661.8
1748210783540.0,13637.9,13661.9
1748210783763.0,13637.8,13661.8
1748210783992.0,13637.6,13661.6
1748210784679.0,13637.4,13661.4
1748210784804.0,13637.3,13661.3
1748210785263.0,13637.5,13661.5
1748210785487.0,13637.3,13661.3
1748210785807.0,13637.4,13661.4
1748210786031.0,13637.3,13661.3
1748210786774.0,13637.4,13661.4
1748210792118.0,13638.0,13662.0
1748210792212.0,13638.1,13662.1
1748210793463.0,13637.9,13661.9
1748210794153.0,13638.0,13662.0
1748210794377.0,13637.8,13661.8
1748210795719.0,13637.6,13661.6
1748210809589.0,13637.5,13661.5
1748210809688.0,13637.4,13661.4
1748210809999.0,13637.3,13661.3
1748210811435.0,13636.9,13660.9
1748210812171.0,13636.4,13660.4
1748210812674.0,13636.3,13660.3
1748210812772.0,13636.2,13660.2
1748210814768.0,13636.5,13660.5
1748210815904.0,13637.2,13661.2
1748210815998.0,13637.3,13661.3
1748210816224.0,13638.2,13662.2
1748210816349.0,13642.9,13666.9
1748210816576.0,13644.4,13668.4
1748210816675.0,13644.5,13668.5
1748210816898.0,13643.9,13667.9
1748210817107.0,13643.8,13667.8
1748210817331.0,13643.5,13667.5
1748210817657.0,13644.8,13668.8
1748210818085.0,13644.4,13668.4
1748210818303.0,13644.2,13668.2
1748210818788.0,13648.0,13672.0
1748210818914.0,13647.4,13671.4
1748210819237.0,13646.9,13670.9
1748210819365.0,13650.8,13674.8
1748210819464.0,13651.3,13675.3
1748210819687.0,13652.7,13676.7
1748210819813.0,13654.3,13678.3
1748210820041.0,13652.9,13676.9
1748210820138.0,13652.7,13676.7
1748210820364.0,13651.9,13675.9
1748210820493.0,13649.6,13673.6
1748210820587.0,13649.3,13673.3
1748210820812.0,13649.0,13673.0
1748210820938.0,13648.8,13672.8
1748210821037.0,13648.7,13672.7
1748210821264.0,13651.6,13675.6
1748210821390.0,13651.7,13675.7
1748210821613.0,13651.5,13675.5
1748210821939.0,13651.1,13675.1
1748210822163.0,13649.6,13673.6
1748210822388.0,13650.8,13674.8
1748210822515.0,13650.3,13674.3
1748210822612.0,13650.2,13674.2
1748210822739.0,13650.5,13674.5
1748210822963.0,13650.3,13674.3
1748210823194.0,13648.5,13672.5
1748210823288.0,13648.3,13672.3
1748210823512.0,13647.2,13671.2
1748210823636.0,13647.1,13671.1
1748210823961.0,13646.9,13670.9
1748210825035.0,13646.3,13670.3
1748210825766.0,13650.7,13674.7
1748210825984.0,13652.5,13676.5
1748210826084.0,13652.7,13676.7
1748210826310.0,13650.7,13674.7
1748210826435.0,13649.8,13673.8
1748210826534.0,13649.6,13673.6
1748210826760.0,13648.2,13672.2
1748210826858.0,13648.0,13672.0
1748210827083.0,13649.0,13673.0
1748210827207.0,13649.2,13673.2
1748210827587.0,13649.1,13673.1
1748210827683.0,13649.0,13673.0
1748210827912.0,13647.5,13671.5
1748210828472.0,13648.1,13672.1
1748210828691.0,13647.7,13671.7
1748210829205.0,13647.8,13671.8
1748210829986.0,13647.7,13671.7
1748210830213.0,13649.0,13673.0
1748210830312.0,13649.2,13673.2
1748210830438.0,13649.6,13673.6
1748210831026.0,13647.4,13671.4
1748210831561.0,13647.1,13671.1
1748210831784.0,13647.5,13671.5
1748210832011.0,13648.1,13672.1
1748210832233.0,13648.4,13672.4
1748210832462.0,13648.3,13672.3
1748210832687.0,13647.6,13671.6
1748210832783.0,13647.5,13671.5
1748210833023.0,13647.8,13671.8
1748210833247.0,13647.3,13671.3
1748210833346.0,13647.2,13671.2
1748210833994.0,13647.5,13671.5
1748210834291.0,13647.4,13671.4
1748210834613.0,13646.9,13670.9
1748210834961.0,13646.8,13670.8
1748210835190.0,13646.0,13670.0
1748210835288.0,13645.9,13669.9
1748210835687.0,13646.0,13670.0
1748210836011.0,13647.1,13671.1
1748210836138.0,13645.8,13669.8
1748210836362.0,13646.0,13670.0
1748210836684.0,13645.4,13669.4
1748210836812.0,13645.7,13669.7
1748210837296.0,13646.8,13670.8
1748210837392.0,13646.9,13670.9
1748210837517.0,13646.5,13670.5
1748210837741.0,13646.1,13670.1
1748210837840.0,13646.0,13670.0
1748210838085.0,13645.9,13669.9
1748210838308.0,13645.5,13669.5
1748210838536.0,13644.9,13668.9
1748210838635.0,13644.8,13668.8
1748210838886.0,13644.5,13668.5
1748210839719.0,13644.7,13668.7
1748210839940.0,13645.1,13669.1
1748210841108.0,13645.0,13669.0
1748210841838.0,13644.8,13668.8
1748210842063.0,13645.1,13669.1
1748210842287.0,13645.0,13669.0
1748210842611.0,13644.5,13668.5
1748210843029.0,13644.7,13668.7
1748210843252.0,13645.3,13669.3
1748210843351.0,13645.4,13669.4
1748210843902.0,13646.0,13670.0
1748210844126.0,13645.5,13669.5
1748210844224.0,13645.4,13669.4
1748210844445.0,13645.9,13669.9
1748210844571.0,13646.0,13670.0
1748210845120.0,13645.7,13669.7
1748210845563.0,13645.5,13669.5
1748210845787.0,13646.5,13670.5
1748210845885.0,13646.6,13670.6
1748210848135.0,13646.5,13670.5
1748210848454.0,13645.7,13669.7
1748210849118.0,13646.0,13670.0
1748210849518.0,13645.9,13669.9
1748210850334.0,13646.2,13670.2
1748210850735.0,13646.9,13670.9
1748210851058.0,13648.3,13672.3
1748210851283.0,13647.8,13671.8
1748210851409.0,13648.2,13672.2
1748210851632.0,13648.6,13672.6
1748210851990.0,13648.7,13672.7
1748210852213.0,13648.6,13672.6
1748210852440.0,13649.0,13673.0
1748210852667.0,13650.1,13674.1
1748210852891.0,13650.0,13674.0
1748210852989.0,13649.9,13673.9
1748210853113.0,13650.1,13674.1
1748210853439.0,13649.5,13673.5
1748210854144.0,13648.7,13672.7
1748210854447.0,13648.2,13672.2
1748210854545.0,13648.1,13672.1
1748210855837.0,13648.0,13672.0
1748210856061.0,13647.4,13671.4
1748210856285.0,13647.8,13671.8
1748210856510.0,13648.0,13672.0
1748210856956.0,13648.1,13672.1
1748210857184.0,13649.3,13673.3
1748210857281.0,13649.5,13673.5
1748210857504.0,13649.0,13673.0
1748210857774.0,13649.3,13673.3
1748210858454.0,13649.5,13673.5
1748210858676.0,13649.4,13673.4
1748210858903.0,13649.5,13673.5
1748210859229.0,13648.9,13672.9
1748210859498.0,13648.7,13672.7
1748210859943.0,13648.3,13672.3
1748210861354.0,13649.8,13673.8
1748210861671.0,13650.1,13674.1
1748210862615.0,13650.0,13674.0
1748210862713.0,13649.9,13673.9
1748210863133.0,13648.6,13672.6
1748210863229.0,13648.4,13672.4
1748210863777.0,13648.7,13672.7
1748210864303.0,13649.3,13673.3
1748210865298.0,13649.2,13673.2
1748210865518.0,13648.5,13672.5
1748210865742.0,13648.6,13672.6
1748210866068.0,13646.9,13670.9
1748210866866.0,13646.8,13670.8
1748210867094.0,13646.6,13670.6
1748210867962.0,13647.5,13671.5
1748210868263.0,13647.8,13671.8
1748210869227.0,13648.1,13672.1
1748210869448.0,13648.4,13672.4
1748210869673.0,13648.2,13672.2
1748210869772.0,13648.1,13672.1
1748210870397.0,13648.0,13672.0
1748210870623.0,13647.7,13671.7
1748210870946.0,13648.3,13672.3
1748210871291.0,13648.2,13672.2
1748210871517.0,13648.7,13672.7
1748210872431.0,13649.0,13673.0
1748210873461.0,13648.9,13672.9
1748210873785.0,13648.1,13672.1
1748210873910.0,13648.4,13672.4
1748210874760.0,13648.2,13672.2
1748210874857.0,13648.1,13672.1
1748210875367.0,13648.4,13672.4
1748210875591.0,13648.8,13672.8
1748210875688.0,13648.9,13672.9
1748210875965.0,13648.7,13672.7
1748210876193.0,13648.9,13672.9
1748210876416.0,13649.0,13673.0
1748210876646.0,13649.7,13673.7
1748210876869.0,13649.9,13673.9
1748210877470.0,13650.7,13674.7
1748210877567.0,13650.8,13674.8
1748210877691.0,13651.0,13675.0
1748210877917.0,13651.5,13675.5
1748210878016.0,13651.6,13675.6
1748210878468.0,13651.7,13675.7
1748210879004.0,13651.6,13675.6
1748210879657.0,13651.7,13675.7
1748210879983.0,13650.5,13674.5
1748210880356.0,13649.9,13673.9
1748210880629.0,13650.1,13674.1
1748210880953.0,13649.9,13673.9
1748210881600.0,13652.0,13676.0
1748210881950.0,13650.9,13674.9
1748210882178.0,13651.6,13675.6
1748210882276.0,13651.7,13675.7
1748210882402.0,13652.0,13676.0
1748210882837.0,13652.2,13676.2
1748210883163.0,13653.6,13677.6
1748210883387.0,13652.7,13676.7
1748210884112.0,13653.9,13677.9
1748210884237.0,13653.6,13677.6
1748210884711.0,13653.9,13677.9
1748210885063.0,13654.2,13678.2
1748210885388.0,13655.1,13679.1
1748210885689.0,13654.5,13678.5
1748210885910.0,13654.3,13678.3
1748210886239.0,13656.4,13680.4
1748210886364.0,13656.8,13680.8
1748210886462.0,13656.9,13680.9
1748210886960.0,13656.6,13680.6
1748210887186.0,13656.0,13680.0
1748210887510.0,13658.1,13682.1
1748210887636.0,13657.5,13681.5
1748210887860.0,13657.2,13681.2
1748210888186.0,13658.4,13682.4
1748210888537.0,13660.6,13684.6
1748210888764.0,13663.8,13687.8
1748210888861.0,13664.2,13688.2
1748210889083.0,13664.7,13688.7
1748210889211.0,13665.1,13689.1
1748210889435.0,13665.4,13689.4
1748210889534.0,13665.5,13689.5
1748210889659.0,13665.6,13689.6
1748210890062.0,13664.2,13688.2
1748210890412.0,13664.5,13688.5
1748210890736.0,13663.8,13687.8
1748210890863.0,13663.5,13687.5
1748210891179.0,13663.6,13687.6
1748210891404.0,13661.9,13685.9
1748210891629.0,13660.2,13684.2
1748210891728.0,13660.0,13684.0
1748210892283.0,13658.6,13682.6
1748210892504.0,13658.4,13682.4
1748210893276.0,13658.5,13682.5
1748210893502.0,13658.4,13682.4
1748210893828.0,13657.9,13681.9
1748210894182.0,13659.1,13683.1
1748210894403.0,13661.1,13685.1
1748210894505.0,13661.4,13685.4
1748210894728.0,13659.4,13683.4
1748210894856.0,13660.4,13684.4
1748210895082.0,13659.7,13683.7
1748210895180.0,13659.6,13683.6
1748210895304.0,13659.4,13683.4
1748210895528.0,13659.6,13683.6
1748210895922.0,13659.3,13683.3
1748210896247.0,13660.3,13684.3
1748210896521.0,13660.5,13684.5
1748210896746.0,13660.9,13684.9
1748210896970.0,13660.3,13684.3
1748210897069.0,13660.2,13684.2
1748210897296.0,13659.4,13683.4
1748210897419.0,13659.3,13683.3
1748210897644.0,13659.4,13683.4
1748210897871.0,13659.6,13683.6
1748210898195.0,13659.9,13683.9
1748210898468.0,13660.5,13684.5
1748210898596.0,13660.2,13684.2
1748210898820.0,13660.4,13684.4
1748210898919.0,13660.5,13684.5
1748210899144.0,13660.0,13684.0
1748210899270.0,13659.8,13683.8
1748210899494.0,13660.0,13684.0
1748210899819.0,13659.7,13683.7
1748210899944.0,13660.0,13684.0
1748210900172.0,13659.9,13683.9
1748210900569.0,13659.6,13683.6
1748210901406.0,13657.7,13681.7
1748210901636.0,13657.1,13681.1
1748210901732.0,13657.0,13681.0
1748210901855.0,13656.9,13680.9
1748210902086.0,13656.5,13680.5
1748210902307.0,13656.8,13680.8
1748210902406.0,13656.9,13680.9
1748210902535.0,13656.6,13680.6
1748210902857.0,13657.3,13681.3
1748210902983.0,13657.5,13681.5
1748210903208.0,13657.6,13681.6
1748210903532.0,13656.9,13680.9
1748210903658.0,13657.1,13681.1
1748210903885.0,13657.4,13681.4
1748210903980.0,13657.5,13681.5
1748210904206.0,13657.7,13681.7
1748210904432.0,13657.6,13681.6
1748210904658.0,13657.2,13681.2
1748210905103.0,13656.8,13680.8
1748210905200.0,13656.7,13680.7
1748210905422.0,13656.9,13680.9
1748210905701.0,13657.0,13681.0
1748210905927.0,13656.7,13680.7
1748210906152.0,13657.3,13681.3
1748210906375.0,13657.5,13681.5
1748210906701.0,13657.8,13681.8
1748210907054.0,13657.9,13681.9
1748210907275.0,13658.3,13682.3
1748210907375.0,13658.4,13682.4
1748210908909.0,13658.5,13682.5
1748210909558.0,13659.0,13683.0
1748210909781.0,13659.1,13683.1
1748210910004.0,13659.4,13683.4
1748210910230.0,13659.3,13683.3
1748210910455.0,13659.5,13683.5
1748210910552.0,13659.6,13683.6
1748210910681.0,13659.3,13683.3
1748210911123.0,13659.2,13683.2
1748210911223.0,13659.1,13683.1
1748210911349.0,13659.4,13683.4
1748210911575.0,13659.0,13683.0
1748210911799.0,13658.6,13682.6
1748210911897.0,13658.5,13682.5
1748210912599.0,13658.4,13682.4
1748210912923.0,13657.9,13681.9
1748210913345.0,13658.2,13682.2
1748210913568.0,13658.6,13682.6
1748210913667.0,13658.7,13682.7
1748210913890.0,13659.0,13683.0
1748210914267.0,13659.5,13683.5
1748210914365.0,13659.6,13683.6
1748210914489.0,13659.0,13683.0
1748210914814.0,13659.3,13683.3
1748210915121.0,13659.4,13683.4
1748210915444.0,13659.1,13683.1
1748210915570.0,13659.3,13683.3
1748210915796.0,13659.4,13683.4
1748210916121.0,13659.1,13683.1
1748210916247.0,13658.7,13682.7
1748210916648.0,13658.4,13682.4
1748210916872.0,13658.2,13682.2
1748210917534.0,13658.4,13682.4
1748210917968.0,13658.1,13682.1
1748210919522.0,13657.8,13681.8
1748210919760.0,13657.9,13681.9
1748210920160.0,13658.0,13682.0
1748210920258.0,13658.1,13682.1
1748210920385.0,13657.5,13681.5
1748210920607.0,13657.6,13681.6
1748210921040.0,13657.8,13681.8
1748210921472.0,13657.6,13681.6
1748210921793.0,13656.9,13680.9
1748210921920.0,13656.6,13680.6
1748210922511.0,13656.7,13680.7
1748210922735.0,13656.2,13680.2
1748210922833.0,13656.1,13680.1
1748210923110.0,13655.9,13679.9
1748210923208.0,13655.8,13679.8
1748210924400.0,13655.4,13679.4
1748210924621.0,13655.5,13679.5
1748210924849.0,13655.4,13679.4
1748210925202.0,13655.6,13679.6
1748210925299.0,13655.7,13679.7
1748210925523.0,13656.6,13680.6
1748210925649.0,13655.8,13679.8
1748210925875.0,13655.9,13679.9
1748210925973.0,13656.0,13680.0
1748210926099.0,13655.8,13679.8
1748210926418.0,13655.9,13679.9
1748210926518.0,13656.0,13680.0
1748210926643.0,13656.4,13680.4
1748210927680.0,13655.7,13679.7
1748210927810.0,13660.7,13684.7
1748210928032.0,13660.9,13684.9
1748210928131.0,13660.8,13684.8
1748210928959.0,13660.7,13684.7
1748210929056.0,13660.6,13684.6
1748210929180.0,13660.8,13684.8
1748210929711.0,13660.5,13684.5
1748210929933.0,13660.4,13684.4
1748210930032.0,13660.3,13684.3
1748210930162.0,13660.9,13684.9
1748210930382.0,13660.8,13684.8
1748210930811.0,13661.0,13685.0
1748210930910.0,13661.1,13685.1
1748210931135.0,13660.6,13684.6
1748210931915.0,13659.7,13683.7
1748210932138.0,13658.7,13682.7
1748210932235.0,13658.5,13682.5
1748210932361.0,13658.4,13682.4
1748210932686.0,13659.4,13683.4
1748210932815.0,13660.4,13684.4
1748210933038.0,13659.9,13683.9
1748210933359.0,13659.4,13683.4
1748210933486.0,13659.0,13683.0
1748210933801.0,13660.4,13684.4
1748210933897.0,13660.6,13684.6
1748210936019.0,13660.1,13684.1
1748210936116.0,13660.0,13684.0
1748210936665.0,13659.8,13683.8
1748210936761.0,13659.7,13683.7
1748210936890.0,13659.5,13683.5
1748210936987.0,13659.4,13683.4
1748210937467.0,13657.7,13681.7
1748210937561.0,13657.5,13681.5
1748210938274.0,13656.9,13680.9
1748210939465.0,13657.0,13681.0
1748210939689.0,13656.7,13680.7
1748210940644.0,13656.9,13680.9
1748210941901.0,13656.6,13680.6
1748210942124.0,13656.3,13680.3
1748210942873.0,13656.0,13680.0
1748210943096.0,13655.4,13679.4
1748210943419.0,13654.6,13678.6
1748210943545.0,13654.3,13678.3
1748210943771.0,13654.4,13678.4
1748210943869.0,13654.5,13678.5
1748210943994.0,13654.6,13678.6
1748210944220.0,13654.2,13678.2
1748210945056.0,13654.7,13678.7
1748210945277.0,13654.5,13678.5
1748210945672.0,13655.7,13679.7
1748210945768.0,13655.8,13679.8
1748210945893.0,13655.5,13679.5
1748210947680.0,13655.4,13679.4
1748210947899.0,13654.8,13678.8
1748210948318.0,13655.2,13679.2
1748210948745.0,13654.0,13678.0
1748210948841.0,13653.8,13677.8
1748210949954.0,13653.7,13677.7
1748210950181.0,13654.1,13678.1
1748210950279.0,13654.2,13678.2
1748210950401.0,13654.3,13678.3
1748210951597.0,13654.4,13678.4
1748210951696.0,13654.5,13678.5
1748210952197.0,13654.3,13678.3
1748210952420.0,13653.6,13677.6
1748210952646.0,13653.8,13677.8
1748210952872.0,13655.7,13679.7
1748210952970.0,13656.0,13680.0
1748210953571.0,13655.7,13679.7
1748210953794.0,13655.1,13679.1
1748210954377.0,13655.4,13679.4
1748210955862.0,13655.0,13679.0
1748210955960.0,13654.9,13678.9
1748210956085.0,13654.8,13678.8
1748210956828.0,13654.6,13678.6
1748210957154.0,13653.7,13677.7
1748210957416.0,13653.6,13677.6
1748210957640.0,13653.3,13677.3
1748210958511.0,13653.1,13677.1
1748210958833.0,13652.9,13676.9
1748210959059.0,13653.3,13677.3
1748210959613.0,13652.9,13676.9
1748210959737.0,13652.5,13676.5
1748210960143.0,13652.8,13676.8
1748210960365.0,13652.9,13676.9
1748210960592.0,13652.5,13676.5
1748210960915.0,13652.3,13676.3
1748210961045.0,13652.1,13676.1
1748210961866.0,13652.3,13676.3
1748210962086.0,13652.1,13676.1
1748210962310.0,13651.9,13675.9
1748210962796.0,13653.1,13677.1
1748210963017.0,13652.7,13676.7
1748210963340.0,13653.3,13677.3
1748210964756.0,13654.8,13678.8
1748210965842.0,13655.1,13679.1
1748210966067.0,13655.4,13679.4
1748210966416.0,13655.4,13679.4
1748210966793.0,13655.2,13679.2
1748210967018.0,13655.3,13679.3
1748210967118.0,13655.4,13679.4
1748210967603.0,13655.2,13679.2
1748210968214.0,13655.4,13679.4
1748210968563.0,13655.2,13679.2
1748210969808.0,13655.4,13679.4
1748210970333.0,13655.5,13679.5
1748210970732.0,13655.1,13679.1
1748210970956.0,13655.2,13679.2
1748210971283.0,13654.9,13678.9
1748210971405.0,13654.8,13678.8
1748210973271.0,13654.5,13678.5
1748210974688.0,13656.2,13680.2
1748210974783.0,13656.4,13680.4
1748210975191.0,13656.6,13680.6
1748210975317.0,13657.4,13681.4
1748210975542.0,13657.7,13681.7
1748210975642.0,13657.8,13681.8
1748210975766.0,13658.2,13682.2
1748210976093.0,13660.0,13684.0
1748210976217.0,13660.2,13684.2
1748210976443.0,13660.4,13684.4
1748210976542.0,13660.5,13684.5
1748210976766.0,13660.8,13684.8
1748210977129.0,13660.5,13684.5
1748210977350.0,13660.7,13684.7
1748210977447.0,13660.8,13684.8
1748210977979.0,13660.6,13684.6
1748210979029.0,13660.8,13684.8
1748210979858.0,13660.6,13684.6
1748210980068.0,13660.8,13684.8
1748210980293.0,13660.4,13684.4
1748210980518.0,13660.1,13684.1
1748210980617.0,13660.0,13684.0
1748210981053.0,13659.9,13683.9
1748210981623.0,13659.7,13683.7
1748210982054.0,13658.4,13682.4
1748210982149.0,13658.2,13682.2
1748210982679.0,13658.8,13682.8
1748210983075.0,13659.0,13683.0
1748210983399.0,13659.3,13683.3
1748210983543.0,13659.4,13683.4
1748210983770.0,13659.2,13683.2
1748210983994.0,13658.6,13682.6
1748210984094.0,13658.5,13682.5
1748210984217.0,13658.4,13682.4
1748210984548.0,13658.8,13682.8
1748210984963.0,13658.5,13682.5
1748210985092.0,13658.8,13682.8
1748210985497.0,13658.5,13682.5
1748210985625.0,13659.2,13683.2
1748210985723.0,13659.3,13683.3
1748210986000.0,13658.9,13682.9
1748210986227.0,13657.6,13681.6
1748210986322.0,13657.5,13681.5
1748210987079.0,13657.7,13681.7
1748210987176.0,13657.8,13681.8
1748210987543.0,13658.3,13682.3
1748210987638.0,13658.4,13682.4
1748210987944.0,13658.1,13682.1
1748210988882.0,13658.2,13682.2
1748210989105.0,13658.1,13682.1
1748210989892.0,13658.7,13682.7
1748210990016.0,13658.4,13682.4
1748210990240.0,13658.2,13682.2
1748210990568.0,13658.1,13682.1
1748210990966.0,13657.8,13681.8
1748210991189.0,13657.9,13681.9
1748210991513.0,13658.1,13682.1
1748210992086.0,13658.4,13682.4
1748210992214.0,13658.5,13682.5
1748210992438.0,13658.7,13682.7
1748210993411.0,13659.0,13683.0
1748210994392.0,13660.5,13684.5
1748210994518.0,13660.2,13684.2
1748210995892.0,13660.0,13684.0
1748210996216.0,13659.4,13683.4
1748210997420.0,13659.0,13683.0
1748210997734.0,13659.1,13683.1
1748210997953.0,13659.3,13683.3
1748210998281.0,13659.6,13683.6
1748210998405.0,13659.7,13683.7
1748210998631.0,13659.6,13683.6
1748211000024.0,13659.0,13683.0
1748211000346.0,13659.3,13683.3
1748211000471.0,13660.1,13684.1
1748211000571.0,13660.2,13684.2
1748211001113.0,13659.8,13683.8
1748211001211.0,13659.7,13683.7
1748211001436.0,13658.8,13682.8
1748211001562.0,13658.4,13682.4
1748211002241.0,13658.5,13682.5
1748211002463.0,13658.4,13682.4
1748211002691.0,13658.6,13682.6
1748211002788.0,13658.7,13682.7
1748211002916.0,13658.1,13682.1
1748211003323.0,13657.9,13681.9
1748211003648.0,13658.1,13682.1
1748211003776.0,13658.9,13682.9
1748211003873.0,13659.0,13683.0
1748211004642.0,13659.1,13683.1
1748211004861.0,13659.3,13683.3
1748211007527.0,13660.0,13684.0
1748211008193.0,13661.0,13685.0
1748211008286.0,13661.1,13685.1
1748211008508.0,13661.4,13685.4
1748211008636.0,13661.7,13685.7
1748211008861.0,13662.2,13686.2
1748211008960.0,13662.3,13686.3
1748211009092.0,13662.7,13686.7
1748211009309.0,13662.6,13686.6
1748211009884.0,13662.3,13686.3
1748211010107.0,13661.7,13685.7
1748211010331.0,13662.0,13686.0
1748211010555.0,13661.9,13685.9
1748211010653.0,13661.8,13685.8
1748211010783.0,13661.7,13685.7
1748211011006.0,13661.4,13685.4
1748211012243.0,13660.7,13684.7
1748211012327.0,13660.6,13684.6
1748211012887.0,13660.8,13684.8
1748211014028.0,13660.9,13684.9
1748211014350.0,13660.6,13684.6
1748211015426.0,13660.8,13684.8
1748211015921.0,13659.4,13683.4
1748211016799.0,13659.0,13683.0
1748211017233.0,13658.8,13682.8
1748211017456.0,13658.7,13682.7
1748211017784.0,13659.4,13683.4
1748211017909.0,13659.0,13683.0
1748211018461.0,13658.7,13682.7
1748211018687.0,13659.5,13683.5
1748211018910.0,13659.3,13683.3
1748211019445.0,13659.4,13683.4
1748211019670.0,13660.0,13684.0
1748211019892.0,13659.9,13683.9
1748211020435.0,13660.2,13684.2
1748211020559.0,13659.9,13683.9
1748211020785.0,13660.1,13684.1
1748211020885.0,13660.2,13684.2
1748211021556.0,13660.5,13684.5
1748211022225.0,13660.8,13684.8
1748211022519.0,13660.6,13684.6
1748211022643.0,13660.5,13684.5
1748211022869.0,13660.2,13684.2
1748211023661.0,13659.6,13683.6
1748211024655.0,13659.2,13683.2
1748211024978.0,13659.6,13683.6
1748211026845.0,13659.3,13683.3
1748211027068.0,13659.7,13683.7
1748211027293.0,13659.5,13683.5
1748211027391.0,13659.4,13683.4
1748211027620.0,13659.3,13683.3
1748211027947.0,13658.8,13682.8
1748211028287.0,13658.7,13682.7
1748211028688.0,13658.4,13682.4
1748211029609.0,13658.5,13682.5
1748211029834.0,13658.7,13682.7
1748211031151.0,13658.8,13682.8
1748211031372.0,13658.4,13682.4
1748211031779.0,13658.5,13682.5
1748211032003.0,13658.7,13682.7
1748211032515.0,13658.1,13682.1
1748211033543.0,13657.6,13681.6
1748211033670.0,13657.8,13681.8
1748211034882.0,13657.1,13681.1
1748211034977.0,13657.0,13681.0
1748211035976.0,13657.5,13681.5
1748211036101.0,13657.2,13681.2
1748211036327.0,13656.9,13680.9
1748211036873.0,13656.3,13680.3
1748211037094.0,13656.8,13680.8
1748211037193.0,13656.9,13680.9
1748211037560.0,13656.3,13680.3
1748211038581.0,13656.4,13680.4
1748211038802.0,13656.5,13680.5
1748211038901.0,13656.6,13680.6
1748211039989.0,13656.7,13680.7
1748211040213.0,13656.6,13680.6
1748211040703.0,13657.1,13681.1
1748211040799.0,13657.2,13681.2
1748211041164.0,13657.0,13681.0
1748211041388.0,13656.7,13680.7
1748211041873.0,13656.9,13680.9
1748211043237.0,13656.6,13680.6
1748211043456.0,13656.7,13680.7
1748211044057.0,13656.8,13680.8
1748211044152.0,13656.9,13680.9
1748211044280.0,13656.6,13680.6
1748211044505.0,13656.7,13680.7
1748211045055.0,13657.1,13681.1
1748211045275.0,13656.9,13680.9
1748211045600.0,13658.1,13682.1
1748211045725.0,13658.3,13682.3
1748211045824.0,13658.4,13682.4
1748211046052.0,13658.6,13682.6
1748211046150.0,13658.7,13682.7
1748211046616.0,13659.9,13683.9
1748211046711.0,13660.0,13684.0
1748211046934.0,13659.7,13683.7
1748211047062.0,13659.6,13683.6
1748211047741.0,13659.4,13683.4
1748211048333.0,13659.0,13683.0
1748211049032.0,13658.8,13682.8
1748211049354.0,13658.5,13682.5
1748211050080.0,13658.4,13682.4
1748211050481.0,13657.8,13681.8
1748211050913.0,13657.2,13681.2
1748211052166.0,13656.9,13680.9
1748211052769.0,13656.7,13680.7
1748211053093.0,13656.9,13680.9
1748211054187.0,13656.6,13680.6
1748211054617.0,13656.4,13680.4
1748211054839.0,13656.3,13680.3
1748211055066.0,13656.4,13680.4
1748211055388.0,13656.6,13680.6
1748211055641.0,13656.3,13680.3
1748211056178.0,13656.4,13680.4
1748211056398.0,13656.3,13680.3
1748211056812.0,13656.4,13680.4
1748211057039.0,13656.8,13680.8
1748211057136.0,13656.9,13680.9
1748211058502.0,13655.7,13679.7
1748211058600.0,13655.5,13679.5
1748211059143.0,13655.4,13679.4
1748211060109.0,13655.2,13679.2
1748211060333.0,13655.3,13679.3
1748211060431.0,13655.4,13679.4
1748211061633.0,13655.2,13679.2
1748211062031.0,13655.3,13679.3
1748211062129.0,13655.4,13679.4
1748211063198.0,13654.8,13678.8
1748211064526.0,13654.9,13678.9
1748211064746.0,13654.8,13678.8
1748211065343.0,13654.3,13678.3
1748211065687.0,13654.2,13678.2
1748211066826.0,13653.6,13677.6
1748211067277.0,13653.7,13677.7
1748211067497.0,13653.6,13677.6
1748211067726.0,13654.0,13678.0
1748211068099.0,13654.3,13678.3
1748211068326.0,13654.4,13678.4
1748211068549.0,13654.3,13678.3
1748211068962.0,13654.4,13678.4
1748211069061.0,13654.5,13678.5
1748211070143.0,13653.8,13677.8
1748211070515.0,13653.7,13677.7
1748211070742.0,13654.1,13678.1
1748211070840.0,13654.2,13678.2
1748211070964.0,13654.0,13678.0
1748211071189.0,13653.9,13677.9
1748211071416.0,13654.3,13678.3
1748211071641.0,13653.9,13677.9
1748211071738.0,13653.8,13677.8
1748211071909.0,13654.0,13678.0
1748211072918.0,13653.8,13677.8
1748211073015.0,13653.7,13677.7
1748211073239.0,13654.5,13678.5
1748211073802.0,13654.3,13678.3
1748211074203.0,13653.9,13677.9
1748211074300.0,13653.8,13677.8
1748211074833.0,13653.7,13677.7
1748211075059.0,13654.0,13678.0
1748211075281.0,13654.1,13678.1
1748211075380.0,13654.2,13678.2
1748211075507.0,13654.0,13678.0
1748211076861.0,13653.9,13677.9
1748211076961.0,13653.8,13677.8
1748211077670.0,13653.5,13677.5
1748211077991.0,13653.6,13677.6
1748211080083.0,13653.4,13677.4
1748211080641.0,13653.3,13677.3
1748211081425.0,13653.1,13677.1
1748211083100.0,13653.6,13677.6
1748211083321.0,13653.3,13677.3
1748211083729.0,13653.4,13677.4
1748211083952.0,13653.5,13677.5
1748211084052.0,13653.6,13677.6
1748211084447.0,13653.4,13677.4
1748211085072.0,13653.7,13677.7
1748211085293.0,13653.3,13677.3
1748211086423.0,13653.1,13677.1
1748211086647.0,13652.8,13676.8
1748211086871.0,13652.9,13676.9
1748211087658.0,13653.1,13677.1
1748211087879.0,13653.2,13677.2
1748211088107.0,13653.0,13677.0
1748211088206.0,13652.9,13676.9
1748211089693.0,13653.1,13677.1
1748211089915.0,13653.2,13677.2
1748211090015.0,13653.3,13677.3
1748211090678.0,13653.1,13677.1
1748211091505.0,13652.4,13676.4
1748211091599.0,13652.3,13676.3
1748211092104.0,13652.0,13676.0
1748211092326.0,13652.4,13676.4
1748211092549.0,13652.2,13676.2
1748211092774.0,13652.1,13676.1
1748211094254.0,13652.2,13676.2
1748211094476.0,13652.3,13676.3
1748211094702.0,13652.5,13676.5
1748211094925.0,13652.6,13676.6
1748211095251.0,13652.3,13676.3
1748211095681.0,13652.6,13676.6
1748211096820.0,13652.8,13676.8
1748211097043.0,13652.9,13676.9
1748211097368.0,13653.4,13677.4
1748211097615.0,13653.3,13677.3
1748211099134.0,13653.4,13677.4
1748211100221.0,13653.6,13677.6
1748211101394.0,13654.5,13678.5
1748211102504.0,13654.3,13678.3
1748211102728.0,13654.4,13678.4
1748211102828.0,13654.5,13678.5
1748211103739.0,13654.6,13678.6
1748211104139.0,13654.3,13678.3
1748211104790.0,13654.4,13678.4
1748211104887.0,13654.5,13678.5
1748211105466.0,13654.3,13678.3
1748211106209.0,13653.7,13677.7
1748211106331.0,13653.6,13677.6
1748211107866.0,13653.7,13677.7
1748211108517.0,13653.3,13677.3
1748211108838.0,13652.9,13676.9
1748211109159.0,13653.2,13677.2
1748211109255.0,13653.3,13677.3
1748211110187.0,13653.4,13677.4
1748211110410.0,13653.5,13677.5
1748211110511.0,13653.6,13677.6
1748211112626.0,13653.4,13677.4
1748211113701.0,13653.7,13677.7
1748211113918.0,13653.6,13677.6
1748211114734.0,13653.2,13677.2
1748211114830.0,13653.1,13677.1
1748211117380.0,13653.0,13677.0
1748211117478.0,13652.9,13676.9
1748211118183.0,13653.5,13677.5
1748211118279.0,13653.6,13677.6
1748211119452.0,13653.4,13677.4
1748211119946.0,13652.3,13676.3
1748211120358.0,13652.5,13676.5
1748211122230.0,13652.6,13676.6
1748211123181.0,13651.9,13675.9
1748211123943.0,13652.1,13676.1
1748211125340.0,13652.2,13676.2
1748211125808.0,13652.1,13676.1
1748211126035.0,13654.3,13678.3
1748211126134.0,13654.6,13678.6
1748211126357.0,13655.7,13679.7
1748211126646.0,13655.8,13679.8
1748211126968.0,13656.3,13680.3
1748211127708.0,13656.4,13680.4
1748211128107.0,13656.7,13680.7
1748211128334.0,13656.5,13680.5
1748211128432.0,13656.4,13680.4
1748211128911.0,13656.3,13680.3
1748211129767.0,13656.1,13680.1
1748211129989.0,13656.0,13680.0
1748211134181.0,13655.4,13679.4
1748211134395.0,13655.2,13679.2
1748211135175.0,13655.4,13679.4
1748211136431.0,13655.5,13679.5
1748211138918.0,13655.1,13679.1
1748211139142.0,13656.1,13680.1
1748211139241.0,13656.3,13680.3
1748211139364.0,13656.4,13680.4
1748211139588.0,13656.5,13680.5
1748211139688.0,13656.6,13680.6
1748211139848.0,13656.7,13680.7
1748211140072.0,13656.5,13680.5
1748211140171.0,13656.4,13680.4
1748211140600.0,13656.3,13680.3
1748211141777.0,13656.1,13680.1
1748211141999.0,13656.0,13680.0
1748211142225.0,13655.8,13679.8
1748211142548.0,13656.0,13680.0
1748211142847.0,13656.1,13680.1
1748211143987.0,13656.4,13680.4
1748211144208.0,13656.5,13680.5
1748211144309.0,13656.6,13680.6
1748211144650.0,13656.4,13680.4
1748211144973.0,13656.6,13680.6
1748211145566.0,13656.4,13680.4
1748211145791.0,13656.3,13680.3
1748211146829.0,13656.3,13680.3
1748211147899.0,13656.7,13680.7
1748211149296.0,13656.3,13680.3
1748211149973.0,13656.1,13680.1
1748211151097.0,13656.3,13680.3
1748211151983.0,13656.1,13680.1
1748211152210.0,13655.6,13679.6
1748211152308.0,13655.5,13679.5
1748211153806.0,13656.0,13680.0
1748211153932.0,13655.8,13679.8
1748211154610.0,13656.1,13680.1
1748211154853.0,13656.0,13680.0
1748211155366.0,13656.1,13680.1
1748211156739.0,13656.3,13680.3
1748211157491.0,13656.4,13680.4
1748211158404.0,13656.7,13680.7
1748211158726.0,13658.2,13682.2
1748211158950.0,13662.0,13686.0
1748211159075.0,13662.4,13686.4
1748211159305.0,13661.8,13685.8
1748211159524.0,13661.8,13685.8
1748211160278.0,13661.1,13685.1
1748211160502.0,13661.7,13685.7
1748211160628.0,13661.4,13685.4
1748211161028.0,13661.0,13685.0
1748211161351.0,13661.4,13685.4
1748211162152.0,13661.5,13685.5
1748211162376.0,13661.3,13685.3
1748211162601.0,13660.8,13684.8
1748211162923.0,13661.4,13685.4
1748211163053.0,13661.1,13685.1
1748211163277.0,13660.8,13684.8
1748211164599.0,13660.9,13684.9
1748211164820.0,13661.1,13685.1
1748211165519.0,13660.8,13684.8
1748211166158.0,13660.3,13684.3
1748211166283.0,13660.6,13684.6
1748211166606.0,13660.3,13684.3
1748211166920.0,13659.9,13683.9
1748211167143.0,13660.3,13684.3
1748211167976.0,13660.2,13684.2
1748211169701.0,13660.0,13684.0
1748211170023.0,13659.3,13683.3
1748211170150.0,13660.0,13684.0
1748211170558.0,13659.6,13683.6
1748211170783.0,13659.8,13683.8
1748211170880.0,13659.9,13683.9
1748211171157.0,13659.7,13683.7
1748211171384.0,13659.5,13683.5
1748211171482.0,13659.4,13683.4
1748211171882.0,13659.8,13683.8
1748211171980.0,13659.9,13683.9
1748211172489.0,13660.0,13684.0
1748211172710.0,13660.2,13684.2
1748211173479.0,13660.4,13684.4
1748211173577.0,13660.5,13684.5
1748211174995.0,13661.2,13685.2
1748211175215.0,13660.8,13684.8
1748211175999.0,13660.7,13684.7
1748211176096.0,13660.6,13684.6
1748211177180.0,13661.0,13685.0
1748211177272.0,13661.1,13685.1
1748211177396.0,13660.9,13684.9
1748211178008.0,13661.2,13685.2
1748211178228.0,13661.0,13685.0
1748211178454.0,13661.1,13685.1
1748211178805.0,13661.6,13685.6
1748211178904.0,13661.7,13685.7
1748211179128.0,13661.5,13685.5
1748211179253.0,13661.4,13685.4
1748211179475.0,13661.5,13685.5
1748211180300.0,13661.7,13685.7
1748211181240.0,13661.4,13685.4
1748211181462.0,13661.7,13685.7
1748211183709.0,13661.6,13685.6
1748211183806.0,13661.5,13685.5
1748211183929.0,13661.7,13685.7
1748211184157.0,13661.4,13685.4
1748211184382.0,13662.5,13686.5
1748211184481.0,13662.6,13686.6
1748211184704.0,13663.2,13687.2
1748211185399.0,13663.1,13687.1
1748211185622.0,13662.9,13686.9
1748211185946.0,13662.4,13686.4
1748211186354.0,13662.8,13686.8
1748211186451.0,13662.9,13686.9
1748211187442.0,13663.4,13687.4
1748211187568.0,13663.7,13687.7
1748211187666.0,13663.8,13687.8
1748211188795.0,13663.5,13687.5
1748211189109.0,13663.6,13687.6
1748211189333.0,13663.8,13687.8
1748211189563.0,13663.5,13687.5
1748211189783.0,13663.6,13687.6
1748211190007.0,13663.8,13687.8
1748211191351.0,13663.9,13687.9
1748211191800.0,13664.1,13688.1
1748211192369.0,13663.5,13687.5
1748211192535.0,13663.4,13687.4
1748211192761.0,13662.8,13686.8
1748211192860.0,13662.7,13686.7
1748211193203.0,13662.9,13686.9
1748211194680.0,13662.6,13686.6
1748211195456.0,13662.7,13686.7
1748211195780.0,13663.2,13687.2
1748211195903.0,13663.1,13687.1
1748211196003.0,13663.0,13687.0
1748211196899.0,13662.9,13686.9
1748211197561.0,13664.1,13688.1
1748211197654.0,13664.2,13688.2
1748211197879.0,13663.9,13687.9
1748211198233.0,13664.3,13688.3
1748211198331.0,13664.4,13688.4
1748211198456.0,13664.7,13688.7
1748211198681.0,13664.6,13688.6
1748211199141.0,13663.5,13687.5
1748211199264.0,13663.0,13687.0
1748211199362.0,13662.9,13686.9
1748211199921.0,13664.8,13688.8
1748211200140.0,13664.5,13688.5
1748211200239.0,13664.4,13688.4
1748211202321.0,13664.5,13688.5
1748211202417.0,13664.6,13688.6
1748211202541.0,13664.4,13688.4
1748211203537.0,13664.3,13688.3
1748211203634.0,13664.2,13688.2
1748211204177.0,13664.4,13688.4
1748211204576.0,13664.1,13688.1
1748211205950.0,13663.9,13687.9
1748211206251.0,13664.1,13688.1
1748211206472.0,13664.2,13688.2
1748211206759.0,13664.3,13688.3
1748211207068.0,13664.5,13688.5
1748211207194.0,13664.6,13688.6
1748211208775.0,13664.5,13688.5
1748211209094.0,13664.3,13688.3
1748211209317.0,13664.2,13688.2
1748211209418.0,13664.1,13688.1
1748211210895.0,13664.5,13688.5
1748211211654.0,13664.2,13688.2
1748211211927.0,13664.3,13688.3
1748211212254.0,13664.1,13688.1
1748211212378.0,13664.0,13688.0
1748211212703.0,13663.8,13687.8
1748211213282.0,13663.4,13687.4
1748211213601.0,13664.6,13688.6
1748211213877.0,13664.3,13688.3
1748211214644.0,13664.5,13688.5
1748211214770.0,13664.6,13688.6
1748211214994.0,13664.5,13688.5
1748211215218.0,13664.3,13688.3
1748211216051.0,13664.7,13688.7
1748211216539.0,13664.5,13688.5
1748211216762.0,13664.6,13688.6
1748211217181.0,13664.7,13688.7
1748211218214.0,13664.9,13688.9
1748211218436.0,13664.6,13688.6
1748211219323.0,13664.9,13688.9
1748211220204.0,13665.0,13689.0
1748211220993.0,13665.2,13689.2
1748211221216.0,13665.1,13689.1
1748211221315.0,13665.0,13689.0
1748211221869.0,13665.2,13689.2
1748211222094.0,13665.1,13689.1
1748211222195.0,13665.0,13689.0
1748211223414.0,13664.9,13688.9
1748211224144.0,13665.0,13689.0
1748211224556.0,13664.9,13688.9
1748211225496.0,13664.7,13688.7
1748211228398.0,13664.9,13688.9
1748211228789.0,13664.8,13688.8
1748211228890.0,13664.7,13688.7
1748211229839.0,13664.9,13688.9
1748211230432.0,13664.7,13688.7
1748211231233.0,13664.6,13688.6
1748211231455.0,13664.3,13688.3
1748211231680.0,13664.2,13688.2
1748211231779.0,13664.1,13688.1
1748211232123.0,13664.0,13688.0
1748211232621.0,13663.8,13687.8
1748211232791.0,13657.0,13681.0
1748211233186.0,13656.8,13680.8
1748211233649.0,13656.9,13680.9
1748211233746.0,13657.0,13681.0
1748211234453.0,13657.4,13681.4
1748211235396.0,13657.5,13681.5
1748211235494.0,13657.6,13681.6
1748211235620.0,13657.4,13681.4
1748211237386.0,13657.5,13681.5
1748211237486.0,13657.6,13681.6
1748211238146.0,13657.4,13681.4
1748211238525.0,13657.6,13681.6
1748211240343.0,13657.4,13681.4
1748211242654.0,13652.4,13676.4
1748211243181.0,13647.4,13671.4
1748211244901.0,13646.2,13670.2
1748211245025.0,13645.8,13669.8
1748211245248.0,13645.9,13669.9
1748211245472.0,13645.8,13669.8
1748211247325.0,13646.0,13670.0
1748211247845.0,13646.2,13670.2
1748211248068.0,13646.1,13670.1
1748211248296.0,13645.4,13669.4
1748211248394.0,13645.3,13669.3
1748211248617.0,13645.1,13669.1
1748211248742.0,13645.3,13669.3
1748211249781.0,13645.6,13669.6
1748211251083.0,13646.0,13670.0
1748211251618.0,13645.9,13669.9
1748211251841.0,13646.0,13670.0
1748211253129.0,13645.2,13669.2
1748211253226.0,13645.1,13669.1
1748211254145.0,13644.7,13668.7
1748211255726.0,13644.4,13668.4
1748211256455.0,13644.1,13668.1
1748211257393.0,13643.9,13667.9
1748211257591.0,13643.8,13667.8
1748211257812.0,13643.9,13667.9
1748211258723.0,13644.1,13668.1
1748211258947.0,13643.8,13667.8
1748211259171.0,13643.9,13667.9
1748211260866.0,13644.1,13668.1
1748211261091.0,13643.8,13667.8
1748211261315.0,13643.9,13667.9
1748211261889.0,13644.5,13668.5
1748211262447.0,13644.7,13668.7
1748211262769.0,13644.5,13668.5
1748211265527.0,13644.4,13668.4
1748211266534.0,13643.9,13667.9
1748211266658.0,13643.8,13667.8
1748211268079.0,13643.5,13667.5
1748211269092.0,13643.6,13667.6
1748211269435.0,13643.8,13667.8
1748211269657.0,13643.9,13667.9
1748211270214.0,13643.8,13667.8
1748211270826.0,13643.4,13667.4
1748211270922.0,13643.3,13667.3
1748211271184.0,13643.2,13667.2
1748211271410.0,13642.9,13666.9
1748211271636.0,13642.6,13666.6
1748211272120.0,13641.9,13665.9
1748211272216.0,13641.8,13665.8
1748211272982.0,13641.7,13665.7
1748211273202.0,13641.8,13665.8
1748211273691.0,13642.0,13666.0
1748211273914.0,13642.1,13666.1
1748211274690.0,13642.3,13666.3
1748211276756.0,13642.4,13666.4
1748211277211.0,13642.0,13666.0
1748211277972.0,13642.1,13666.1
1748211284248.0,13645.4,13669.4
1748211285086.0,13645.6,13669.6
1748211285306.0,13645.5,13669.5
1748211285406.0,13645.4,13669.4
1748211287409.0,13645.3,13669.3
1748211287634.0,13645.4,13669.4
1748211289841.0,13645.6,13669.6
1748211290161.0,13645.4,13669.4
1748211290385.0,13645.1,13669.1
1748211290644.0,13645.0,13669.0
1748211290966.0,13644.8,13668.8
1748211291588.0,13645.0,13669.0
1748211291811.0,13644.9,13668.9
1748211291911.0,13644.8,13668.8
1748211293911.0,13645.0,13669.0
1748211294140.0,13645.4,13669.4
1748211294710.0,13645.6,13669.6
1748211295476.0,13645.3,13669.3
1748211296034.0,13645.2,13669.2
1748211296133.0,13645.1,13669.1
1748211297360.0,13644.1,13668.1
1748211297455.0,13643.9,13667.9
1748211297810.0,13644.1,13668.1
1748211298243.0,13644.5,13668.5
1748211299206.0,13644.7,13668.7
1748211300119.0,13644.8,13668.8
1748211302155.0,13645.0,13669.0
1748211302379.0,13644.7,13668.7
1748211302602.0,13644.4,13668.4
1748211302825.0,13644.7,13668.7
1748211303540.0,13645.0,13669.0
1748211304161.0,13645.1,13669.1
1748211304891.0,13645.4,13669.4
1748211306814.0,13645.1,13669.1
1748211306943.0,13645.8,13669.8
1748211307041.0,13645.9,13669.9
1748211309624.0,13646.0,13670.0
1748211310025.0,13645.0,13669.0
1748211310123.0,13644.8,13668.8
1748211310245.0,13644.7,13668.7
1748211310471.0,13644.6,13668.6
1748211310569.0,13644.5,13668.5
1748211310846.0,13645.1,13669.1
1748211311904.0,13644.9,13668.9
1748211312003.0,13644.8,13668.8
1748211312835.0,13644.5,13668.5
1748211312933.0,13644.4,13668.4
1748211313155.0,13645.0,13669.0
1748211313280.0,13645.1,13669.1
1748211313769.0,13645.3,13669.3
1748211314426.0,13645.2,13669.2
1748211314522.0,13645.1,13669.1
1748211315309.0,13645.0,13669.0
1748211315533.0,13644.6,13668.6
1748211315631.0,13644.5,13668.5
1748211315997.0,13644.4,13668.4
1748211316320.0,13643.9,13667.9
1748211316705.0,13643.5,13667.5
1748211316966.0,13643.6,13667.6
1748211318109.0,13643.8,13667.8
1748211318428.0,13643.6,13667.6
1748211318554.0,13643.5,13667.5
1748211318951.0,13643.6,13667.6
1748211319290.0,13643.5,13667.5
1748211319515.0,13643.8,13667.8
1748211319741.0,13644.1,13668.1
1748211319964.0,13644.0,13668.0
1748211320063.0,13643.9,13667.9
1748211320362.0,13644.1,13668.1
1748211320588.0,13644.5,13668.5
1748211320813.0,13644.7,13668.7
1748211321262.0,13644.7,13668.7
1748211323122.0,13644.2,13668.2
1748211324815.0,13644.4,13668.4
1748211330391.0,13644.3,13668.3
1748211330489.0,13644.2,13668.2
1748211331845.0,13644.4,13668.4
1748211332064.0,13644.1,13668.1
1748211332789.0,13644.0,13668.0
1748211332886.0,13643.9,13667.9
1748211333112.0,13642.7,13666.7
1748211333248.0,13642.6,13666.6
1748211333745.0,13642.0,13666.0
1748211334255.0,13642.4,13666.4
1748211334477.0,13641.9,13665.9
1748211334700.0,13641.7,13665.7
1748211335922.0,13641.8,13665.8
1748211336610.0,13641.7,13665.7
1748211337260.0,13641.4,13665.4
1748211337658.0,13641.5,13665.5
1748211339164.0,13641.7,13665.7
1748211339389.0,13642.0,13666.0
1748211340121.0,13642.1,13666.1
1748211340650.0,13642.3,13666.3
1748211340871.0,13642.4,13666.4
1748211341387.0,13642.3,13666.3
1748211345118.0,13642.4,13666.4
1748211346347.0,13642.3,13666.3
1748211346568.0,13642.5,13666.5
1748211346668.0,13642.6,13666.6
1748211346894.0,13642.0,13666.0
1748211349708.0,13641.7,13665.7
1748211350273.0,13642.3,13666.3
1748211350577.0,13642.0,13666.0
1748211350804.0,13642.1,13666.1
1748211351287.0,13642.0,13666.0
1748211352774.0,13641.8,13665.8
1748211353863.0,13642.0,13666.0
1748211354431.0,13641.8,13665.8
1748211354941.0,13641.7,13665.7
1748211356714.0,13641.4,13665.4
1748211360130.0,13642.0,13666.0
1748211361231.0,13641.8,13665.8
1748211362129.0,13642.0,13666.0
1748211362592.0,13641.8,13665.8
1748211367006.0,13642.3,13666.3
1748211367130.0,13642.2,13666.2
1748211367228.0,13642.1,13666.1
1748211367599.0,13642.4,13666.4
1748211368769.0,13642.3,13666.3
1748211369510.0,13642.8,13666.8
1748211369607.0,13642.9,13666.9
1748211369730.0,13643.0,13667.0
1748211370998.0,13642.6,13666.6
1748211373102.0,13642.5,13666.5
1748211373200.0,13642.4,13666.4
1748211373327.0,13642.3,13666.3
1748211373550.0,13642.6,13666.6
1748211375648.0,13642.4,13666.4
1748211375771.0,13642.6,13666.6
1748211377430.0,13641.4,13665.4
1748211377875.0,13641.2,13665.2
1748211378002.0,13641.4,13665.4
1748211378228.0,13641.3,13665.3
1748211378326.0,13641.2,13665.2
1748211378550.0,13641.7,13665.7
1748211378837.0,13641.9,13665.9
1748211378934.0,13642.0,13666.0
1748211379161.0,13642.3,13666.3
1748211382130.0,13642.4,13666.4
1748211382688.0,13642.7,13666.7
1748211383171.0,13642.6,13666.6
1748211386722.0,13642.7,13666.7
1748211387222.0,13642.4,13666.4
1748211387345.0,13642.6,13666.6
1748211391316.0,13642.4,13666.4
1748211393215.0,13643.9,13667.9
1748211393307.0,13644.1,13668.1
1748211394270.0,13643.8,13667.8
1748211394591.0,13643.6,13667.6
1748211395573.0,13643.8,13667.8
1748211395797.0,13644.1,13668.1
1748211396021.0,13644.2,13668.2
1748211396121.0,13644.3,13668.3
1748211396245.0,13644.1,13668.1
1748211396689.0,13643.8,13667.8
1748211398931.0,13643.7,13667.7
1748211399153.0,13643.4,13667.4
1748211399252.0,13643.3,13667.3
1748211400504.0,13643.1,13667.1
1748211400602.0,13643.0,13667.0
1748211401140.0,13643.2,13667.2
1748211401869.0,13643.3,13667.3
1748211402264.0,13643.2,13667.2
1748211402499.0,13643.3,13667.3
1748211403931.0,13643.2,13667.2
1748211405376.0,13643.5,13667.5
1748211406514.0,13645.1,13669.1
1748211406608.0,13645.3,13669.3
1748211406940.0,13645.2,13669.2
1748211407035.0,13645.1,13669.1
1748211408033.0,13645.7,13669.7
1748211408130.0,13645.8,13669.8
1748211408261.0,13645.5,13669.5
1748211409620.0,13645.0,13669.0
1748211410375.0,13645.3,13669.3
1748211411748.0,13645.0,13669.0
1748211412257.0,13645.5,13669.5
1748211412651.0,13645.6,13669.6
1748211413990.0,13645.5,13669.5
1748211414312.0,13645.0,13669.0
1748211415097.0,13645.1,13669.1
1748211415414.0,13645.5,13669.5
1748211415540.0,13645.3,13669.3
1748211416851.0,13645.1,13669.1
1748211417154.0,13645.0,13669.0
1748211419727.0,13644.9,13668.9
1748211419826.0,13644.8,13668.8
1748211419952.0,13644.4,13668.4
1748211420181.0,13644.8,13668.8
1748211420654.0,13644.7,13668.7
1748211420878.0,13644.4,13668.4
1748211422243.0,13644.6,13668.6
1748211423006.0,13644.7,13668.7
1748211423928.0,13644.8,13668.8
1748211424554.0,13645.0,13669.0
1748211426325.0,13644.9,13668.9
1748211426423.0,13644.8,13668.8
1748211426573.0,13645.0,13669.0
1748211427543.0,13644.9,13668.9
1748211427642.0,13644.8,13668.8
1748211434669.0,13644.7,13668.7
1748211437411.0,13644.8,13668.8
1748211437632.0,13644.7,13668.7
1748211438316.0,13645.1,13669.1
1748211441036.0,13644.9,13668.9
1748211441253.0,13645.0,13669.0
1748211441750.0,13645.1,13669.1
1748211442517.0,13645.0,13669.0
1748211442913.0,13644.9,13668.9
1748211443012.0,13644.8,13668.8
1748211443138.0,13645.0,13669.0
1748211443631.0,13646.0,13670.0
1748211444194.0,13645.8,13669.8
1748211444947.0,13646.0,13670.0
1748211445631.0,13646.2,13670.2
1748211446814.0,13645.8,13669.8
1748211447470.0,13645.6,13669.6
1748211448109.0,13645.7,13669.7
1748211448333.0,13645.6,13669.6
1748211449424.0,13645.9,13669.9
1748211450724.0,13646.0,13670.0
1748211450945.0,13645.8,13669.8
1748211452565.0,13645.9,13669.9
1748211453899.0,13645.8,13669.8
1748211457446.0,13645.5,13669.5
1748211462965.0,13645.6,13669.6
1748211463891.0,13645.5,13669.5
1748211464116.0,13645.7,13669.7
1748211464216.0,13645.8,13669.8
1748211464339.0,13645.9,13669.9
1748211468498.0,13645.8,13669.8
1748211469631.0,13645.5,13669.5
1748211470794.0,13645.7,13669.7
1748211470889.0,13645.8,13669.8
1748211471765.0,13646.0,13670.0
1748211474216.0,13646.3,13670.3
1748211474312.0,13646.4,13670.4
1748211475963.0,13647.3,13671.3
1748211476907.0,13647.1,13671.1
1748211477354.0,13647.4,13671.4
1748211477732.0,13647.3,13671.3
1748211478180.0,13647.1,13671.1
1748211479913.0,13647.4,13671.4
1748211480478.0,13648.1,13672.1
1748211480575.0,13648.2,13672.2
1748211480983.0,13647.9,13671.9
1748211481209.0,13648.1,13672.1
1748211481306.0,13648.2,13672.2
1748211482031.0,13648.3,13672.3
1748211482251.0,13648.2,13672.2
1748211482913.0,13648.0,13672.0
1748211483681.0,13648.1,13672.1
1748211483779.0,13648.2,13672.2
1748211484246.0,13648.0,13672.0
1748211484570.0,13648.2,13672.2
1748211485048.0,13647.9,13671.9
1748211485538.0,13648.0,13672.0
1748211487491.0,13647.8,13671.8
1748211487715.0,13647.6,13671.6
1748211487942.0,13647.3,13671.3
1748211488950.0,13647.0,13671.0
1748211490706.0,13646.8,13670.8
1748211490926.0,13646.9,13670.9
1748211491026.0,13647.0,13671.0
1748211491257.0,13647.6,13671.6
1748211491470.0,13647.4,13671.4
1748211496676.0,13647.5,13671.5
1748211496774.0,13647.6,13671.6
1748211496898.0,13647.4,13671.4
1748211497409.0,13647.7,13671.7
1748211497948.0,13648.2,13672.2
1748211499056.0,13648.0,13672.0
1748211499891.0,13647.9,13671.9
1748211500289.0,13648.0,13672.0
1748211501424.0,13647.9,13671.9
1748211502741.0,13647.3,13671.3
1748211504517.0,13647.0,13671.0
1748211506784.0,13646.7,13670.7
1748211509884.0,13646.4,13670.4
1748211510101.0,13646.0,13670.0
1748211510201.0,13645.9,13669.9
1748211510402.0,13646.0,13670.0
1748211511269.0,13645.8,13669.8
1748211512268.0,13645.9,13669.9
1748211512489.0,13646.0,13670.0
1748211512798.0,13646.2,13670.2
1748211513022.0,13646.3,13670.3
1748211513121.0,13646.4,13670.4
1748211513345.0,13646.7,13670.7
1748211513732.0,13646.5,13670.5
1748211513957.0,13646.4,13670.4
1748211514183.0,13646.5,13670.5
1748211514407.0,13646.4,13670.4
1748211514634.0,13646.5,13670.5
1748211514856.0,13646.6,13670.6
1748211514955.0,13646.7,13670.7
1748211515329.0,13646.5,13670.5
1748211515649.0,13646.7,13670.7
1748211516513.0,13646.5,13670.5
1748211516851.0,13646.4,13670.4
1748211520584.0,13646.5,13670.5
1748211521418.0,13646.6,13670.6
1748211521518.0,13646.7,13670.7
1748211524845.0,13646.4,13670.4
1748211525468.0,13646.2,13670.2
1748211525693.0,13647.1,13671.1
1748211525919.0,13646.8,13670.8
1748211526266.0,13646.4,13670.4
1748211527169.0,13647.2,13671.2
1748211527264.0,13647.3,13671.3
1748211527388.0,13647.1,13671.1
1748211527789.0,13646.8,13670.8
1748211528243.0,13646.7,13670.7
1748211529417.0,13646.8,13670.8
1748211531189.0,13646.7,13670.7
1748211533854.0,13647.0,13671.0
1748211534723.0,13646.8,13670.8
1748211535167.0,13646.6,13670.6
1748211535268.0,13646.7,13670.7
1748211537304.0,13646.8,13670.8
1748211539200.0,13647.0,13671.0
1748211540248.0,13646.5,13670.5
1748211540468.0,13646.4,13670.4
1748211541082.0,13645.9,13669.9
1748211541338.0,13645.8,13669.8
1748211541565.0,13645.6,13669.6
1748211542137.0,13645.7,13669.7
1748211542235.0,13645.8,13669.8
1748211543313.0,13645.6,13669.6
1748211543529.0,13645.7,13669.7
1748211543630.0,13645.8,13669.8
1748211544203.0,13646.3,13670.3
1748211544300.0,13646.4,13670.4
1748211544425.0,13646.2,13670.2
1748211544650.0,13646.1,13670.1
1748211544749.0,13646.0,13670.0
1748211546766.0,13646.4,13670.4
1748211547898.0,13646.8,13670.8
1748211548117.0,13646.7,13670.7
1748211548572.0,13646.5,13670.5
1748211549952.0,13646.2,13670.2
1748211550177.0,13646.3,13670.3
1748211550274.0,13646.4,13670.4
1748211551125.0,13646.1,13670.1
1748211551223.0,13646.0,13670.0
1748211551590.0,13645.8,13669.8
1748211551815.0,13645.6,13669.6
1748211552039.0,13645.7,13669.7
1748211552138.0,13645.8,13669.8
1748211552704.0,13646.0,13670.0
1748211553550.0,13646.2,13670.2
1748211554275.0,13646.3,13670.3
1748211554372.0,13646.4,13670.4
1748211556680.0,13646.1,13670.1
1748211556901.0,13646.2,13670.2
1748211559987.0,13646.3,13670.3
1748211560207.0,13646.2,13670.2
1748211561825.0,13647.6,13671.6
1748211562902.0,13647.2,13671.2
1748211563125.0,13647.4,13671.4
1748211566157.0,13647.3,13671.3
1748211567295.0,13646.8,13670.8
1748211568233.0,13647.0,13671.0
1748211568370.0,13647.1,13671.1
1748211571122.0,13647.8,13671.8
1748211571218.0,13647.9,13671.9
1748211571937.0,13647.4,13671.4
1748211572666.0,13647.7,13671.7
1748211573035.0,13647.6,13671.6
1748211574999.0,13647.4,13671.4
1748211576798.0,13647.3,13671.3
1748211577020.0,13647.4,13671.4
1748211577344.0,13647.6,13671.6
1748211578240.0,13648.0,13672.0
1748211580580.0,13647.9,13671.9
1748211580803.0,13648.4,13672.4
1748211580902.0,13648.5,13672.5
1748211581560.0,13648.6,13672.6
1748211581782.0,13648.5,13672.5
1748211582140.0,13648.6,13672.6
1748211583844.0,13648.5,13672.5
1748211585041.0,13648.6,13672.6
1748211585457.0,13648.8,13672.8
1748211586350.0,13648.6,13672.6
1748211586574.0,13648.5,13672.5
1748211587506.0,13648.2,13672.2
1748211587727.0,13648.4,13672.4
1748211587826.0,13648.5,13672.5
1748211588635.0,13647.9,13671.9
1748211590056.0,13648.3,13672.3
1748211590588.0,13648.6,13672.6
1748211591071.0,13648.8,13672.8
1748211591296.0,13653.0,13677.0
1748211591521.0,13654.0,13678.0
1748211591746.0,13654.3,13678.3
1748211591973.0,13653.9,13677.9
1748211592203.0,13654.0,13678.0
1748211592420.0,13653.5,13677.5
1748211592519.0,13653.4,13677.4
1748211592745.0,13652.2,13676.2
1748211592911.0,13652.1,13676.1
1748211593135.0,13652.2,13676.2
1748211593361.0,13652.0,13676.0
1748211593459.0,13651.9,13675.9
1748211593585.0,13652.2,13676.2
1748211593818.0,13652.0,13676.0
1748211593917.0,13651.9,13675.9
1748211594311.0,13652.1,13676.1
1748211594713.0,13651.9,13675.9
1748211595257.0,13652.4,13676.4
1748211595605.0,13652.2,13676.2
1748211595829.0,13651.8,13675.8
1748211596053.0,13651.9,13675.9
1748211596901.0,13652.1,13676.1
1748211597127.0,13652.5,13676.5
1748211597350.0,13652.8,13676.8
1748211597599.0,13653.0,13677.0
1748211597999.0,13652.8,13676.8
1748211599225.0,13652.4,13676.4
1748211599447.0,13652.5,13676.5
1748211599672.0,13652.8,13676.8
1748211600030.0,13653.0,13677.0
1748211600253.0,13653.1,13677.1
1748211600579.0,13652.8,13676.8
1748211600706.0,13652.6,13676.6
1748211600929.0,13652.7,13676.7
1748211601243.0,13652.5,13676.5
1748211601470.0,13652.4,13676.4
1748211601695.0,13652.2,13676.2
1748211601920.0,13652.4,13676.4
1748211602142.0,13652.5,13676.5
1748211602367.0,13652.7,13676.7
1748211602742.0,13654.2,13678.2
1748211602867.0,13653.8,13677.8
1748211602967.0,13653.7,13677.7
1748211603303.0,13653.6,13677.6
1748211603705.0,13653.7,13677.7
1748211604605.0,13654.0,13678.0
1748211605009.0,13654.2,13678.2
1748211605333.0,13654.9,13678.9
1748211605458.0,13654.8,13678.8
1748211605683.0,13654.9,13678.9
1748211606297.0,13654.7,13678.7
1748211606394.0,13654.6,13678.6
1748211607169.0,13654.5,13678.5
1748211607393.0,13654.6,13678.6
1748211607618.0,13654.5,13678.5
1748211607842.0,13654.6,13678.6
1748211608070.0,13654.8,13678.8
1748211608737.0,13654.5,13678.5
1748211608960.0,13654.9,13678.9
1748211609685.0,13654.6,13678.6
1748211609989.0,13654.5,13678.5
1748211610470.0,13654.6,13678.6
1748211610697.0,13655.4,13679.4
1748211610924.0,13655.7,13679.7
1748211611146.0,13655.8,13679.8
1748211611372.0,13655.2,13679.2
1748211611471.0,13655.1,13679.1
1748211611890.0,13655.5,13679.5
1748211612347.0,13655.0,13679.0
1748211612444.0,13654.9,13678.9
1748211613110.0,13655.1,13679.1
1748211613331.0,13655.5,13679.5
1748211613847.0,13655.8,13679.8
1748211614073.0,13656.0,13680.0
1748211614297.0,13655.7,13679.7
1748211614522.0,13655.8,13679.8
1748211615620.0,13655.5,13679.5
1748211615745.0,13655.1,13679.1
1748211615969.0,13654.8,13678.8
1748211616295.0,13655.4,13679.4
1748211616424.0,13655.1,13679.1
1748211616643.0,13655.2,13679.2
1748211616967.0,13654.9,13678.9
1748211617251.0,13655.4,13679.4
1748211617620.0,13656.0,13680.0
1748211617842.0,13656.4,13680.4
1748211618068.0,13656.0,13680.0
1748211618290.0,13656.4,13680.4
1748211618531.0,13656.3,13680.3
1748211618856.0,13656.1,13680.1
1748211618979.0,13656.0,13680.0
1748211619358.0,13656.1,13680.1
1748211619581.0,13656.0,13680.0
1748211620131.0,13655.9,13679.9
1748211620229.0,13655.8,13679.8
1748211620545.0,13656.0,13680.0
1748211621147.0,13656.1,13680.1
1748211621994.0,13656.4,13680.4
1748211622220.0,13656.6,13680.6
1748211622444.0,13656.4,13680.4
1748211623331.0,13656.3,13680.3
1748211623552.0,13656.4,13680.4
1748211624129.0,13656.3,13680.3
1748211624452.0,13656.1,13680.1
1748211624577.0,13655.9,13679.9
1748211624803.0,13656.2,13680.2
1748211624901.0,13656.3,13680.3
1748211625179.0,13655.8,13679.8
1748211625401.0,13655.6,13679.6
1748211625499.0,13655.5,13679.5
1748211626065.0,13656.0,13680.0
1748211626287.0,13656.1,13680.1
1748211626513.0,13656.0,13680.0
1748211626738.0,13656.1,13680.1
1748211626962.0,13656.3,13680.3
1748211627560.0,13656.1,13680.1
1748211627917.0,13656.3,13680.3
1748211628144.0,13656.7,13680.7
1748211628910.0,13656.6,13680.6
1748211629133.0,13656.3,13680.3
1748211629457.0,13656.1,13680.1
1748211629583.0,13656.0,13680.0
1748211629808.0,13656.1,13680.1
1748211630402.0,13656.0,13680.0
1748211630723.0,13655.5,13679.5
1748211631403.0,13655.4,13679.4
1748211631624.0,13655.5,13679.5
1748211632063.0,13655.4,13679.4
1748211632286.0,13655.1,13679.1
1748211632659.0,13654.9,13678.9
1748211632886.0,13655.1,13679.1
1748211633110.0,13655.2,13679.2
1748211633965.0,13655.1,13679.1
1748211635097.0,13654.3,13678.3
1748211635690.0,13654.5,13678.5
1748211636012.0,13654.8,13678.8
1748211636388.0,13655.4,13679.4
1748211636513.0,13655.1,13679.1
1748211636739.0,13655.2,13679.2
1748211637506.0,13655.1,13679.1
1748211639658.0,13655.2,13679.2
1748211640057.0,13655.1,13679.1
1748211640830.0,13655.2,13679.2
1748211641054.0,13655.8,13679.8
1748211641317.0,13655.7,13679.7
1748211641544.0,13655.6,13679.6
1748211641767.0,13655.4,13679.4
1748211641992.0,13655.5,13679.5
1748211642219.0,13655.7,13679.7
1748211642703.0,13655.4,13679.4
1748211643410.0,13655.2,13679.2
1748211643958.0,13655.4,13679.4
1748211644182.0,13655.5,13679.5
1748211644662.0,13655.4,13679.4
1748211645475.0,13655.5,13679.5
1748211649191.0,13655.7,13679.7
1748211649412.0,13655.4,13679.4
1748211649637.0,13655.7,13679.7
1748211649962.0,13655.5,13679.5
1748211650310.0,13655.8,13679.8
1748211650618.0,13656.0,13680.0
1748211651018.0,13655.7,13679.7
1748211651506.0,13655.8,13679.8
1748211651916.0,13655.7,13679.7
1748211652885.0,13655.8,13679.8
1748211655042.0,13655.6,13679.6
1748211655264.0,13655.4,13679.4
1748211655490.0,13655.2,13679.2
1748211655714.0,13655.4,13679.4
1748211655940.0,13655.1,13679.1
1748211656164.0,13654.9,13678.9
1748211656946.0,13654.8,13678.8
1748211657175.0,13654.7,13678.7
1748211657394.0,13654.8,13678.8
1748211657719.0,13654.6,13678.6
1748211658355.0,13654.5,13678.5
1748211658580.0,13653.9,13677.9
1748211658803.0,13653.6,13677.6
1748211659030.0,13653.2,13677.2
1748211659255.0,13653.3,13677.3
1748211659478.0,13653.4,13677.4
1748211660333.0,13653.2,13677.2
1748211660432.0,13653.1,13677.1
1748211660737.0,13653.3,13677.3
1748211660960.0,13653.4,13677.4
1748211661186.0,13653.0,13677.0
1748211661410.0,13653.1,13677.1
1748211662070.0,13653.3,13677.3
1748211662491.0,13653.5,13677.5
1748211662588.0,13653.6,13677.6
1748211663250.0,13653.7,13677.7
1748211663669.0,13653.9,13677.9
1748211663895.0,13653.7,13677.7
1748211664425.0,13653.3,13677.3
1748211664646.0,13653.0,13677.0
1748211665999.0,13654.4,13678.4
1748211666218.0,13654.4,13678.4
1748211666317.0,13654.3,13678.3
1748211667295.0,13654.2,13678.2
1748211667518.0,13654.0,13678.0
1748211667859.0,13653.9,13677.9
1748211668084.0,13654.0,13678.0
1748211668309.0,13653.9,13677.9
1748211668536.0,13654.3,13678.3
1748211669281.0,13654.2,13678.2
1748211672615.0,13654.3,13678.3
1748211672835.0,13654.9,13678.9
1748211673445.0,13654.8,13678.8
1748211673769.0,13653.9,13677.9
1748211674372.0,13653.7,13677.7
1748211675595.0,13653.9,13677.9
1748211676752.0,13654.0,13678.0
1748211677653.0,13654.2,13678.2
1748211678658.0,13654.0,13678.0
1748211678882.0,13653.9,13677.9
1748211679106.0,13654.0,13678.0
1748211679331.0,13653.9,13677.9
1748211679558.0,13654.3,13678.3
1748211680134.0,13654.5,13678.5
1748211680359.0,13655.3,13679.3
1748211680458.0,13655.4,13679.4
1748211681031.0,13655.2,13679.2
1748211681252.0,13655.4,13679.4
1748211681483.0,13655.5,13679.5
1748211682086.0,13655.4,13679.4
1748211682483.0,13655.5,13679.5
1748211682711.0,13655.8,13679.8
1748211683886.0,13655.7,13679.7
1748211684210.0,13656.9,13680.9
1748211684334.0,13657.0,13681.0
1748211685190.0,13656.9,13680.9
1748211685410.0,13657.0,13681.0
1748211685751.0,13656.9,13680.9
1748211685976.0,13656.6,13680.6
1748211688350.0,13656.2,13680.2
1748211688446.0,13656.1,13680.1
1748211688625.0,13656.0,13680.0
1748211688850.0,13656.1,13680.1
1748211689908.0,13656.0,13680.0
1748211690131.0,13656.1,13680.1
1748211690355.0,13656.0,13680.0
1748211690582.0,13656.4,13680.4
1748211692022.0,13656.6,13680.6
1748211692249.0,13657.1,13681.1
1748211692347.0,13657.2,13681.2
1748211693025.0,13656.9,13680.9
1748211693932.0,13656.5,13680.5
1748211694154.0,13656.6,13680.6
1748211696165.0,13657.9,13681.9
1748211697046.0,13658.1,13682.1
1748211697267.0,13658.0,13682.0
1748211697365.0,13657.9,13681.9
1748211697847.0,13657.8,13681.8
1748211698110.0,13657.9,13681.9
1748211698336.0,13658.2,13682.2
1748211698967.0,13658.4,13682.4
1748211699189.0,13658.7,13682.7
1748211699414.0,13658.4,13682.4
1748211699638.0,13658.5,13682.5
1748211700629.0,13658.4,13682.4
1748211700854.0,13658.7,13682.7
1748211701177.0,13658.1,13682.1
1748211701889.0,13657.6,13681.6
1748211702332.0,13657.5,13681.5
1748211702829.0,13657.0,13681.0
1748211704076.0,13656.9,13680.9
1748211704400.0,13656.7,13680.7
1748211704713.0,13656.6,13680.6
1748211705438.0,13656.3,13680.3
1748211705663.0,13656.7,13680.7
1748211707333.0,13656.9,13680.9
1748211707556.0,13657.0,13681.0
1748211707782.0,13657.3,13681.3
1748211708466.0,13657.2,13681.2
1748211708691.0,13656.9,13680.9
1748211708917.0,13658.0,13682.0
1748211709015.0,13658.1,13682.1
1748211709419.0,13657.8,13681.8
1748211710122.0,13657.5,13681.5
1748211710346.0,13657.6,13681.6
1748211710569.0,13657.8,13681.8
1748211710796.0,13658.1,13682.1
1748211711307.0,13657.9,13681.9
1748211712947.0,13658.1,13682.1
1748211713268.0,13657.9,13681.9
1748211713491.0,13657.6,13681.6
1748211713618.0,13657.8,13681.8
1748211713844.0,13657.7,13681.7
1748211714069.0,13657.9,13681.9
1748211714481.0,13657.8,13681.8
1748211715267.0,13657.9,13681.9
1748211715568.0,13657.8,13681.8
1748211715790.0,13657.9,13681.9
1748211716117.0,13657.5,13681.5
1748211716479.0,13657.8,13681.8
1748211716701.0,13657.5,13681.5
1748211717174.0,13657.3,13681.3
1748211717524.0,13656.8,13680.8
1748211717625.0,13656.7,13680.7
1748211718306.0,13657.2,13681.2
1748211718529.0,13657.0,13681.0
1748211719657.0,13656.5,13680.5
1748211719881.0,13656.3,13680.3
1748211720369.0,13657.3,13681.3
1748211720988.0,13657.2,13681.2
1748211721213.0,13656.8,13680.8
1748211721311.0,13656.7,13680.7
1748211721449.0,13656.9,13680.9
1748211721677.0,13657.6,13681.6
1748211722898.0,13657.8,13681.8
1748211723119.0,13657.5,13681.5
1748211723503.0,13658.2,13682.2
1748211723819.0,13658.1,13682.1
1748211724147.0,13658.7,13682.7
1748211724273.0,13658.3,13682.3
1748211724372.0,13658.2,13682.2
1748211724723.0,13659.1,13683.1
1748211726330.0,13659.3,13683.3
1748211726653.0,13660.1,13684.1
1748211726778.0,13660.2,13684.2
1748211727002.0,13660.1,13684.1
1748211727230.0,13660.2,13684.2
1748211727451.0,13660.1,13684.1
1748211728340.0,13660.2,13684.2
1748211728736.0,13660.1,13684.1
1748211728960.0,13660.2,13684.2
1748211729903.0,13659.8,13683.8
1748211729998.0,13659.7,13683.7
1748211730318.0,13659.9,13683.9
1748211730539.0,13660.0,13684.0
1748211730765.0,13659.1,13683.1
1748211730863.0,13659.0,13683.0
1748211730990.0,13659.1,13683.1
1748211731624.0,13659.3,13683.3
1748211732453.0,13659.4,13683.4
1748211732678.0,13659.6,13683.6
1748211733268.0,13660.1,13684.1
1748211733517.0,13659.9,13683.9
1748211733741.0,13660.2,13684.2
1748211734573.0,13659.5,13683.5
1748211734669.0,13659.4,13683.4
1748211735175.0,13659.3,13683.3
1748211735396.0,13659.6,13683.6
1748211735722.0,13661.4,13685.4
1748211736351.0,13661.3,13685.3
1748211737063.0,13661.0,13685.0
1748211737385.0,13661.3,13685.3
1748211737607.0,13661.4,13685.4
1748211737934.0,13662.5,13686.5
1748211738690.0,13662.3,13686.3
1748211739285.0,13662.4,13686.4
1748211739507.0,13662.3,13686.3
1748211739970.0,13661.9,13685.9
1748211740192.0,13662.4,13686.4
1748211740292.0,13662.5,13686.5
1748211740567.0,13662.6,13686.6
1748211740788.0,13662.7,13686.7
1748211740888.0,13662.8,13686.8
1748211741014.0,13662.6,13686.6
1748211741658.0,13662.3,13686.3
1748211741880.0,13662.2,13686.2
1748211742105.0,13662.0,13686.0
1748211742651.0,13662.2,13686.2
1748211743555.0,13662.0,13686.0
1748211743876.0,13661.8,13685.8
1748211744000.0,13661.7,13685.7
1748211744225.0,13661.8,13685.8
1748211744452.0,13662.0,13686.0
1748211744676.0,13661.9,13685.9
1748211744776.0,13661.8,13685.8
1748211745232.0,13661.7,13685.7
1748211745557.0,13662.2,13686.2
1748211745681.0,13662.0,13686.0
1748211745931.0,13662.2,13686.2
1748211746033.0,13662.3,13686.3
1748211746257.0,13662.2,13686.2
1748211747111.0,13663.1,13687.1
1748211748032.0,13663.2,13687.2
1748211748354.0,13662.6,13686.6
1748211748720.0,13662.7,13686.7
1748211748818.0,13662.8,13686.8
1748211749118.0,13662.9,13686.9
1748211749341.0,13662.8,13686.8
1748211749566.0,13662.9,13686.9
1748211749793.0,13662.8,13686.8
1748211750019.0,13662.6,13686.6
1748211750242.0,13662.5,13686.5
1748211750467.0,13662.6,13686.6
1748211750791.0,13662.8,13686.8
1748211750916.0,13662.9,13686.9
1748211751142.0,13662.8,13686.8
1748211751523.0,13662.6,13686.6
1748211751749.0,13663.7,13687.7
1748211751850.0,13663.8,13687.8
1748211752124.0,13663.7,13687.7
1748211752575.0,13663.8,13687.8
1748211752974.0,13663.5,13687.5
1748211753197.0,13663.8,13687.8
1748211753422.0,13663.4,13687.4
1748211753648.0,13663.1,13687.1
1748211753873.0,13663.5,13687.5
1748211754097.0,13663.4,13687.4
1748211754736.0,13663.1,13687.1
1748211754960.0,13663.3,13687.3
1748211755057.0,13663.4,13687.4
1748211755285.0,13663.7,13687.7
1748211755409.0,13663.5,13687.5
1748211756702.0,13663.8,13687.8
1748211757152.0,13664.0,13688.0
1748211757375.0,13664.2,13688.2
1748211757500.0,13664.0,13688.0
1748211757724.0,13663.8,13687.8
1748211758049.0,13664.3,13688.3
1748211758177.0,13664.1,13688.1
1748211758467.0,13664.0,13688.0
1748211758934.0,13664.1,13688.1
1748211759157.0,13663.8,13687.8
1748211759381.0,13663.7,13687.7
1748211759898.0,13663.8,13687.8
1748211760125.0,13664.1,13688.1
1748211760350.0,13662.8,13686.8
1748211760573.0,13662.7,13686.7
1748211760672.0,13662.8,13686.8
1748211761019.0,13662.6,13686.6
1748211761244.0,13662.9,13686.9
1748211761620.0,13662.5,13686.5
1748211761845.0,13663.0,13687.0
1748211761943.0,13663.1,13687.1
1748211762070.0,13662.8,13686.8
1748211762444.0,13662.9,13686.9
1748211762850.0,13663.3,13687.3
1748211762945.0,13663.4,13687.4
1748211763867.0,13663.2,13687.2
1748211764091.0,13663.5,13687.5
1748211764313.0,13663.4,13687.4
1748211764748.0,13663.5,13687.5
1748211765150.0,13663.4,13687.4
1748211765371.0,13663.5,13687.5
1748211766029.0,13663.4,13687.4
1748211766251.0,13663.0,13687.0
1748211766349.0,13662.9,13686.9
1748211767045.0,13662.2,13686.2
1748211767442.0,13662.6,13686.6
1748211767957.0,13662.2,13686.2
1748211768178.0,13662.0,13686.0
1748211768404.0,13662.5,13686.5
1748211768502.0,13662.6,13686.6
1748211768896.0,13662.5,13686.5
1748211769656.0,13662.6,13686.6
1748211769880.0,13662.9,13686.9
1748211770556.0,13663.1,13687.1
1748211770679.0,13662.9,13686.9
1748211771502.0,13663.6,13687.6
1748211771597.0,13663.7,13687.7
1748211771822.0,13663.2,13687.2
1748211772594.0,13663.1,13687.1
1748211772964.0,13663.2,13687.2
1748211773622.0,13663.1,13687.1
1748211774401.0,13663.7,13687.7
1748211775147.0,13663.8,13687.8
1748211775370.0,13664.1,13688.1
1748211775594.0,13664.2,13688.2
1748211775693.0,13664.3,13688.3
1748211775919.0,13662.8,13686.8
1748211776244.0,13663.1,13687.1
1748211776763.0,13663.2,13687.2
1748211777354.0,13663.4,13687.4
1748211777577.0,13663.9,13687.9
1748211777802.0,13663.8,13687.8
1748211778185.0,13663.9,13687.9
1748211778410.0,13664.2,13688.2
1748211778509.0,13664.3,13688.3
1748211780526.0,13664.7,13688.7
1748211780746.0,13664.2,13688.2
1748211780971.0,13664.5,13688.5
1748211781068.0,13664.6,13688.6
1748211781194.0,13664.4,13688.4
1748211781419.0,13664.6,13688.6
1748211781947.0,13664.7,13688.7
1748211782170.0,13664.5,13688.5
1748211782269.0,13664.4,13688.4
1748211783235.0,13664.2,13688.2
1748211783453.0,13664.2,13688.2
1748211783553.0,13664.3,13688.3
1748211783854.0,13664.1,13688.1
1748211784081.0,13664.2,13688.2
1748211784179.0,13664.3,13688.3
1748211784542.0,13664.4,13688.4
1748211784766.0,13664.3,13688.3
1748211784994.0,13666.5,13690.5
1748211785091.0,13666.8,13690.8
1748211785215.0,13667.0,13691.0
1748211785634.0,13666.7,13690.7
1748211785859.0,13666.4,13690.4
1748211786083.0,13666.3,13690.3
1748211786309.0,13666.5,13690.5
1748211786634.0,13666.4,13690.4
1748211786956.0,13666.2,13690.2
1748211787081.0,13666.1,13690.1
1748211787307.0,13665.9,13689.9
1748211787532.0,13665.7,13689.7
1748211787631.0,13665.6,13689.6
1748211787758.0,13665.5,13689.5
1748211787981.0,13665.3,13689.3
1748211788326.0,13665.5,13689.5
1748211788727.0,13665.2,13689.2
1748211789202.0,13665.6,13689.6
1748211789874.0,13665.9,13689.9
1748211790536.0,13665.8,13689.8
1748211790758.0,13665.9,13689.9
1748211790985.0,13666.1,13690.1
1748211791311.0,13666.4,13690.4
1748211791436.0,13666.5,13690.5
1748211791740.0,13666.9,13690.9
1748211791836.0,13667.0,13691.0
1748211792136.0,13667.1,13691.1
1748211792362.0,13666.6,13690.6
1748211792591.0,13666.8,13690.8
1748211792811.0,13667.0,13691.0
1748211793431.0,13667.1,13691.1
1748211793758.0,13668.3,13692.3
1748211793882.0,13668.2,13692.2
1748211794283.0,13668.3,13692.3
1748211794507.0,13667.8,13691.8
1748211794731.0,13667.9,13691.9
1748211794955.0,13667.6,13691.6
1748211795182.0,13667.9,13691.9
1748211795405.0,13667.6,13691.6
1748211795733.0,13667.4,13691.4
1748211795959.0,13667.9,13691.9
1748211796083.0,13667.8,13691.8
1748211796309.0,13667.3,13691.3
1748211796532.0,13667.1,13691.1
1748211796756.0,13667.3,13691.3
1748211797094.0,13667.5,13691.5
1748211797313.0,13667.7,13691.7
1748211797540.0,13665.9,13689.9
1748211797638.0,13665.6,13689.6
1748211797764.0,13665.9,13689.9
1748211797987.0,13666.1,13690.1
1748211798215.0,13666.2,13690.2
1748211798436.0,13666.1,13690.1
1748211798667.0,13666.3,13690.3
1748211798764.0,13666.4,13690.4
1748211798889.0,13666.0,13690.0
1748211798986.0,13665.9,13689.9
1748211799366.0,13666.1,13690.1
1748211799592.0,13665.7,13689.7
1748211799819.0,13665.2,13689.2
1748211800047.0,13664.6,13688.6
1748211800464.0,13664.4,13688.4
1748211800691.0,13663.4,13687.4
1748211800789.0,13663.2,13687.2
1748211800917.0,13663.5,13687.5
1748211801142.0,13663.4,13687.4
1748211801363.0,13663.5,13687.5
1748211801668.0,13663.7,13687.7
1748211802071.0,13663.9,13687.9
1748211802295.0,13664.1,13688.1
1748211802519.0,13664.4,13688.4
1748211802744.0,13664.7,13688.7
1748211803070.0,13664.9,13688.9
1748211803663.0,13664.7,13688.7
1748211803888.0,13664.6,13688.6
1748211804213.0,13665.2,13689.2
1748211804464.0,13665.0,13689.0
1748211805087.0,13665.2,13689.2
1748211805211.0,13665.3,13689.3
1748211805436.0,13665.5,13689.5
1748211806398.0,13658.6,13682.6
1748211806498.0,13658.7,13682.7
1748211806953.0,13658.4,13682.4
1748211807256.0,13658.6,13682.6
1748211807580.0,13658.9,13682.9
1748211807705.0,13659.0,13683.0
1748211807930.0,13659.2,13683.2
1748211808157.0,13658.9,13682.9
1748211809049.0,13658.7,13682.7
1748211809274.0,13659.1,13683.1
1748211809501.0,13659.8,13683.8
1748211809599.0,13659.9,13683.9
1748211809823.0,13659.3,13683.3
1748211809950.0,13659.5,13683.5
1748211810178.0,13659.4,13683.4
1748211810419.0,13659.5,13683.5
1748211810743.0,13659.3,13683.3
1748211811500.0,13659.2,13683.2
1748211812329.0,13659.0,13683.0
1748211812727.0,13658.9,13682.9
1748211813356.0,13658.7,13682.7
1748211814491.0,13659.0,13683.0
1748211815508.0,13658.8,13682.8
1748211815725.0,13659.0,13683.0
1748211815949.0,13658.9,13682.9
1748211816834.0,13659.0,13683.0
1748211817059.0,13659.3,13683.3
1748211817624.0,13659.6,13683.6
1748211817945.0,13661.1,13685.1
1748211818070.0,13661.4,13685.4
1748211818296.0,13661.3,13685.3
1748211818622.0,13661.1,13685.1
1748211819754.0,13661.3,13685.3
1748211819979.0,13660.7,13684.7
1748211820204.0,13661.2,13685.2
1748211820429.0,13660.9,13684.9
1748211820527.0,13660.8,13684.8
1748211820753.0,13661.3,13685.3
1748211820879.0,13661.1,13685.1
1748211821104.0,13661.0,13685.0
1748211821429.0,13661.3,13685.3
1748211821557.0,13661.0,13685.0
1748211822156.0,13660.9,13684.9
1748211822254.0,13660.8,13684.8
1748211822770.0,13661.0,13685.0
1748211823499.0,13661.1,13685.1
1748211824858.0,13661.0,13685.0
1748211825250.0,13661.1,13685.1
1748211825472.0,13661.3,13685.3
1748211826356.0,13661.4,13685.4
1748211826575.0,13661.3,13685.3
1748211827707.0,13664.0,13688.0
1748211827832.0,13663.7,13687.7
1748211828399.0,13663.2,13687.2
1748211828619.0,13663.4,13687.4
1748211829278.0,13663.3,13687.3
1748211829378.0,13663.2,13687.2
1748211829501.0,13663.1,13687.1
1748211829902.0,13662.9,13686.9
1748211830028.0,13662.8,13686.8
1748211830253.0,13662.7,13686.7
1748211830477.0,13662.8,13686.8
1748211831854.0,13662.5,13686.5
1748211832075.0,13662.6,13686.6
1748211832298.0,13662.5,13686.5
1748211832652.0,13662.7,13686.7
1748211832749.0,13662.8,13686.8
1748211833711.0,13663.2,13687.2
1748211833935.0,13662.8,13686.8
1748211834159.0,13662.9,13686.9
1748211834726.0,13662.8,13686.8
1748211834949.0,13662.4,13686.4
1748211835046.0,13662.3,13686.3
1748211835174.0,13662.5,13686.5
1748211835819.0,13662.9,13686.9
1748211836039.0,13663.1,13687.1
1748211836794.0,13662.8,13686.8
1748211837092.0,13662.7,13686.7
1748211837189.0,13662.6,13686.6
1748211837314.0,13662.5,13686.5
1748211838314.0,13662.4,13686.4
1748211838414.0,13662.3,13686.3
1748211838941.0,13661.7,13685.7
1748211839037.0,13661.6,13685.6
1748211840568.0,13661.5,13685.5
1748211840666.0,13661.4,13685.4
1748211841839.0,13660.7,13684.7
1748211841962.0,13661.0,13685.0
1748211843322.0,13661.4,13685.4
1748211844160.0,13662.0,13686.0
1748211844379.0,13661.1,13685.1
1748211844479.0,13661.0,13685.0
1748211845035.0,13661.2,13685.2
1748211845131.0,13661.3,13685.3
1748211845421.0,13661.1,13685.1
1748211845900.0,13661.3,13685.3
1748211846303.0,13661.0,13685.0
1748211846527.0,13661.1,13685.1
1748211846751.0,13661.0,13685.0
1748211846974.0,13660.9,13684.9
1748211847075.0,13660.8,13684.8
1748211847201.0,13661.0,13685.0
1748211847502.0,13660.9,13684.9
1748211847601.0,13660.8,13684.8
1748211848405.0,13662.6,13686.6
1748211848792.0,13661.3,13685.3
1748211849019.0,13661.3,13685.3
1748211850191.0,13661.1,13685.1
1748211850414.0,13661.0,13685.0
1748211850639.0,13660.9,13684.9
1748211850739.0,13660.8,13684.8
1748211850966.0,13661.3,13685.3
1748211851190.0,13660.8,13684.8
1748211851762.0,13661.0,13685.0
1748211852161.0,13661.1,13685.1
1748211853621.0,13661.0,13685.0
1748211854522.0,13660.9,13684.9
1748211854619.0,13660.8,13684.8
1748211855126.0,13660.6,13684.6
1748211855221.0,13660.5,13684.5
1748211855822.0,13660.1,13684.1
1748211856834.0,13659.9,13683.9
1748211857998.0,13660.6,13684.6
1748211858094.0,13660.7,13684.7
1748211858317.0,13660.5,13684.5
1748211859842.0,13660.3,13684.3
1748211859938.0,13660.2,13684.2
1748211860500.0,13659.8,13683.8
1748211860820.0,13658.7,13682.7
1748211860948.0,13657.9,13681.9
1748211861048.0,13657.8,13681.8
1748211861272.0,13658.3,13682.3
1748211861400.0,13658.5,13682.5
1748211861497.0,13658.6,13682.6
1748211861669.0,13658.4,13682.4
1748211861894.0,13658.6,13682.6
1748211862119.0,13658.4,13682.4
1748211862540.0,13658.8,13682.8
1748211862639.0,13658.9,13682.9
1748211862862.0,13658.4,13682.4
1748211862986.0,13658.6,13682.6
1748211863213.0,13658.4,13682.4
1748211863438.0,13658.7,13682.7
1748211863661.0,13658.9,13682.9
1748211864449.0,13659.5,13683.5
1748211864573.0,13659.4,13683.4
1748211864797.0,13659.1,13683.1
1748211864896.0,13659.0,13683.0
1748211865024.0,13659.4,13683.4
1748211865123.0,13659.5,13683.5
1748211865248.0,13659.6,13683.6
1748211865473.0,13659.8,13683.8
1748211866103.0,13659.1,13683.1
1748211866321.0,13659.2,13683.2
1748211866723.0,13659.3,13683.3
1748211866947.0,13659.1,13683.1
1748211867046.0,13659.0,13683.0
1748211867272.0,13659.5,13683.5
1748211867398.0,13659.2,13683.2
1748211867623.0,13659.3,13683.3
1748211867925.0,13659.5,13683.5
1748211868419.0,13659.6,13683.6
1748211868643.0,13659.8,13683.8
1748211869022.0,13659.9,13683.9
1748211869244.0,13659.4,13683.4
1748211869471.0,13659.5,13683.5
1748211869793.0,13659.3,13683.3
1748211869918.0,13659.2,13683.2
1748211870146.0,13659.4,13683.4
1748211870369.0,13659.1,13683.1
1748211870468.0,13659.0,13683.0
1748211870739.0,13659.2,13683.2
1748211871702.0,13662.2,13686.2
1748211872301.0,13661.9,13685.9
1748211873089.0,13662.2,13686.2
1748211873427.0,13662.3,13686.3
1748211873651.0,13662.2,13686.2
1748211876896.0,13661.9,13685.9
1748211878048.0,13661.8,13685.8
1748211878272.0,13662.1,13686.1
1748211878370.0,13662.2,13686.2
1748211878943.0,13661.9,13685.9
1748211879470.0,13661.7,13685.7
1748211880802.0,13662.2,13686.2
1748211881480.0,13662.3,13686.3
1748211881744.0,13662.6,13686.6
1748211882028.0,13662.4,13686.4
1748211882350.0,13662.1,13686.1
1748211882476.0,13662.3,13686.3
1748211883565.0,13662.0,13686.0
1748211883788.0,13662.1,13686.1
1748211884273.0,13662.4,13686.4
1748211884717.0,13662.7,13686.7
1748211884940.0,13662.6,13686.6
1748211886435.0,13662.4,13686.4
1748211887339.0,13662.3,13686.3
1748211888210.0,13662.4,13686.4
1748211892166.0,13664.3,13688.3
1748211892259.0,13664.5,13688.5
1748211893938.0,13664.9,13688.9
1748211894035.0,13665.0,13689.0
1748211894741.0,13664.8,13688.8
1748211894865.0,13665.0,13689.0
1748211895191.0,13665.1,13689.1
1748211895414.0,13665.3,13689.3
1748211895865.0,13666.0,13690.0
1748211896396.0,13669.6,13693.6
1748211896618.0,13669.6,13693.6
1748211896716.0,13669.5,13693.5
1748211896942.0,13670.1,13694.1
1748211897069.0,13669.8,13693.8
1748211897392.0,13671.5,13695.5
1748211897519.0,13670.5,13694.5
1748211897619.0,13670.4,13694.4
1748211897743.0,13670.0,13694.0
1748211897966.0,13670.0,13694.0
1748211898259.0,13670.1,13694.1
1748211898759.0,13669.9,13693.9
1748211898884.0,13669.8,13693.8
1748211899110.0,13669.4,13693.4
1748211899335.0,13669.8,13693.8
1748211899662.0,13669.5,13693.5
1748211899885.0,13669.6,13693.6
1748211900113.0,13669.8,13693.8
1748211900464.0,13670.1,13694.1
1748211900687.0,13670.0,13694.0
1748211900912.0,13670.7,13694.7
1748211901138.0,13670.3,13694.3
1748211901363.0,13669.9,13693.9
1748211901685.0,13669.2,13693.2
1748211901810.0,13669.1,13693.1
1748211902263.0,13668.9,13692.9
1748211902484.0,13669.0,13693.0
1748211902583.0,13669.1,13693.1
1748211902977.0,13669.7,13693.7
1748211903072.0,13669.8,13693.8
1748211903199.0,13669.7,13693.7
1748211903640.0,13669.8,13693.8
1748211903961.0,13670.6,13694.6
1748211904256.0,13670.7,13694.7
1748211904579.0,13671.2,13695.2
1748211904804.0,13670.4,13694.4
1748211904929.0,13670.9,13694.9
1748211905027.0,13671.0,13695.0
1748211905300.0,13670.9,13694.9
1748211905523.0,13670.7,13694.7
1748211905849.0,13670.9,13694.9
1748211905977.0,13669.7,13693.7
1748211906198.0,13669.6,13693.6
1748211906426.0,13669.8,13693.8
1748211906749.0,13668.3,13692.3
1748211906873.0,13668.2,13692.2
1748211907100.0,13668.3,13692.3
1748211907326.0,13668.0,13692.0
1748211907775.0,13668.2,13692.2
1748211907901.0,13668.4,13692.4
1748211908128.0,13668.7,13692.7
1748211908352.0,13669.0,13693.0
1748211908577.0,13668.8,13692.8
1748211908800.0,13668.9,13692.9
1748211909127.0,13668.7,13692.7
1748211909252.0,13668.6,13692.6
1748211909599.0,13668.3,13692.3
1748211909822.0,13668.6,13692.6
1748211910144.0,13669.1,13693.1
1748211910274.0,13668.9,13692.9
1748211910891.0,13669.5,13693.5
1748211911019.0,13669.1,13693.1
1748211911241.0,13669.6,13693.6
1748211911339.0,13669.7,13693.7
1748211911705.0,13669.8,13693.8
1748211911929.0,13669.5,13693.5
1748211912154.0,13669.4,13693.4
1748211912617.0,13669.5,13693.5
1748211912847.0,13670.3,13694.3
1748211913071.0,13670.1,13694.1
1748211913393.0,13670.3,13694.3
1748211913617.0,13670.1,13694.1
1748211913843.0,13670.5,13694.5
1748211913942.0,13670.6,13694.6
1748211914067.0,13670.4,13694.4
1748211914294.0,13670.3,13694.3
1748211914617.0,13670.6,13694.6
1748211914944.0,13671.0,13695.0
1748211915173.0,13671.3,13695.3
1748211915494.0,13672.1,13696.1
1748211915719.0,13670.9,13694.9
1748211915846.0,13671.3,13695.3
1748211916068.0,13671.2,13695.2
1748211916571.0,13670.3,13694.3
1748211917046.0,13669.1,13693.1
1748211917310.0,13669.2,13693.2
1748211917634.0,13669.7,13693.7
1748211917760.0,13669.8,13693.8
1748211917987.0,13669.7,13693.7
1748211918213.0,13669.4,13693.4
1748211918431.0,13669.5,13693.5
1748211919227.0,13669.5,13693.5
1748211919453.0,13669.1,13693.1
1748211919676.0,13669.2,13693.2
1748211920000.0,13669.5,13693.5
1748211920472.0,13669.6,13693.6
1748211920570.0,13669.7,13693.7
1748211922668.0,13669.5,13693.5
1748211923696.0,13667.8,13691.8
1748211923921.0,13668.6,13692.6
1748211924045.0,13668.7,13692.7
1748211924272.0,13668.2,13692.2
1748211924693.0,13668.9,13692.9
1748211924917.0,13668.3,13692.3
1748211925475.0,13668.2,13692.2
1748211925961.0,13668.0,13692.0
1748211926285.0,13668.2,13692.2
1748211926752.0,13668.3,13692.3
1748211926977.0,13668.7,13692.7
1748211927426.0,13668.7,13692.7
1748211927650.0,13668.6,13692.6
1748211928443.0,13668.7,13692.7
1748211929137.0,13668.6,13692.6
1748211929360.0,13669.3,13693.3
1748211929458.0,13669.4,13693.4
1748211929739.0,13669.1,13693.1
1748211930057.0,13668.7,13692.7
1748211930282.0,13668.4,13692.4
1748211930440.0,13668.6,13692.6
1748211930665.0,13669.0,13693.0
1748211930889.0,13668.8,13692.8
1748211931118.0,13668.9,13692.9
1748211931341.0,13668.8,13692.8
1748211931568.0,13668.6,13692.6
1748211931893.0,13669.9,13693.9
1748211932208.0,13670.1,13694.1
1748211932704.0,13669.9,13693.9
1748211932890.0,13669.8,13693.8
1748211933116.0,13669.7,13693.7
1748211933709.0,13672.7,13696.7
1748211933836.0,13673.1,13697.1
1748211934347.0,13675.2,13699.2
1748211934471.0,13675.1,13699.1
1748211934796.0,13675.4,13699.4
1748211934921.0,13675.3,13699.3
1748211935021.0,13675.2,13699.2
1748211935375.0,13674.7,13698.7
1748211935599.0,13673.6,13697.6
1748211935697.0,13673.4,13697.4
1748211935920.0,13673.1,13697.1
1748211936047.0,13673.3,13697.3
1748211936371.0,13671.5,13695.5
1748211936651.0,13670.9,13694.9
1748211937050.0,13670.6,13694.6
1748211937450.0,13670.0,13694.0
1748211937773.0,13670.3,13694.3
1748211938260.0,13669.9,13693.9
1748211938860.0,13669.3,13693.3
1748211938954.0,13669.2,13693.2
1748211939598.0,13669.5,13693.5
1748211940426.0,13669.4,13693.4
1748211940649.0,13669.6,13693.6
1748211940747.0,13669.7,13693.7
1748211941244.0,13669.5,13693.5
1748211941925.0,13669.9,13693.9
1748211942147.0,13670.1,13694.1
1748211942527.0,13670.0,13694.0
1748211942624.0,13669.9,13693.9
1748211942928.0,13669.7,13693.7
1748211943152.0,13669.1,13693.1
1748211943626.0,13669.4,13693.4
1748211943931.0,13669.2,13693.2
1748211944155.0,13669.3,13693.3
1748211944381.0,13669.0,13693.0
1748211944481.0,13668.9,13692.9
1748211944604.0,13669.0,13693.0
1748211944706.0,13669.1,13693.1
1748211944830.0,13668.9,13692.9
1748211945159.0,13669.4,13693.4
1748211945277.0,13669.2,13693.2
1748211945955.0,13669.1,13693.1
1748211946175.0,13669.2,13693.2
1748211946705.0,13669.4,13693.4
1748211946833.0,13669.1,13693.1
1748211947307.0,13669.7,13693.7
1748211948561.0,13669.5,13693.5
1748211948786.0,13669.4,13693.4
1748211949009.0,13669.2,13693.2
1748211949453.0,13669.4,13693.4
1748211949579.0,13669.1,13693.1
1748211949949.0,13668.9,13692.9
1748211950446.0,13669.1,13693.1
1748211950750.0,13668.9,13692.9
1748211950973.0,13669.0,13693.0
1748211951070.0,13669.1,13693.1
1748211951921.0,13669.2,13693.2
1748211952368.0,13669.5,13693.5
1748211953344.0,13669.4,13693.4
1748211953668.0,13668.9,13692.9
1748211955052.0,13668.6,13692.6
1748211955274.0,13669.3,13693.3
1748211955496.0,13669.1,13693.1
1748211955760.0,13668.9,13692.9
1748211956497.0,13668.6,13692.6
1748211957711.0,13668.2,13692.2
1748211958136.0,13668.0,13692.0
1748211958456.0,13668.2,13692.2
1748211958732.0,13668.0,13692.0
1748211959024.0,13668.1,13692.1
1748211959122.0,13668.2,13692.2
1748211960129.0,13668.0,13692.0
1748211961112.0,13668.5,13692.5
1748211961209.0,13668.6,13692.6
1748211961943.0,13668.3,13692.3
1748211962165.0,13668.4,13692.4
1748211962389.0,13668.2,13692.2
1748211963273.0,13668.3,13692.3
1748211963499.0,13667.8,13691.8
1748211963597.0,13667.7,13691.7
1748211964166.0,13667.8,13691.8
1748211964410.0,13668.0,13692.0
1748211964635.0,13668.1,13692.1
1748211964861.0,13667.8,13691.8
1748211965087.0,13667.4,13691.4
1748211965478.0,13667.5,13691.5
1748211965877.0,13667.4,13691.4
1748211966105.0,13667.5,13691.5
1748211966329.0,13667.7,13691.7
1748211966652.0,13667.2,13691.2
1748211966779.0,13667.4,13691.4
1748211967004.0,13667.3,13691.3
1748211967227.0,13667.4,13691.4
1748211967453.0,13667.3,13691.3
1748211967553.0,13667.2,13691.2
1748211968419.0,13667.4,13691.4
1748211968644.0,13667.7,13691.7
1748211969019.0,13667.4,13691.4
1748211969380.0,13667.3,13691.3
1748211969605.0,13667.1,13691.1
1748211970146.0,13667.0,13691.0
1748211971617.0,13666.6,13690.6
1748211972065.0,13666.5,13690.5
1748211972581.0,13666.3,13690.3
1748211973107.0,13666.2,13690.2
1748211973330.0,13666.3,13690.3
1748211973663.0,13666.5,13690.5
1748211973988.0,13665.9,13689.9
1748211974308.0,13665.1,13689.1
1748211974403.0,13665.0,13689.0
1748211974627.0,13664.8,13688.8
1748211974755.0,13664.4,13688.4
1748211974979.0,13664.1,13688.1
1748211975207.0,13664.2,13688.2
1748211975427.0,13664.1,13688.1
1748211975654.0,13664.4,13688.4
1748211975879.0,13664.9,13688.9
1748211975977.0,13665.0,13689.0
1748211976106.0,13664.7,13688.7
1748211976871.0,13664.8,13688.8
1748211977268.0,13664.7,13688.7
1748211977698.0,13664.3,13688.3
1748211977921.0,13664.1,13688.1
1748211978794.0,13664.2,13688.2
1748211979018.0,13663.7,13687.7
1748211979116.0,13663.6,13687.6
1748211979266.0,13663.5,13687.5
1748211979492.0,13663.6,13687.6
1748211979717.0,13663.9,13687.9
1748211980153.0,13663.8,13687.8
1748211980590.0,13663.4,13687.4
1748211980686.0,13663.3,13687.3
1748211980810.0,13663.5,13687.5
1748211981038.0,13663.2,13687.2
1748211981262.0,13663.3,13687.3
1748211981488.0,13663.2,13687.2
1748211981924.0,13663.3,13687.3
1748211982146.0,13663.2,13687.2
1748211982373.0,13663.3,13687.3
1748211982596.0,13663.2,13687.2
1748211982824.0,13663.3,13687.3
1748211983381.0,13663.2,13687.2
1748211983602.0,13663.0,13687.0
1748211983828.0,13663.2,13687.2
1748211984495.0,13663.7,13687.7
1748211984591.0,13663.8,13687.8
1748211985389.0,13663.9,13687.9
1748211986589.0,13664.1,13688.1
1748211987991.0,13664.5,13688.5
1748211988239.0,13664.7,13688.7
1748211988463.0,13664.5,13688.5
1748211988688.0,13664.9,13688.9
1748211988787.0,13665.0,13689.0
1748211989226.0,13664.9,13688.9
1748211989322.0,13664.8,13688.8
1748211989626.0,13665.1,13689.1
1748211989849.0,13665.3,13689.3
1748211990350.0,13665.4,13689.4
1748211990947.0,13665.1,13689.1
1748211991074.0,13665.3,13689.3
1748211991575.0,13664.9,13688.9
1748211991672.0,13664.8,13688.8
1748211992330.0,13665.2,13689.2
1748211992426.0,13665.3,13689.3
1748211992672.0,13665.1,13689.1
1748211993433.0,13665.3,13689.3
1748211994156.0,13665.0,13689.0
1748211994748.0,13664.4,13688.4
1748211995124.0,13664.2,13688.2
1748211995488.0,13664.4,13688.4
1748211996687.0,13664.5,13688.5
1748211997149.0,13664.7,13688.7
1748211997555.0,13664.0,13688.0
1748211997655.0,13663.9,13687.9
1748211998364.0,13663.8,13687.8
1748211998811.0,13663.9,13687.9
1748211999438.0,13663.8,13687.8
1748212000070.0,13663.7,13687.7
1748212000169.0,13663.6,13687.6
1748212000286.0,13663.8,13687.8
1748212001129.0,13664.1,13688.1
1748212001346.0,13663.8,13687.8
1748212001573.0,13664.1,13688.1
1748212001795.0,13664.2,13688.2
1748212002022.0,13664.1,13688.1
1748212002977.0,13663.8,13687.8
1748212003201.0,13663.9,13687.9
1748212003785.0,13664.1,13688.1
1748212004006.0,13664.4,13688.4
1748212004459.0,13664.5,13688.5
1748212004924.0,13664.4,13688.4
1748212005247.0,13663.9,13687.9
1748212005572.0,13663.8,13687.8
1748212006216.0,13663.9,13687.9
1748212007002.0,13664.2,13688.2
1748212007220.0,13664.5,13688.5
1748212007936.0,13664.7,13688.7
1748212009018.0,13664.5,13688.5
1748212010979.0,13664.7,13688.7
1748212011205.0,13664.4,13688.4
1748212012600.0,13664.1,13688.1
1748212013338.0,13663.6,13687.6
1748212013873.0,13663.8,13687.8
1748212014652.0,13664.5,13688.5
1748212014872.0,13664.4,13688.4
1748212015264.0,13664.2,13688.2
1748212015487.0,13664.1,13688.1
1748212016022.0,13663.8,13687.8
1748212016648.0,13663.7,13687.7
1748212016744.0,13663.6,13687.6
1748212016975.0,13663.5,13687.5
1748212017474.0,13663.8,13687.8
1748212017599.0,13663.5,13687.5
1748212018891.0,13663.6,13687.6
1748212019230.0,13663.8,13687.8
1748212020395.0,13663.5,13687.5
1748212021201.0,13662.9,13686.9
1748212021601.0,13662.2,13686.2
1748212021823.0,13662.4,13686.4
1748212022049.0,13662.6,13686.6
1748212022274.0,13662.4,13686.4
1748212022499.0,13662.6,13686.6
1748212022875.0,13662.7,13686.7
1748212023104.0,13662.9,13686.9
1748212023327.0,13663.2,13687.2
1748212023551.0,13663.0,13687.0
1748212024688.0,13662.6,13686.6
1748212024909.0,13662.4,13686.4
1748212025136.0,13662.3,13686.3
1748212025662.0,13662.6,13686.6
1748212025887.0,13662.7,13686.7
1748212026210.0,13662.4,13686.4
1748212026336.0,13662.6,13686.6
1748212026558.0,13662.7,13686.7
1748212027393.0,13662.9,13686.9
1748212028139.0,13662.4,13686.4
1748212028867.0,13662.6,13686.6
1748212029088.0,13662.7,13686.7
1748212029311.0,13662.6,13686.6
1748212030777.0,13662.7,13686.7
1748212031467.0,13662.6,13686.6
1748212032787.0,13662.7,13686.7
1748212033010.0,13662.6,13686.6
1748212033940.0,13662.4,13686.4
1748212035115.0,13662.8,13686.8
1748212035209.0,13662.9,13686.9
1748212036687.0,13663.2,13687.2
1748212038441.0,13662.9,13686.9
1748212039516.0,13663.0,13687.0
1748212039738.0,13663.2,13687.2
1748212040909.0,13662.9,13686.9
1748212042236.0,13662.8,13686.8
1748212042333.0,13662.7,13686.7
1748212042851.0,13662.6,13686.6
1748212043714.0,13662.0,13686.0
1748212044117.0,13662.1,13686.1
1748212046963.0,13662.3,13686.3
1748212049231.0,13662.5,13686.5
1748212049329.0,13662.6,13686.6
1748212049592.0,13662.7,13686.7
1748212050497.0,13662.5,13686.5
1748212050596.0,13662.4,13686.4
1748212051544.0,13662.3,13686.3
1748212052198.0,13662.4,13686.4
1748212052423.0,13662.3,13686.3
1748212052850.0,13662.4,13686.4
1748212057825.0,13662.3,13686.3
1748212058224.0,13662.4,13686.4
1748212058714.0,13662.6,13686.6
1748212058934.0,13662.4,13686.4
1748212059414.0,13662.3,13686.3
1748212059637.0,13662.4,13686.4
1748212060374.0,13662.6,13686.6
1748212061179.0,13662.4,13686.4
1748212064703.0,13662.3,13686.3
1748212066902.0,13662.4,13686.4
1748212067498.0,13662.7,13686.7
1748212068169.0,13662.6,13686.6
1748212068394.0,13662.3,13686.3
1748212071053.0,13662.4,13686.4
1748212072459.0,13662.3,13686.3
1748212073562.0,13662.4,13686.4
1748212073858.0,13662.3,13686.3
1748212075455.0,13662.7,13686.7
1748212078436.0,13662.6,13686.6
1748212078661.0,13662.7,13686.7
1748212079764.0,13662.9,13686.9
1748212079988.0,13664.6,13688.6
1748212080088.0,13664.8,13688.8
1748212080312.0,13664.2,13688.2
1748212080435.0,13664.4,13688.4
1748212080664.0,13664.5,13688.5
1748212080886.0,13664.7,13688.7
1748212081241.0,13664.8,13688.8
1748212081838.0,13664.4,13688.4
1748212082277.0,13664.5,13688.5
1748212082497.0,13664.7,13688.7
1748212082722.0,13664.8,13688.8
1748212083444.0,13664.7,13688.7
1748212083669.0,13664.3,13688.3
1748212083767.0,13664.2,13688.2
1748212084273.0,13664.4,13688.4
1748212084494.0,13664.2,13688.2
1748212084800.0,13664.1,13688.1
1748212085024.0,13664.2,13688.2
1748212085248.0,13664.1,13688.1
1748212088042.0,13663.8,13687.8
1748212088908.0,13664.1,13688.1
1748212090277.0,13664.1,13688.1
1748212090502.0,13663.8,13687.8
1748212090725.0,13663.9,13687.9
1748212091059.0,13663.8,13687.8
1748212091788.0,13663.3,13687.3
1748212092425.0,13663.5,13687.5
1748212092652.0,13663.3,13687.3
1748212093877.0,13663.6,13687.6
1748212094100.0,13663.5,13687.5
1748212094324.0,13663.2,13687.2
