None,,
None,,
None,,
1748210528185.0,406.73,407.33
1748210535144.0,406.63,407.23
1748210537175.0,406.73,407.33
1748210573021.0,406.63,407.23
1748210573225.0,406.73,407.33
1748210581232.0,406.83,407.43
1748210585517.0,406.93,407.53
1748210585705.0,406.83,407.43
1748210587065.0,406.93,407.53
1748210609786.0,406.83,407.43
1748210611539.0,406.93,407.53
1748210653409.0,406.83,407.43
1748210666538.0,406.73,407.33
1748210670207.0,406.83,407.43
1748210674509.0,406.73,407.33
1748210682019.0,406.83,407.43
1748210690708.0,406.93,407.53
1748210693879.0,406.83,407.43
1748210712325.0,406.93,407.53
1748210718188.0,406.83,407.43
1748210721288.0,406.93,407.53
1748210722990.0,406.83,407.43
1748210723611.0,406.93,407.53
1748210816363.0,407.13,407.73
1748210816463.0,407.23,407.83
1748210818702.0,407.33,407.93
1748210819375.0,407.53,408.13
1748210819825.0,407.63,408.23
1748210820054.0,407.53,408.13
1748210820499.0,407.43,408.03
1748210821177.0,407.53,408.13
1748210822079.0,407.43,408.03
1748210822300.0,407.53,408.13
1748210822526.0,407.43,408.03
1748210823425.0,407.33,407.93
1748210825774.0,407.53,408.13
1748210826448.0,407.43,408.03
1748210826798.0,407.33,407.93
1748210826992.0,407.43,408.03
1748210827823.0,407.33,407.93
1748210828523.0,407.43,408.03
1748210828705.0,407.33,407.93
1748210830227.0,407.43,408.03
1748210830940.0,407.33,407.93
1748210832051.0,407.43,408.03
1748210832699.0,407.33,407.93
1748210836186.0,407.23,407.83
1748210836375.0,407.33,407.93
1748210836599.0,407.23,407.83
1748210836851.0,407.33,407.93
1748210838321.0,407.23,407.83
1748210843921.0,407.33,407.93
1748210844137.0,407.23,407.83
1748210844360.0,407.33,407.93
1748210845573.0,407.23,407.83
1748210845798.0,407.33,407.93
1748210850969.0,407.43,408.03
1748210851196.0,407.33,407.93
1748210851417.0,407.43,408.03
1748210855851.0,407.33,407.93
1748210857014.0,407.43,408.03
1748210865978.0,407.33,407.93
1748210869273.0,407.43,408.03
1748210870409.0,407.33,407.93
1748210870859.0,407.43,408.03
1748210877479.0,407.53,408.13
1748210879930.0,407.43,408.03
1748210881512.0,407.53,408.13
1748210883076.0,407.63,408.23
1748210883299.0,407.53,408.13
1748210884024.0,407.63,408.23
1748210886151.0,407.73,408.33
1748210887421.0,407.83,408.43
1748210887646.0,407.73,408.33
1748210888099.0,407.83,408.43
1748210888547.0,407.93,408.53
1748210888770.0,408.03,408.63
1748210889221.0,408.13,408.73
1748210889975.0,408.03,408.63
1748210890244.0,408.13,408.73
1748210890424.0,408.03,408.63
1748210891417.0,407.93,408.53
1748210891640.0,407.83,408.43
1748210894416.0,407.93,408.53
1748210894640.0,407.83,408.43
1748210894866.0,407.93,408.53
1748210895091.0,407.83,408.43
1748210896196.0,407.93,408.53
1748210897010.0,407.83,408.43
1748210898383.0,407.93,408.53
1748210898605.0,407.83,408.43
1748210898831.0,407.93,408.53
1748210899067.0,407.83,408.43
1748210901195.0,407.73,408.33
1748210907066.0,407.83,408.43
1748210919532.0,407.73,408.33
1748210919771.0,407.83,408.43
1748210920396.0,407.73,408.33
1748210924633.0,407.73,408.33
1748210924859.0,407.63,408.23
1748210925214.0,407.73,408.33
1748210927816.0,407.93,408.53
1748210931925.0,407.83,408.43
1748210932824.0,407.93,408.53
1748210933048.0,407.83,408.43
1748210933811.0,407.93,408.53
1748210936030.0,407.83,408.43
1748210937474.0,407.73,408.33
1748210943148.0,407.63,408.23
1748210945681.0,407.73,408.33
1748210947689.0,407.63,408.23
1748210952884.0,407.73,408.33
1748210953806.0,407.63,408.23
1748210958774.0,407.53,408.13
1748210958973.0,407.63,408.23
1748210959562.0,407.53,408.13
1748210962804.0,407.63,408.23
1748210963030.0,407.53,408.13
1748210963252.0,407.63,408.23
1748210966206.0,407.73,408.33
1748210966429.0,407.63,408.23
1748210968351.0,407.73,408.33
1748210968577.0,407.63,408.23
1748210970345.0,407.73,408.33
1748210970744.0,407.63,408.23
1748210974704.0,407.73,408.33
1748210975780.0,407.83,408.43
1748210976455.0,407.93,408.53
1748210980529.0,407.83,408.43
1748210986246.0,407.73,408.33
1748210987553.0,407.83,408.43
1748210990980.0,407.73,408.33
1748210991205.0,407.83,408.43
1748210994308.0,407.93,408.53
1748210994529.0,407.83,408.43
1748211008199.0,407.93,408.53
1748211009099.0,408.03,408.63
1748211009323.0,407.93,408.53
1748211015836.0,407.83,408.43
1748211021470.0,407.93,408.53
1748211022880.0,407.83,408.43
1748211033458.0,407.73,408.33
1748211045513.0,407.83,408.43
1748211050518.0,407.73,408.33
1748211059157.0,407.63,408.23
1748211086657.0,407.53,408.13
1748211087670.0,407.63,408.23
1748211088153.0,407.53,408.13
1748211089706.0,407.63,408.23
1748211091512.0,407.53,408.13
1748211097281.0,407.63,408.23
1748211108777.0,407.53,408.13
1748211109169.0,407.63,408.23
1748211117430.0,407.53,408.13
1748211118193.0,407.63,408.23
1748211119859.0,407.53,408.13
1748211126052.0,407.63,408.23
1748211126270.0,407.73,408.33
1748211134221.0,407.63,408.23
1748211136440.0,407.73,408.33
1748211138928.0,407.63,408.23
1748211139152.0,407.73,408.33
1748211158639.0,407.83,408.43
1748211158862.0,407.93,408.53
1748211166930.0,407.83,408.43
1748211167154.0,407.93,408.53
1748211167989.0,407.83,408.43
1748211173489.0,407.93,408.53
1748211184618.0,408.03,408.63
1748211185858.0,407.93,408.53
1748211186364.0,408.03,408.63
1748211194689.0,407.93,408.53
1748211195468.0,408.03,408.63
1748211221003.0,408.13,408.73
1748211221235.0,408.03,408.63
1748211221884.0,408.13,408.73
1748211222111.0,408.03,408.63
1748211245037.0,407.93,408.53
1748211245270.0,408.03,408.63
1748211245483.0,407.93,408.53
1748211247332.0,408.03,408.63
1748211248305.0,407.93,408.53
1748211251094.0,408.03,408.63
1748211253138.0,407.93,408.53
1748211270837.0,407.83,408.43
1748211284162.0,407.93,408.53
1748211306989.0,408.03,408.63
1748211310036.0,407.93,408.53
1748211333025.0,407.83,408.43
1748211393225.0,407.93,408.53
1748211399167.0,407.83,408.43
1748211405295.0,407.93,408.53
1748211443544.0,408.03,408.63
1748211444204.0,407.93,408.53
1748211444956.0,408.03,408.63
1748211446824.0,407.93,408.53
1748211449434.0,408.03,408.63
1748211450958.0,407.93,408.53
1748211452577.0,408.03,408.63
1748211453913.0,407.93,408.53
1748211464352.0,408.03,408.63
1748211468512.0,407.93,408.53
1748211471776.0,408.03,408.63
1748211482042.0,408.13,408.73
1748211482266.0,408.03,408.63
1748211511287.0,407.93,408.53
1748211512280.0,408.03,408.63
1748211541350.0,407.93,408.53
1748211544218.0,408.03,408.63
1748211551603.0,407.93,408.53
1748211552716.0,408.03,408.63
1748211580817.0,408.13,408.73
1748211587518.0,408.03,408.63
1748211587741.0,408.13,408.73
1748211588646.0,408.03,408.63
1748211590065.0,408.13,408.73
1748211591306.0,408.23,408.83
1748211591405.0,408.33,408.93
1748211602686.0,408.43,409.03
1748211602881.0,408.33,408.93
1748211605021.0,408.43,409.03
1748211622232.0,408.53,409.13
1748211622458.0,408.43,409.03
1748211628165.0,408.53,409.13
1748211629145.0,408.43,409.03
1748211658591.0,408.33,408.93
1748211666007.0,408.43,409.03
1748211667531.0,408.33,408.93
1748211668548.0,408.43,409.03
1748211673682.0,408.33,408.93
1748211677662.0,408.43,409.03
1748211678671.0,408.33,408.93
1748211679568.0,408.43,409.03
1748211684124.0,408.53,409.13
1748211688358.0,408.43,409.03
1748211692037.0,408.53,409.13
1748211694167.0,408.53,409.13
1748211705450.0,408.43,409.03
1748211705675.0,408.53,409.13
1748211719668.0,408.43,409.03
1748211720284.0,408.53,409.13
1748211724547.0,408.63,409.23
1748211735671.0,408.73,409.33
1748211736364.0,408.63,409.23
1748211737623.0,408.73,409.33
1748211751797.0,408.83,409.43
1748211752138.0,408.73,409.33
1748211752615.0,408.83,409.43
1748211752986.0,408.73,409.33
1748211753256.0,408.83,409.43
1748211753436.0,408.73,409.33
1748211756747.0,408.83,409.43
1748211759397.0,408.73,409.33
1748211759936.0,408.83,409.43
1748211760365.0,408.73,409.33
1748211775195.0,408.83,409.43
1748211775831.0,408.73,409.33
1748211777593.0,408.83,409.43
1748211785001.0,408.93,409.53
1748211786321.0,408.93,409.53
1748211786906.0,408.83,409.43
1748211791223.0,408.93,409.53
1748211797551.0,408.83,409.43
1748211798675.0,408.93,409.53
1748211798900.0,408.83,409.43
1748211800705.0,408.73,409.33
1748211802081.0,408.83,409.43
1748211809511.0,408.93,409.53
1748211809772.0,408.83,409.43
1748211809961.0,408.93,409.53
1748211810231.0,408.83,409.43
1748211810430.0,408.93,409.53
1748211810692.0,408.83,409.43
1748211817636.0,408.93,409.53
1748211827621.0,409.03,409.63
1748211838950.0,408.93,409.53
1748211844167.0,409.03,409.63
1748211844391.0,408.93,409.53
1748211848314.0,409.03,409.63
1748211848802.0,408.93,409.53
1748211860734.0,408.83,409.43
1748211864361.0,408.93,409.53
1748211864620.0,408.83,409.43
1748211865037.0,408.93,409.53
1748211866110.0,408.83,409.43
1748211867185.0,408.93,409.53
1748211867417.0,408.83,409.43
1748211867941.0,408.93,409.53
1748211869285.0,408.83,409.43
1748211869482.0,408.93,409.53
1748211869734.0,408.83,409.43
1748211870158.0,408.93,409.53
1748211870382.0,408.83,409.43
1748211871616.0,409.03,409.63
1748211878061.0,408.93,409.53
1748211878285.0,409.03,409.63
1748211879388.0,408.93,409.53
1748211880715.0,409.03,409.63
1748211892174.0,409.13,409.73
1748211896405.0,409.33,409.93
1748211901822.0,409.23,409.83
1748211902997.0,409.33,409.93
1748211906672.0,409.23,409.83
1748211910806.0,409.33,409.93
1748211911031.0,409.23,409.83
1748211911255.0,409.33,409.93
1748211915408.0,409.43,410.03
1748211915633.0,409.33,409.93
1748211916988.0,409.23,409.83
1748211917322.0,409.33,409.93
1748211919467.0,409.23,409.83
1748211919691.0,409.33,409.93
1748211923608.0,409.23,409.83
1748211929369.0,409.33,409.93
1748211929750.0,409.23,409.83
1748211931804.0,409.33,409.93
1748211933624.0,409.43,410.03
1748211934262.0,409.53,410.13
1748211935608.0,409.43,410.03
1748211936325.0,409.33,409.93
1748211943164.0,409.23,409.83
1748211943540.0,409.33,409.93
1748211944401.0,409.23,409.83
1748211945067.0,409.33,409.93
1748211945961.0,409.23,409.83
1748211946188.0,409.33,409.93
1748211946846.0,409.23,409.83
1748211947222.0,409.33,409.93
1748211949593.0,409.23,409.83
1748211951936.0,409.33,409.93
1748211953582.0,409.23,409.83
1748211955285.0,409.33,409.93
1748211955506.0,409.23,409.83
1748211971536.0,409.13,409.73
1748211974991.0,409.03,409.63
1748211975664.0,409.13,409.73
1748211977708.0,409.03,409.63
1748211987999.0,409.13,409.73
1748211995136.0,409.03,409.63
1748211995499.0,409.13,409.73
1748211997566.0,409.03,409.63
1748212004023.0,409.13,409.73
1748212005161.0,409.03,409.63
1748212007233.0,409.13,409.73
1748212012614.0,409.03,409.63
1748212014661.0,409.13,409.73
1748212015287.0,409.03,409.63
1748212079999.0,409.13,409.73
1748212080225.0,409.03,409.63
1748212080448.0,409.13,409.73
1748212083681.0,409.03,409.63
1748212084285.0,409.13,409.73
1748212084508.0,409.03,409.63
1748212185013.0,409.13,409.73
1748212199062.0,409.23,409.83
1748212199519.0,409.13,409.73
1748212199743.0,409.23,409.83
1748212202184.0,409.13,409.73
1748212204023.0,409.23,409.83
1748212204466.0,409.13,409.73
1748212217187.0,409.03,409.63
1748212217404.0,409.13,409.73
1748212217630.0,409.03,409.63
1748212264476.0,408.93,409.53
1748212295394.0,408.83,409.43
1748212295606.0,408.93,409.53
1748212295830.0,408.83,409.43
1748212299146.0,408.93,409.53
1748212299623.0,408.83,409.43
1748212300480.0,408.93,409.53
1748212321897.0,408.83,409.43
1748212322075.0,408.93,409.53
1748212340214.0,408.83,409.43
1748212401708.0,408.73,409.33
1748212406745.0,408.83,409.43
1748212430203.0,408.73,409.33
1748212445651.0,408.83,409.43
1748212446044.0,408.73,409.33
1748212449726.0,408.83,409.43
1748212450191.0,408.73,409.33
1748212452757.0,408.83,409.43
1748212453155.0,408.73,409.33
1748212489254.0,408.63,409.23
1748212525382.0,408.73,409.33
1748212527190.0,408.63,409.23
1748212531140.0,408.73,409.33
1748212536533.0,408.63,409.23
1748212536758.0,408.73,409.33
1748212559995.0,408.63,409.23
1748212590622.0,408.73,409.33
1748212590811.0,408.63,409.23
1748212600900.0,408.73,409.33
1748212607027.0,408.63,409.23
1748212666902.0,408.53,409.13
1748212672817.0,408.63,409.23
1748212676712.0,408.53,409.13
1748212677532.0,408.63,409.23
1748212683315.0,408.53,409.13
1748212684570.0,408.63,409.23
1748212752662.0,408.53,409.13
1748212754578.0,408.63,409.23
1748212760301.0,408.53,409.13
1748212762024.0,408.63,409.23
1748212764315.0,408.53,409.13
1748212765069.0,408.63,409.23
1748212769586.0,408.53,409.13
1748212776277.0,408.63,409.23
1748212784814.0,408.53,409.13
1748212792043.0,408.63,409.23
1748212792591.0,408.53,409.13
1748212792840.0,408.63,409.23
1748212797725.0,408.53,409.13
1748212798337.0,408.63,409.23
1748212801878.0,408.53,409.13
1748212803576.0,408.63,409.23
1748212870001.0,408.73,409.33
1748212871272.0,408.63,409.23
1748212894687.0,408.53,409.13
1748212895451.0,408.63,409.23
1748212900782.0,408.53,409.13
1748212901033.0,408.63,409.23
1748212903847.0,408.53,409.13
1748212959061.0,408.63,409.23
1748212959242.0,408.53,409.13
1748212978841.0,408.63,409.23
1748212990602.0,408.73,409.33
1748212991111.0,408.63,409.23
1748213081793.0,408.73,409.33
1748213107868.0,408.83,409.43
1748213110804.0,408.73,409.33
1748213111809.0,408.83,409.43
1748213112795.0,408.73,409.33
1748213113628.0,408.83,409.43
1748213124108.0,408.93,409.53
1748213139999.0,408.83,409.43
1748213147508.0,408.93,409.53
1748213166584.0,408.83,409.43
1748213168289.0,408.93,409.53
1748213168513.0,408.83,409.43
1748213173164.0,408.93,409.53
1748213174841.0,408.83,409.43
1748213184211.0,408.93,409.53
1748213184433.0,408.83,409.43
1748213191408.0,408.93,409.53
1748213191634.0,408.83,409.43
1748213216587.0,408.73,409.33
1748213217041.0,408.83,409.43
1748213217268.0,408.73,409.33
1748213223767.0,408.83,409.43
1748213223989.0,408.73,409.33
1748213225724.0,408.83,409.43
1748213233531.0,408.73,409.33
1748213256903.0,408.63,409.23
1748213257100.0,408.73,409.33
1748213258439.0,408.63,409.23
1748213258625.0,408.73,409.33
1748213259718.0,408.63,409.23
1748213261793.0,408.73,409.33
1748213262044.0,408.63,409.23
1748213270760.0,408.73,409.33
1748213275492.0,408.63,409.23
1748213303924.0,408.73,409.33
1748213383416.0,408.83,409.43
1748213391425.0,408.93,409.53
1748213402765.0,409.03,409.63
1748213431708.0,408.93,409.53
1748213432235.0,409.03,409.63
1748213433052.0,408.93,409.53
1748213437342.0,408.83,409.43
1748213443668.0,408.73,409.33
1748213449551.0,408.83,409.43
1748213458979.0,408.73,409.33
1748213460013.0,408.83,409.43
1748213460712.0,408.73,409.33
1748213462693.0,408.83,409.43
1748213470307.0,408.73,409.33
1748213471222.0,408.83,409.43
1748213474053.0,408.73,409.33
1748213499241.0,408.83,409.43
1748213524793.0,408.73,409.33
1748213562348.0,408.83,409.43
1748213562578.0,408.73,409.33
1748213563030.0,408.73,409.33
1748213605407.0,408.83,409.43
1748213606036.0,408.73,409.33
1748213644498.0,408.83,409.43
1748213714770.0,408.93,409.53
1748213715354.0,408.83,409.43
1748213716001.0,408.93,409.53
1748213754148.0,408.83,409.43
1748213754636.0,408.93,409.53
1748213757170.0,408.83,409.43
1748213759568.0,408.93,409.53
1748213760169.0,408.83,409.43
1748213761906.0,408.93,409.53
1748213763344.0,408.83,409.43
1748213764044.0,408.93,409.53
1748213774838.0,408.83,409.43
1748213776899.0,408.93,409.53
1748213842004.0,408.83,409.43
1748213847089.0,408.93,409.53
1748213847865.0,408.83,409.43
1748213849987.0,408.93,409.53
1748213850213.0,408.83,409.43
1748213966232.0,408.73,409.33
1748214002439.0,408.83,409.43
1748214005084.0,408.73,409.33
1748214008370.0,408.83,409.43
1748214024652.0,408.73,409.33
1748214024875.0,408.83,409.43
1748214123274.0,408.93,409.53
1748214140164.0,409.03,409.63
1748214156785.0,408.93,409.53
1748214248190.0,408.83,409.43
1748214248410.0,408.93,409.53
1748214251770.0,408.83,409.43
1748214253598.0,408.93,409.53
1748214256302.0,408.83,409.43
1748214256526.0,408.93,409.53
1748214315354.0,409.03,409.63
1748214361488.0,409.13,409.73
1748214361936.0,409.03,409.63
1748214365295.0,409.13,409.73
1748214365517.0,409.03,409.63
1748214365913.0,409.13,409.73
1748214366139.0,409.03,409.63
1748214366701.0,409.13,409.73
1748214366926.0,409.03,409.63
1748214367375.0,409.13,409.73
1748214369665.0,409.03,409.63
1748214369888.0,409.13,409.73
1748214370454.0,409.03,409.63
1748214371911.0,409.13,409.73
1748214372767.0,409.03,409.63
1748214420379.0,408.93,409.53
1748214521796.0,408.83,409.43
1748214528876.0,408.93,409.53
1748214530008.0,408.83,409.43
1748214565665.0,408.93,409.53
1748214567097.0,408.83,409.43
1748214673627.0,408.93,409.53
1748214675157.0,408.83,409.43
1748214675974.0,408.93,409.53
1748214904210.0,408.83,409.43
1748214967524.0,408.73,409.33
1748214967972.0,408.83,409.43
1748214968426.0,408.73,409.33
1748214970942.0,408.83,409.43
1748214979810.0,408.73,409.33
1748215188190.0,408.83,409.43
1748215188925.0,408.73,409.33
1748215497974.0,408.83,409.43
1748215530057.0,408.93,409.53
1748215597311.0,408.83,409.43
1748215597598.0,408.93,409.53
1748215599135.0,408.83,409.43
1748215737136.0,408.93,409.53
1748215741095.0,408.83,409.43
1748215843823.0,408.73,409.33
1748215890822.0,408.83,409.43
1748215928361.0,408.93,409.53
1748215935402.0,408.83,409.43
1748215937206.0,408.93,409.53
1748215937537.0,408.83,409.43
1748215937758.0,408.93,409.53
1748215938350.0,408.83,409.43
1748215939171.0,408.93,409.53
1748216013752.0,408.83,409.43
1748216014437.0,408.93,409.53
1748216041381.0,408.83,409.43
1748216066146.0,408.93,409.53
1748216079324.0,408.83,409.43
1748216082595.0,408.93,409.53
1748216092891.0,408.83,409.43
1748216110087.0,408.93,409.53
1748216283725.0,409.03,409.63
1748216298478.0,408.93,409.53
1748216298829.0,409.03,409.63
1748216336272.0,409.13,409.73
1748216336723.0,409.03,409.63
1748216339588.0,409.13,409.73
1748216340097.0,409.03,409.63
1748216342324.0,409.13,409.73
1748216342552.0,409.03,409.63
1748216395738.0,409.13,409.73
1748216396751.0,409.03,409.63
1748216500942.0,409.13,409.73
1748216517802.0,409.23,409.83
1748216525487.0,409.33,409.93
1748216525934.0,409.23,409.83
1748216531517.0,409.33,409.93
1748216532192.0,409.23,409.83
1748216533130.0,409.33,409.93
1748216533527.0,409.23,409.83
1748216535361.0,409.33,409.93
1748216535584.0,409.23,409.83
1748216536360.0,409.33,409.93
1748216536806.0,409.23,409.83
1748216537620.0,409.33,409.93
1748216549488.0,409.23,409.83
1748216552982.0,409.33,409.93
1748216566869.0,409.23,409.83
1748216567727.0,409.33,409.93
1748216596997.0,409.23,409.83
1748216606495.0,409.33,409.93
1748216606717.0,409.23,409.83
1748216660299.0,409.33,409.93
1748216662375.0,409.23,409.83
1748216664727.0,409.33,409.93
1748216665768.0,409.23,409.83
1748216673949.0,409.33,409.93
1748216678845.0,409.23,409.83
1748216696367.0,409.33,409.93
1748216696591.0,409.23,409.83
1748216700160.0,409.33,409.93
1748216701007.0,409.23,409.83
1748216702440.0,409.33,409.93
1748216702663.0,409.23,409.83
1748216703213.0,409.33,409.93
1748216731489.0,409.23,409.83
1748216736147.0,409.33,409.93
1748216736372.0,409.23,409.83
1748216779735.0,409.33,409.93
1748216780449.0,409.23,409.83
1748216800424.0,409.33,409.93
1748216809600.0,409.23,409.83
1748216810214.0,409.33,409.93
1748216813043.0,409.23,409.83
1748216813267.0,409.33,409.93
1748216817136.0,409.23,409.83
1748216820334.0,409.33,409.93
1748216821538.0,409.23,409.83
1748216832399.0,409.33,409.93
1748216834690.0,409.23,409.83
1748216918061.0,409.13,409.73
1748217085258.0,409.03,409.63
1748217087231.0,409.13,409.73
1748217090530.0,409.03,409.63
1748217108862.0,409.13,409.73
1748217121387.0,409.03,409.63
1748217122096.0,409.13,409.73
1748217122374.0,409.03,409.63
1748217122597.0,409.13,409.73
1748217122832.0,409.03,409.63
1748217149872.0,408.93,409.53
1748217150473.0,409.03,409.63
1748217156258.0,408.93,409.53
1748217159775.0,409.03,409.63
1748217161249.0,408.93,409.53
1748217162212.0,409.03,409.63
1748217162487.0,408.93,409.53
1748217173284.0,409.03,409.63
1748217224239.0,408.93,409.53
1748217233801.0,409.03,409.63
1748217237186.0,408.93,409.53
1748217257694.0,409.03,409.63
1748217257923.0,408.93,409.53
1748217262895.0,409.03,409.63
1748217263290.0,408.93,409.53
1748217353874.0,409.03,409.63
1748217355139.0,408.93,409.53
1748217356456.0,409.03,409.63
1748217364335.0,408.93,409.53
1748217365176.0,409.03,409.63
1748217365684.0,408.93,409.53
1748217365909.0,409.03,409.63
1748217371278.0,408.93,409.53
1748217375273.0,409.03,409.63
1748217586460.0,409.13,409.73
1748217590200.0,409.03,409.63
1748217590677.0,409.13,409.73
1748217590899.0,409.03,409.63
1748217599519.0,409.13,409.73
1748217600312.0,409.03,409.63
1748217600538.0,409.13,409.73
1748217622997.0,409.03,409.63
1748217630019.0,408.93,409.53
1748217630246.0,409.03,409.63
1748217630693.0,408.93,409.53
1748217713327.0,409.03,409.63
1748217721035.0,409.13,409.73
1748217745559.0,409.03,409.63
1748217750228.0,409.13,409.73
1748217751775.0,409.03,409.63
1748217752949.0,409.13,409.73
1748217753175.0,409.03,409.63
1748217758527.0,409.13,409.73
1748217762121.0,409.03,409.63
1748217770392.0,409.13,409.73
1748217775053.0,409.03,409.63
1748217789920.0,408.93,409.53
1748217792295.0,409.03,409.63
1748217792690.0,408.93,409.53
1748217799044.0,409.03,409.63
1748217807556.0,408.93,409.53
1748217808957.0,409.03,409.63
1748217810289.0,408.93,409.53
1748217824111.0,409.03,409.63
1748217828667.0,408.93,409.53
1748217829634.0,409.03,409.63
1748217831297.0,408.93,409.53
1748217841072.0,409.03,409.63
1748217857856.0,409.13,409.73
1748217858476.0,409.03,409.63
1748217914237.0,409.13,409.73
1748217914882.0,409.03,409.63
1748217946998.0,409.13,409.73
1748217954470.0,409.03,409.63
1748217958203.0,409.13,409.73
1748217974401.0,409.23,409.83
1748217976983.0,409.13,409.73
1748217978102.0,409.23,409.83
1748217978328.0,409.13,409.73
1748217994015.0,409.23,409.83
1748217996381.0,409.13,409.73
1748217997035.0,409.23,409.83
1748218000339.0,409.13,409.73
1748218003113.0,409.23,409.83
1748218007278.0,409.13,409.73
1748218012709.0,409.23,409.83
1748218013109.0,409.13,409.73
1748218014258.0,409.23,409.83
1748218033068.0,409.13,409.73
1748218038405.0,409.23,409.83
1748218040159.0,409.13,409.73
1748218088322.0,409.23,409.83
1748218129109.0,409.33,409.93
1748218140384.0,409.23,409.83
1748218141112.0,409.33,409.93
1748218141742.0,409.23,409.83
1748218146309.0,409.33,409.93
1748218200500.0,409.23,409.83
1748218272407.0,409.13,409.73
1748218379350.0,409.03,409.63
1748218379539.0,409.13,409.73
1748218379759.0,409.03,409.63
1748218390532.0,409.13,409.73
1748218393776.0,409.03,409.63
1748218395285.0,409.13,409.73
1748218395949.0,409.03,409.63
1748218400314.0,409.13,409.73
1748218401156.0,409.03,409.63
1748218401378.0,409.13,409.73
1748218402132.0,409.03,409.63
1748218412505.0,409.13,409.73
1748218417332.0,409.03,409.63
1748218417739.0,409.13,409.73
1748218421500.0,409.03,409.63
1748218444526.0,409.13,409.73
1748218444749.0,409.03,409.63
1748218447293.0,409.13,409.73
1748218447513.0,409.03,409.63
1748218501475.0,409.13,409.73
1748218510190.0,409.23,409.83
1748218514354.0,409.13,409.73
1748218515271.0,409.23,409.83
1748218521768.0,409.33,409.93
1748218535445.0,409.43,410.03
1748218555668.0,409.53,410.13
1748218561495.0,409.63,410.23
1748218564333.0,409.53,410.13
1748218564527.0,409.63,410.23
1748218565173.0,409.53,410.13
1748218565400.0,409.63,410.23
1748218567990.0,409.53,410.13
1748218570006.0,409.63,410.23
1748218570664.0,409.53,410.13
1748218570830.0,409.63,410.23
1748218575151.0,409.53,410.13
1748218575543.0,409.63,410.23
1748218575876.0,409.53,410.13
1748218576729.0,409.63,410.23
1748218585886.0,409.53,410.13
1748218614505.0,409.63,410.23
1748218618064.0,409.53,410.13
1748218620949.0,409.63,410.23
1748218622589.0,409.53,410.13
1748218633031.0,409.63,410.23
1748218633547.0,409.53,410.13
1748218645080.0,409.43,410.03
1748218645249.0,409.53,410.13
1748218647477.0,409.43,410.03
1748218650369.0,409.53,410.13
1748218650583.0,409.43,410.03
1748218654090.0,409.53,410.13
1748218655859.0,409.43,410.03
1748218692152.0,409.33,409.93
1748218692359.0,409.43,410.03
1748218692808.0,409.33,409.93
1748218693036.0,409.43,410.03
1748218696180.0,409.33,409.93
1748218715340.0,409.23,409.83
1748218721471.0,409.33,409.93
1748218723706.0,409.23,409.83
1748218729529.0,409.33,409.93
1748218737129.0,409.23,409.83
1748218761011.0,409.33,409.93
1748218763301.0,409.23,409.83
1748218766511.0,409.33,409.93
1748218771388.0,409.43,410.03
1748218776167.0,409.33,409.93
1748218776389.0,409.43,410.03
1748218776762.0,409.33,409.93
1748218780764.0,409.43,410.03
1748218781022.0,409.33,409.93
1748218782015.0,409.43,410.03
1748218782846.0,409.33,409.93
1748218783660.0,409.43,410.03
1748218806482.0,409.53,410.13
1748218807112.0,409.43,410.03
1748218807332.0,409.53,410.13
1748218810405.0,409.43,410.03
1748218810630.0,409.53,410.13
1748218811102.0,409.43,410.03
1748218828453.0,409.53,410.13
1748218828847.0,409.43,410.03
1748218840938.0,409.33,409.93
1748218880275.0,409.23,409.83
1748218880720.0,409.33,409.93
1748218881171.0,409.23,409.83
1748218888523.0,409.33,409.93
1748218898452.0,409.23,409.83
1748218900699.0,409.33,409.93
1748219038667.0,409.23,409.83
1748219047143.0,409.33,409.93
1748219049192.0,409.23,409.83
1748219049455.0,409.33,409.93
1748219050035.0,409.23,409.83
1748219052122.0,409.33,409.93
1748219052349.0,409.23,409.83
1748219054738.0,409.33,409.93
1748219055339.0,409.23,409.83
1748219058578.0,409.33,409.93
1748219059035.0,409.23,409.83
1748219059654.0,409.33,409.93
1748219060266.0,409.23,409.83
1748219062897.0,409.33,409.93
1748219063620.0,409.23,409.83
1748219066383.0,409.33,409.93
1748219066788.0,409.23,409.83
1748219067011.0,409.33,409.93
1748219067824.0,409.23,409.83
1748219100352.0,409.33,409.93
1748219100742.0,409.23,409.83
1748219177831.0,409.13,409.73
1748219209570.0,409.23,409.83
1748219248649.0,409.13,409.73
1748219266915.0,409.23,409.83
1748219267906.0,409.13,409.73
1748219269136.0,409.23,409.83
1748219275361.0,409.13,409.73
1748219306297.0,409.03,409.63
1748219307352.0,408.93,409.53
1748219309122.0,408.83,409.43
1748219309499.0,408.73,409.33
1748219327572.0,408.83,409.43
1748219332602.0,408.73,409.33
1748219389554.0,408.83,409.43
1748219389775.0,408.73,409.33
1748219394297.0,408.83,409.43
1748219394520.0,408.73,409.33
1748219396235.0,408.83,409.43
1748219400463.0,406.83,408.53
1748219401098.0,406.98,
1748219401322.0,,408.58
1748219401546.0,407.93,408.53
1748219401771.0,408.93,409.28
1748219401996.0,409.33,409.63
1748219402223.0,409.43,
1748219402718,,
1748219403169.0,409.38,
1748219404306,,
1748219404834.0,409.43,
1748219405058.0,409.38,
1748219405960.0,408.83,
1748219406412.0,408.53,409.08
1748219406634.0,408.58,408.98
1748219407431,,
1748219407657.0,408.63,
1748219408185.0,408.68,
1748219408796.0,,408.93
1748219410452.0,408.63,
1748219410677.0,408.43,408.78
1748219410900.0,,408.73
1748219411934.0,408.38,408.68
1748219412156.0,408.23,408.63
1748219412382.0,408.38,
1748219421059,,
1748219423084.0,408.43,
1748219423309.0,408.18,408.53
1748219426067.0,,408.48
1748219426299.0,408.23,
1748219427566.0,,408.43
1748219427796.0,408.18,
1748219428242.0,407.78,408.18
1748219428465.0,408.03,408.33
1748219429126.0,,408.23
1748219430008,,
1748219430234.0,,408.33
1748219437056.0,408.08,
1748219440318,,
1748219444292,,
1748219444516.0,408.03,408.23
1748219445301,,
1748219445522.0,407.88,408.13
1748219455630,,
1748219460346.0,407.93,
1748219460569.0,408.38,408.68
1748219460792.0,,408.63
1748219461490.0,408.43,
1748219462282,,
1748219463057,,
1748219464098.0,408.68,408.98
1748219464868,,
1748219466121,,
1748219467211.0,408.73,408.88
1748219467488.0,,408.98
1748219467714,,
1748219467939.0,408.88,409.18
1748219468870,,
1748219469095.0,,409.23
1748219471172.0,408.83,
1748219471397.0,408.73,409.13
1748219472858.0,408.43,408.73
1748219473082,,
1748219473759.0,,408.68
1748219475405.0,408.48,
1748219475628.0,,408.73
1748219480659.0,,408.63
1748219480881.0,408.43,
1748219481429,,
1748219481971.0,408.38,
1748219482946,,
1748219483639,,
1748219484967,,
1748219485535,,
1748219485747,,
1748219495515,,
1748219497032.0,,408.73
1748219497489.0,,408.68
1748219499582,,
1748219500081,,
1748219509334.0,,408.73
1748219511180.0,,408.68
1748219520256,,
1748219522271.0,408.43,
1748219522494.0,408.68,408.93
1748219524011.0,408.63,
1748219524235.0,,408.83
1748219524897.0,,408.88
1748219525123.0,,408.93
1748219525885,,
1748219526109.0,408.68,408.98
1748219526890.0,408.73,
1748219531347.0,408.78,
1748219532564.0,,409.03
1748219532789.0,,409.08
1748219537293,,
1748219549318.0,,409.03
1748219549541.0,,408.98
1748219550817.0,408.73,
1748219551041.0,408.68,408.93
1748219559535.0,408.63,
1748219559756.0,408.53,408.78
1748219559980.0,,408.83
1748219560205.0,,408.78
1748219564126.0,,408.73
1748219564350.0,,408.78
1748219574365,,
1748219576152,,
1748219576377.0,408.43,408.63
1748219577019.0,,408.58
1748219577372.0,408.38,
1748219577595,,
1748219580699.0,,408.53
1748219580980.0,,408.58
1748219581202,,
1748219582280,,
1748219582504.0,408.43,408.78
1748219582729.0,,408.63
1748219582955.0,408.48,408.78
1748219583300,,
1748219583526.0,408.53,
1748219583770.0,408.48,
1748219583977.0,408.53,
1748219585982.0,408.48,
1748219586206.0,408.38,408.68
1748219586655.0,,408.73
1748219586896.0,408.53,
1748219587701.0,408.58,
1748219587925.0,408.53,
1748219592920,,
1748219599818.0,,408.68
1748219600310.0,,408.73
1748219600534.0,408.58,
1748219600758.0,408.53,
1748219605412,,
1748219605849.0,408.48,
1748219606064.0,,408.68
1748219610209,,
1748219611721.0,,408.63
1748219616719,,
1748219620313,,
1748219620538.0,408.58,408.88
1748219620760.0,408.48,408.78
1748219629540,,
1748219629902.0,408.53,
1748219635507,,
1748219635732.0,,408.73
1748219640076.0,408.48,
1748219640515,,
1748219640745.0,,408.63
1748219642241.0,408.43,
1748219642465,,
1748219647417.0,,408.58
1748219647640.0,,408.63
1748219655508,,
1748219655957.0,,408.58
1748219657909,,
1748219658135.0,408.48,408.73
1748219658358.0,408.43,408.68
1748219658925,,
1748219660681.0,,408.58
1748219662909,,
1748219664011.0,408.38,
1748219664234.0,408.33,408.53
1748219666732,,
1748219667996,,
1748219671215.0,,408.48
1748219671540.0,,408.53
1748219671765.0,408.18,408.43
1748219671989.0,408.23,408.48
1748219682210.0,,408.43
1748219683113.0,,408.38
1748219683339.0,,408.43
1748219690557,,
1748219695902,,
1748219696127.0,,408.38
1748219700014,,
1748219700240.0,,408.48
1748219700464.0,408.28,
1748219700811,,
1748219701036.0,408.43,408.68
1748219701261.0,408.38,408.63
1748219701488.0,408.43,
1748219701711.0,408.38,
1748219702266,,
1748219702492.0,408.43,
1748219705873,,
1748219706912.0,,408.58
1748219707135.0,408.48,408.73
1748219715344,,
1748219717351.0,408.28,408.48
1748219717573,,
1748219718808.0,,408.43
1748219719919.0,,408.48
1748219720145.0,,408.53
1748219721295,,
1748219723977.0,408.33,
1748219724201.0,408.38,408.63
1748219724429.0,408.43,
1748219724649.0,408.38,
1748219728548.0,408.33,
1748219728770.0,408.28,408.53
1748219729568,,
1748219729817.0,408.23,408.48
1748219730707.0,,408.43
1748219730932.0,,408.48
1748219735612,,
1748219738609.0,,408.43
1748219740670.0,,408.38
1748219741363,,
1748219748129.0,408.18,
1748219748353.0,408.23,
1748219748884.0,408.18,
1748219752775,,
1748219754505.0,,408.33
1748219755505.0,408.13,
1748219755729.0,408.08,
1748219755966.0,408.13,
1748219756190.0,,408.38
1748219756416.0,,408.33
1748219756641.0,408.18,
1748219757989.0,408.13,
1748219761342.0,408.08,
1748219761566,,
1748219762278.0,408.13,
1748219762502.0,408.18,
1748219763466.0,408.13,
1748219763692.0,408.08,
1748219763937.0,408.18,
1748219765441.0,408.08,
1748219766403.0,,408.28
1748219766627.0,408.13,408.33
1748219766943,,
1748219767168.0,408.18,408.43
1748219767944,,
1748219768161.0,,408.48
1748219768387.0,,408.43
1748219778305.0,,408.38
1748219780673.0,,408.33
1748219780896.0,408.13,
1748219781315.0,,408.28
1748219783306.0,408.08,
1748219783529,,
1748219790204.0,,408.23
1748219795206,,
1748219795429,,
1748219795655.0,,408.28
1748219802103.0,,408.23
1748219803954,,
1748219807101,,
1748219808884.0,408.03,
1748219820695.0,,408.18
1748219820947.0,,408.23
1748219821621,,
1748219821930,,
1748219822494.0,408.08,408.33
1748219828869,,
1748219829492.0,,408.28
1748219831582.0,,408.23
1748219831804.0,407.98,
1748219842339.0,408.03,
1748219842563.0,408.13,408.33
1748219843098.0,408.18,
1748219843322.0,,408.38
1748219844017.0,408.13,
1748219844241.0,408.08,408.28
1748219844907,,
1748219851473.0,,408.23
1748219853929.0,,408.28
1748219860662.0,,408.23
1748219863920,,
1748219875394,,
1748219880258,,
1748219880359.0,,408.33
1748219880682.0,,408.23
1748219880907.0,,408.33
1748219881733.0,408.13,
1748219882265.0,408.18,
1748219882489.0,,408.38
1748219883014.0,408.23,
1748219894519.0,,408.43
1748219894741.0,408.28,408.48
1748219898391,,
1748219900669.0,,408.43
1748219900890.0,408.18,408.38
1748219905254.0,408.23,
1748219905477.0,408.28,408.43
1748219905702.0,,408.48
1748219913102,,
1748219920677.0,,408.43
1748219921532.0,408.23,
1748219921755,,
1748219926691.0,408.18,
1748219926916.0,,408.38
1748219930326,,
1748219935507,,
1748219940573,,
1748219940713.0,,408.33
1748219940937.0,408.13,
1748219945968,,
1748219955512,,
1748219960686.0,,408.28
1748219960908.0,408.18,408.43
1748219961134.0,408.23,
1748219961549.0,408.28,
1748219962568.0,408.23,
1748219962793.0,408.28,
1748219963018.0,,408.48
1748219980675.0,,408.43
1748219980899.0,408.23,
1748219995506.0,,408.38
1748219995730.0,408.18,
1748220003128.0,,408.33
1748220003349.0,,408.38
1748220003963,,
1748220037014,,
1748220040668.0,,408.33
1748220044504,,
1748220044728.0,,408.38
1748220045997,,
1748220048549,,
1748220060676.0,,408.33
1748220076535,,
1748220076760.0,408.13,
1748220080666.0,,408.28
1748220095353,,
1748220095451.0,,408.33
1748220097459,,
1748220098124.0,,408.28
1748220098348.0,,408.33
1748220100664.0,,408.28
1748220101444.0,,408.33
1748220102433,,
1748220115190,,
1748220120729.0,,408.28
1748220121403.0,408.08,
1748220121628.0,,408.23
1748220121868.0,408.03,
1748220122120.0,,408.18
1748220122626.0,407.98,
1748220128515,,
1748220128741.0,407.93,408.13
1748220129124.0,,408.08
1748220129348.0,,408.13
1748220135506,,
1748220136659,,
1748220156140.0,407.98,
1748220156362.0,408.08,408.28
1748220156622,,
1748220156848.0,408.13,408.33
1748220157122,,
1748220157348.0,408.03,408.28
1748220157574.0,,408.23
1748220157799.0,408.08,408.28
1748220158139.0,408.03,
1748220158364.0,,408.23
1748220160676.0,,408.18
1748220160901.0,407.93,408.08
1748220161125.0,,408.13
1748220162756.0,,408.08
1748220164732.0,,408.18
1748220164954.0,,408.13
1748220166824,,
1748220168799.0,407.98,
1748220172289,,
1748220175515,,
1748220178439,,
1748220182487.0,,408.18
1748220183018,,
1748220188151.0,408.03,
1748220188375.0,408.08,408.28
1748220188655.0,408.13,
1748220188946.0,,408.33
1748220189192.0,408.18,
1748220198439.0,408.13,
1748220198663.0,408.08,408.28
1748220198956,,
1748220211687.0,408.03,
1748220220904.0,,408.23
1748220226085.0,408.08,
1748220241318,,
1748220241541.0,408.13,408.33
1748220247190.0,408.18,
1748220247413.0,408.13,
1748220250732,,
1748220260694.0,,408.28
1748220266199.0,,408.33
1748220266422.0,408.18,408.38
1748220280673.0,,408.33
1748220288182,,
1748220295462.0,408.23,408.38
1748220295687.0,408.18,
1748220300698.0,,408.33
1748220301355,,
1748220303440,,
1748220307162.0,,408.38
1748220307390.0,408.23,408.48
1748220307965.0,408.28,
1748220315966,,
1748220316194.0,408.38,408.53
1748220316578.0,,408.58
1748220316804.0,,408.63
1748220317027.0,408.43,
1748220321983,,
1748220327317.0,408.38,
1748220327541.0,408.33,408.53
1748220336234.0,408.28,
1748220336457.0,,408.48
1748220340668.0,,408.43
1748220340892.0,408.33,408.53
1748220341242.0,,408.48
1748220343096.0,408.28,
1748220343319,,
1748220346408,,
1748220360374.0,,408.43
1748220360597.0,408.13,408.28
1748220360884,,
1748220361108.0,408.08,
1748220367629.0,408.03,
1748220367851.0,,408.23
1748220392815.0,408.08,
1748220393039.0,408.18,408.38
1748220393265.0,408.23,
1748220394046.0,408.18,
1748220394269,,
1748220394787.0,408.13,
1748220395013.0,,408.33
1748220400252.0,408.08,
1748220400475.0,408.13,408.38
1748220400701.0,408.08,408.28
1748220413245.0,408.13,
1748220414634,,
1748220414858.0,408.18,408.38
1748220415275.0,408.13,
1748220416356,,
1748220416582.0,408.18,
1748220416962.0,,408.43
1748220417187.0,408.23,
1748220417411.0,408.28,
1748220419600.0,408.18,408.38
1748220420001.0,,408.43
1748220420226.0,,408.38
1748220426091.0,,408.43
1748220427808.0,408.23,
1748220428047.0,,408.48
1748220435616,,
1748220454079,,
1748220454303.0,408.43,408.63
1748220454605,,
1748220460198.0,408.28,408.48
1748220462406.0,,408.53
1748220462630.0,408.38,408.58
1748220469807,,
1748220472768.0,408.33,
1748220477117.0,,408.53
1748220477340.0,408.28,
1748220477567.0,408.33,
1748220477791.0,408.28,
1748220478016.0,408.33,
1748220480734.0,,408.48
1748220480957.0,408.28,
1748220487259,,
1748220487575,,
1748220496481,,
1748220510607.0,,408.53
1748220510831.0,408.33,
1748220520708.0,,408.48
1748220521957,,
1748220522181.0,408.28,
1748220535507,,
1748220539974.0,,408.43
1748220540078.0,,408.48
1748220540673.0,,408.43
1748220545915,,
1748220546141.0,,408.48
1748220546554.0,408.33,
1748220550100.0,408.28,
1748220550421,,
1748220563494.0,408.23,
1748220563719.0,408.18,408.43
1748220563942.0,408.23,
1748220564369.0,408.18,
1748220564596.0,408.23,
1748220573138.0,408.18,
1748220573369.0,408.23,
1748220594326,,
1748220601890.0,408.28,
1748220602388.0,408.23,
1748220610812,,
1748220613617,,
1748220620681.0,,408.38
1748220635235.0,,408.43
1748220635518.0,408.18,
1748220635743.0,,408.38
1748220687347,,
1748220696037.0,408.38,408.58
1748220696260.0,408.43,
1748220697145.0,408.38,
1748220697369.0,408.28,408.48
1748220697596.0,408.33,408.53
1748220697935.0,408.28,
1748220698158.0,,408.48
1748220699648.0,408.23,
1748220699872.0,408.28,408.43
1748220700097.0,408.23,
1748220708264.0,408.18,408.33
1748220708486,,
1748220712842,,
1748220714104.0,408.08,408.23
1748220715263,,
1748220717468.0,408.03,
1748220717691,,
1748220729151.0,,408.18
1748220731101.0,407.98,
1748220731327.0,407.93,408.13
1748220761824,,
1748220762049.0,,408.08
1748220762406.0,407.88,
1748220762787,,
1748220780282,,
1748220787343.0,,408.13
1748220787570.0,408.03,408.23
1748220787792,,
1748220795994.0,407.98,
1748220796218.0,407.88,408.08
1748220800901.0,,408.03
1748220809583.0,,408.08
1748220809806,,
1748220810286.0,,408.13
1748220810507.0,408.03,408.28
1748220810745.0,,408.23
1748220810968.0,407.98,
1748220811747.0,,408.18
1748220811971.0,407.93,408.13
1748220813247,,
1748220815384.0,407.88,
1748220815609.0,,408.08
1748220824736.0,,408.03
1748220827202,,
1748220840686,,
1748220840912.0,407.83,
1748220846949.0,407.78,
1748220847174.0,,407.98
1748220856021.0,,407.93
1748220856244.0,407.68,
1748220863748.0,407.73,
1748220878700,,
1748220884250,,
1748220900099.0,,407.88
1748220902089,,
1748220908854.0,407.63,407.78
1748220912067.0,,407.83
1748220912595,,
1748220913592.0,,407.78
1748220913819.0,,407.83
1748220914604.0,,407.78
1748220915054.0,,407.83
1748220915622.0,,407.78
1748220916127.0,407.58,407.73
1748220916351,,
1748220918131.0,407.63,407.83
1748220918580.0,407.73,407.93
1748220918804,,
1748220919254.0,407.78,
1748220920065.0,407.73,
1748220920287.0,407.68,407.88
1748220920692.0,,407.83
1748220922242.0,407.63,
1748220922465,,
1748220930365.0,407.68,
1748220930608.0,,407.88
1748220934691,,
1748220936994.0,,407.83
1748220937219.0,407.58,407.78
1748220937504.0,,407.83
1748220937729.0,407.63,
1748220937974,,
1748220938338.0,407.58,
1748220938565.0,,407.78
1748220939661.0,407.63,
1748220944244,,
1748220948120,,
1748220948811.0,407.58,
1748220949610,,
1748220953599.0,407.63,
1748220960678,,
1748220961749,,
1748220972155,,
1748220991100.0,,407.83
1748220991320,,
1748220991614.0,407.68,
1748220991964.0,,407.88
1748220992187.0,407.73,
1748220993289.0,407.68,
1748220993514.0,407.63,407.83
1748221002010.0,,407.78
1748221013561,,
1748221015580,,
1748221030233,,
1748221030689.0,,407.83
1748221061147.0,407.68,
1748221061374.0,407.73,407.93
1748221061595.0,407.68,
1748221062330.0,,407.88
1748221070918,,
1748221100199,,
1748221117947,,
1748221119997,,
1748221127578,,
1748221139364.0,407.73,
1748221140640.0,407.68,
1748221140864.0,,407.83
1748221142081.0,407.63,
1748221142305.0,,407.78
1748221146513,,
1748221146627.0,,407.83
1748221149032.0,407.68,
1748221161612,,
1748221161846.0,407.63,407.78
1748221164748,,
1748221172365,,
1748221173965,,
1748221174189.0,407.53,407.68
1748221180658,,
1748221181621,,
1748221181720,,
1748221181841.0,407.48,
1748221182065.0,,407.63
1748221184769.0,407.43,407.58
1748221185138,,
1748221185362.0,407.38,407.53
1748221191255.0,,407.58
1748221191604.0,407.43,
1748221191831.0,407.38,
1748221197295.0,,407.53
1748221197520.0,,407.58
1748221200260.0,407.43,
1748221200506.0,,407.63
1748221200719.0,407.48,
1748221202408.0,407.38,407.53
1748221203498,,
1748221203722.0,407.28,407.43
1748221205342.0,,407.48
1748221205567.0,407.33,
1748221205824,,
1748221207244,,
1748221207404.0,407.28,407.43
1748221208149.0,,407.48
1748221208371.0,407.33,
1748221209251,,
1748221209475.0,407.38,407.58
1748221211218.0,,407.53
1748221211438.0,407.33,
1748221214274,,
1748221215731.0,,407.48
1748221217451.0,407.28,
1748221217676.0,407.18,407.33
1748221218126,,
1748221218351.0,,407.38
1748221218576.0,,407.33
1748221218800.0,407.13,
1748221219545.0,,407.28
1748221220097.0,407.08,
1748221220321.0,,407.23
1748221221712,,
1748221222187.0,407.13,407.28
1748221223221.0,407.08,
1748221223443.0,,407.23
1748221226878.0,,407.28
1748221227113.0,407.13,
1748221231862.0,,407.33
1748221232087.0,,407.28
1748221232311.0,,407.33
1748221232535.0,,407.28
1748221232950.0,,407.33
1748221233175.0,407.18,
1748221234890,,
1748221235136.0,407.13,407.28
1748221235847.0,,407.33
1748221236080.0,407.18,407.38
1748221237566.0,,407.33
1748221238758,,
1748221238982.0,407.13,407.28
1748221243226.0,407.08,
1748221243449.0,,407.23
1748221244637,,
1748221244859.0,407.03,407.18
1748221247181.0,406.98,
1748221247376,,
1748221248482.0,,407.13
1748221253561,,
1748221259179.0,406.93,
1748221259396.0,406.98,
1748221259642.0,406.93,
1748221259975,,
1748221260767,,
1748221263503.0,,407.08
1748221268717,,
1748221269597.0,,407.13
1748221269820,,
1748221270045.0,406.98,
1748221270271.0,407.03,407.23
1748221270497.0,,407.18
1748221270832,,
1748221273601,,
1748221273824.0,406.98,
1748221274048.0,407.03,
1748221276061.0,,407.23
1748221276294.0,407.08,407.28
1748221278312.0,407.13,
1748221278536.0,407.18,407.38
1748221279772.0,,407.33
1748221281926,,
1748221285108,,
1748221295173.0,,407.38
1748221295395.0,407.23,
1748221295958.0,,407.43
1748221296188.0,407.28,
1748221296898.0,,407.48
1748221297124.0,407.33,407.53
1748221299807.0,,407.48
1748221300921,,
1748221306212,,
1748221310136.0,407.28,
1748221310352.0,407.23,407.43
1748221310578.0,,407.38
1748221310802.0,407.13,
1748221311218.0,,407.33
1748221311446.0,407.18,
1748221311671.0,,407.38
1748221316836,,
1748221319446.0,407.23,
1748221321235,,
1748221323160.0,407.18,
1748221323454,,
1748221327678,,
1748221334307.0,407.23,
1748221334531.0,,407.43
1748221334758.0,407.28,
1748221334982.0,407.33,407.53
1748221336425.0,407.38,
1748221336648.0,,407.58
1748221338679.0,407.43,
1748221340128.0,,407.63
1748221340352.0,407.53,407.68
1748221340734,,
1748221342086.0,407.48,
1748221342312.0,407.43,
1748221342941.0,407.48,
1748221343165,,
1748221343481,,
1748221349348.0,407.53,
1748221352430.0,,407.73
1748221355471.0,,407.68
1748221360747,,
1748221363895,,
1748221371135,,
1748221373826,,
1748221380124.0,,407.73
1748221380371.0,,407.68
1748221380693.0,407.48,
1748221380917.0,407.43,407.63
1748221381141,,
1748221381390.0,,407.58
1748221381613.0,407.38,
1748221381838.0,407.33,
1748221382063.0,407.38,
1748221383036,,
1748221384882,,
1748221385618.0,,407.53
1748221385841.0,407.33,
1748221388735.0,407.38,
1748221394868,,
1748221396093.0,407.33,
1748221396315.0,407.28,407.48
1748221400471.0,,407.43
1748221400695.0,407.23,
1748221403679.0,,407.38
1748221404296.0,407.18,
1748221406681.0,,407.43
1748221406904.0,407.23,407.38
1748221407131.0,,407.43
1748221407937,,
1748221408216.0,407.28,407.48
1748221415886,,
1748221432781,,
1748221433192,,
1748221433417.0,,407.43
1748221434794.0,,407.48
1748221435020.0,,407.43
1748221435242.0,,407.48
1748221440243,,
1748221441184.0,407.33,407.53
1748221441957,,
1748221444551,,
1748221454723,,
1748221459750,,
1748221465401,,
1748221482742,,
1748221489712,,
1748221498147,,
1748221501968,,
1748221502228,,
1748221502735.0,407.38,
1748221502960,,
1748221505870,,
1748221508498,,
1748221508616.0,407.28,407.48
1748221511769.0,407.23,
1748221511990.0,407.18,407.38
1748221521534.0,,407.33
1748221521754,,
1748221524212,,
1748221526999.0,407.13,
1748221527222,,
1748221527962,,
1748221528186,,
1748221530345.0,407.08,
1748221532526.0,407.13,
1748221536082,,
1748221539067,,
1748221546088,,
1748221547828,,
1748221555653,,
1748221560693,,
1748221564259,,
1748221573257,,
1748221575734,,
1748221577743,,
1748221585228,,
1748221592263,,
1748221595755,,
1748221602735,,
1748221605534,,
1748221616681,,
1748221626457,,
1748221634988,,
1748221641037,,
1748221646180,,
1748221649005,,
1748221649232.0,407.18,
1748221649456.0,407.23,407.38
1748221649680.0,407.18,407.33
1748221649906,,
1748221650150.0,,407.38
1748221650407.0,407.23,
1748221650857.0,407.18,
1748221651081.0,407.23,
1748221651345.0,407.18,
1748221652822,,
1748221654719,,
1748221656804,,
1748221664594,,
1748221668148,,
1748221672210,,
1748221675003.0,,407.33
1748221675398.0,,407.38
1748221675619,,
1748221676029.0,407.23,
1748221676253.0,407.28,407.48
1748221676543.0,,407.53
1748221676768.0,,407.48
1748221676993.0,407.33,407.53
1748221677218.0,407.38,407.58
1748221678036.0,407.43,
1748221678259,,
1748221678485.0,,407.63
1748221678711.0,407.48,
1748221679033.0,,407.68
1748221679257,,
1748221679683,,
1748221679907.0,407.38,407.58
1748221680133,,
1748221680688.0,407.33,407.48
1748221680913.0,407.28,
1748221681886,,
1748221682530.0,407.23,
1748221682752.0,,407.43
1748221684160,,
1748221687317,,
1748221687636.0,,407.38
1748221688086.0,407.18,
1748221691065,,
1748221701898,,
1748221704215,,
1748221709797,,
1748221715117,,
1748221715342.0,407.23,407.43
1748221715975.0,,407.48
1748221716199.0,407.28,407.53
1748221716651.0,407.33,
1748221717121.0,407.38,
1748221719123.0,,407.58
1748221719347,,
1748221722395.0,407.33,
1748221722617.0,407.28,407.43
1748221722909.0,407.23,
1748221723128.0,407.28,407.48
1748221723652.0,407.23,407.38
1748221723876.0,407.28,407.48
1748221726906,,
1748221731426,,
1748221732743,,
1748221739072.0,,407.43
1748221739296.0,407.23,
1748221739662.0,,407.38
1748221739885.0,,407.43
1748221752594.0,407.28,
1748221753035,,
1748221753259.0,407.33,407.53
1748221753484.0,,407.58
1748221753710.0,407.38,
1748221753935,,
1748221754160.0,407.43,
1748221754710.0,407.38,
1748221754935.0,,407.53
1748221755160.0,407.33,
1748221756328.0,,407.58
1748221756524.0,,407.53
1748221767532,,
1748221773297.0,407.38,
1748221773520.0,,407.58
1748221773996.0,,407.53
1748221774220.0,407.28,
1748221774924,,
1748221775158.0,407.33,
1748221776265.0,,407.48
1748221776488.0,407.28,
1748221777956.0,,407.43
1748221778180.0,407.23,
1748221778426.0,407.28,
1748221778641.0,407.23,
1748221782255,,
1748221783462.0,,407.38
1748221784518.0,,407.43
1748221785377.0,407.28,
1748221785600.0,407.23,
1748221787608.0,,407.38
1748221787824.0,,407.43
1748221792066,,
1748221796059,,
1748221809572.0,407.28,
1748221809796.0,407.38,407.53
1748221810257.0,,407.58
1748221810504.0,407.43,
1748221810729.0,,407.63
1748221811167.0,407.48,
1748221811392.0,407.43,407.58
1748221811972.0,407.38,
1748221812196,,
1748221812955,,
1748221823712.0,407.43,
1748221823935.0,407.48,407.68
1748221824714.0,407.53,
1748221824937.0,,407.73
1748221827444,,
1748221829770,,
1748221830219,,
1748221838993,,
1748221842653.0,,407.68
1748221842880.0,407.48,
1748221843099,,
1748221843655,,
1748221854202,,
1748221862249,,
1748221870682,,
1748221875952,,
1748221878688.0,407.53,
1748221878912.0,407.58,407.78
1748221879140,,
1748221879911.0,407.63,
1748221880138.0,407.58,407.73
1748221880361.0,,407.83
1748221880584.0,,407.78
1748221884850,,
1748221887583.0,407.63,
1748221892582,,
1748221897135.0,407.53,407.73
1748221897359.0,,407.78
1748221897948,,
1748221899254.0,407.58,
1748221901272,,
1748221904544.0,407.63,407.88
1748221904707.0,407.68,
1748221914313,,
1748221920707.0,407.63,407.83
1748221920929,,
1748221922556.0,407.58,
1748221922778.0,,407.78
1748221933596.0,407.53,
1748221933801.0,,407.73
1748221934596.0,407.48,
1748221934817.0,,407.68
1748221935503.0,407.43,
1748221935728.0,,407.63
1748221936198.0,407.48,
1748221936956,,
1748221940113.0,407.53,407.73
1748221940577.0,407.58,
1748221943081,,
1748221943308.0,407.48,407.68
1748221943801.0,407.53,
1748221944030.0,,407.73
1748221944674.0,,407.68
1748221944901.0,,407.73
1748221950374,,
1748221954757,,
1748221958068.0,,407.68
1748221958296.0,,407.73
1748221969446,,
1748221980271,,
1748221984579,,
1748221984803.0,407.48,407.68
1748221987461,,
1748221993388,,
1748221994777,,
1748222001884,,
1748222002108.0,407.53,
1748222006505,,
1748222009121,,
1748222009883.0,407.48,
1748222010106,,
1748222012155.0,407.53,
1748222012982.0,407.48,
1748222014159.0,407.53,
1748222014382.0,,407.73
1748222020053,,
1748222030292,,
1748222034219,,
1748222035121,,
1748222040738,,
1748222051904,,
1748222057476,,
1748222059402.0,407.58,
1748222070407,,
1748222073445.0,,407.78
1748222073671.0,407.53,407.73
1748222073895.0,407.58,
1748222074130.0,407.53,
1748222074359.0,407.58,
1748222074578.0,407.53,
1748222077337,,
1748222085217,,
1748222086363.0,407.58,
1748222087881.0,407.53,
1748222088105.0,,407.68
1748222089296.0,407.48,
1748222089520,,
1748222096255,,
1748222100256,,
1748222100651,,
1748222101017.0,407.53,
1748222101307,,
1748222101465.0,407.58,407.73
1748222103494,,
1748222103675.0,407.53,
1748222111504.0,407.58,
1748222112317.0,407.53,
1748222116267,,
1748222118615.0,,407.68
1748222118869.0,407.48,
1748222119094.0,,407.63
1748222120440.0,,407.68
1748222120663.0,,407.63
1748222124739,,
1748222130836,,
1748222135180.0,407.43,
1748222135405.0,407.48,
1748222137802,,
1748222140314.0,,407.68
1748222140539.0,407.53,
1748222140762.0,407.48,
1748222140995.0,,407.63
1748222146872.0,407.43,
1748222147095,,
1748222149257,,
1748222153189,,
1748222153414.0,407.33,407.53
1748222155077.0,407.38,
1748222155504.0,407.33,
1748222155728,,
1748222160615,,
1748222168744.0,407.38,
1748222173557,,
1748222178536.0,407.33,
1748222178760.0,407.38,
1748222180313.0,,407.58
1748222180539,,
1748222180766.0,,407.53
1748222181171,,
1748222182660,,
1748222184701,,
1748222185705.0,407.33,
1748222187066.0,407.28,
1748222187290.0,,407.48
1748222191639.0,407.33,
1748222195542,,
1748222195764,,
1748222196136.0,407.28,
1748222200604.0,407.28,
1748222202279.0,407.33,
1748222212407,,
1748222214094,,
1748222219290,,
1748222219389.0,407.28,407.43
1748222219501.0,407.23,
1748222220586.0,407.18,
1748222220811.0,,407.38
1748222222199.0,407.23,
1748222237125,,
1748222237349.0,407.18,
1748222239436.0,,407.33
1748222251138.0,,407.38
1748222251363.0,407.23,407.43
1748222251588.0,407.28,
1748222254939.0,,407.48
1748222255162,,
1748222255387,,
1748222256125.0,,407.53
1748222256349.0,407.33,
1748222258922.0,,407.48
1748222259144.0,407.28,
1748222263938,,
1748222266548,,
1748222273738.0,,407.43
1748222274226.0,,407.48
1748222280506,,
1748222300408.0,,407.53
1748222300631.0,407.38,
1748222305106.0,,407.58
1748222305329.0,407.43,407.63
1748222305553.0,,407.58
1748222311158,,
1748222320318.0,,407.63
1748222320540.0,407.48,
1748222321025.0,407.43,
1748222321250.0,,407.58
1748222321648.0,407.38,
1748222322097,,
1748222333391,,
1748222344639.0,,407.53
1748222344943,,
1748222345195.0,,407.58
1748222354206,,
1748222364563,,
1748222375647.0,407.43,
1748222375978.0,407.38,
1748222376230.0,407.43,
1748222380666.0,407.38,
1748222380888.0,,407.53
1748222385532,,
1748222388012.0,407.33,
1748222388235,,
1748222388804.0,407.38,
1748222400737.0,407.33,
1748222400962.0,407.28,407.48
1748222401185.0,407.23,407.43
1748222401410.0,407.28,
1748222402075,,
1748222402301.0,407.23,
1748222403077.0,407.28,
1748222403580.0,407.23,
1748222405624,,
1748222412869,,
1748222414746,,
1748222424044,,
1748222428750,,
1748222445620,,
1748222454444,,
1748222456713.0,407.28,
1748222456937.0,407.33,407.53
1748222457628.0,407.38,
1748222457851.0,407.28,407.48
1748222458077.0,,407.43
1748222458598,,
1748222458820.0,407.23,
1748222461439,,
1748222461653.0,407.28,
1748222462251.0,,407.48
1748222464567.0,407.33,
1748222464792.0,,407.53
1748222470240,,
1748222472055.0,407.38,
1748222472472.0,407.33,
1748222472696,,
1748222481167,,
1748222489006,,
1748222495030,,
1748222504370,,
1748222513589,,
1748222513776.0,407.43,407.58
1748222514686.0,,407.63
1748222514911,,
1748222518298.0,407.48,
1748222518584.0,407.43,
1748222520332,,
1748222525734.0,407.48,
1748222525959.0,407.43,407.68
1748222526243.0,407.48,
1748222526944.0,,407.63
1748222527170.0,407.43,
1748222531484.0,407.48,
1748222531708.0,407.43,
1748222544733,,
1748222554350,,
1748222554574.0,407.48,
1748222556561,,
1748222557305,,
1748222557531.0,407.53,407.68
1748222562618,,
1748222565224.0,407.58,407.78
1748222568410.0,407.63,
1748222573410,,
1748222575395.0,407.68,407.88
1748222576496.0,407.73,
1748222577191,,
1748222578409.0,,407.93
1748222578632,,
1748222579948.0,407.78,
1748222580172.0,407.73,
1748222583915.0,407.68,
1748222584138.0,407.73,407.88
1748222584409,,
1748222590157.0,407.78,407.98
1748222591489.0,407.83,
1748222591739.0,407.78,
1748222591937.0,407.73,407.93
1748222592628,,
1748222592885.0,,407.88
1748222593109.0,407.68,
1748222593786,,
1748222596815,,
1748222603026.0,407.73,
1748222603257.0,,407.93
1748222603483.0,,407.88
1748222608030.0,,407.93
1748222608796,,
1748222613674,,
1748222615358,,
1748222625111,,
1748222627430,,
1748222633778.0,407.78,
1748222633999.0,,407.98
1748222634350.0,,407.93
1748222635282,,
1748222640869.0,407.73,
1748222641093.0,407.68,407.88
1748222646957,,
1748222651257,,
1748222655499,,
1748222655725.0,407.63,407.83
1748222656639.0,407.58,
1748222656867.0,407.63,
1748222690160,,
1748222690384.0,407.58,407.78
1748222694334,,
1748222700783,,
1748222708050,,
1748222712579,,
1748222718353.0,407.63,
1748222718576.0,407.58,
1748222730182.0,,407.73
1748222730347.0,407.48,407.68
1748222731917.0,,407.63
1748222732140.0,407.53,407.73
1748222732364.0,407.58,407.78
1748222732872.0,407.63,
1748222733088,,
1748222733314.0,407.58,
1748222736239,,
1748222736466.0,407.53,
1748222739323.0,407.58,
1748222740371.0,407.63,
1748222740595.0,,407.83
1748222741485.0,,407.78
1748222745454.0,,407.83
1748222745676.0,,407.78
1748222745901.0,,407.83
1748222746424.0,,407.78
1748222746875.0,,407.83
1748222747919.0,,407.88
1748222748152.0,,407.83
1748222748369.0,,407.88
1748222748850.0,,407.83
1748222758960,,
1748222762626.0,,407.78
1748222763713,,
1748222763938.0,407.58,407.73
1748222764677.0,,407.78
1748222766245.0,,407.73
1748222767913.0,407.53,
1748222776836.0,,407.78
1748222777060.0,,407.73
1748222777902.0,407.58,
1748222778978.0,,407.78
1748222786078,,
1748222788461,,
1748222792974.0,,407.73
1748222793196.0,407.53,
1748222803328,,
1748222805126.0,407.58,
1748222816127,,
1748222816980,,
1748222820837,,
1748222821064.0,407.43,407.63
1748222821318.0,407.53,407.68
1748222821580.0,,407.73
1748222821805.0,,407.68
1748222828067.0,407.48,
1748222828288.0,,407.63
1748222828966.0,407.43,
1748222836273,,
1748222842541,,
1748222845367,,
1748222845591.0,407.38,407.58
1748222858741.0,407.43,
1748222863618,,
1748222873919,,
1748222875302.0,,407.63
1748222875527.0,407.48,
1748222875749,,
1748222877447,,
1748222879817.0,,407.68
1748222880042.0,,407.63
1748222883543.0,,407.68
1748222883768.0,407.53,407.73
1748222884122.0,407.58,
1748222884347.0,407.48,407.68
1748222887714.0,,407.73
1748222889137.0,,407.68
1748222904458.0,,407.63
1748222904680.0,407.38,407.58
1748222905122,,
1748222905639.0,407.43,
1748222905861.0,,407.63
1748222906112.0,407.48,
1748222906645.0,407.43,
1748222906867.0,407.38,
1748222907371.0,407.43,
1748222908804,,
1748222910690,,
1748222910917.0,,407.58
1748222924125,,
1748222929589.0,407.38,
1748222929811,,
1748222959316,,
1748222985574,,
1748222985674,,
1748222989794.0,,407.53
1748222990017,,
1748222990244.0,,407.58
1748222992298.0,,407.53
1748223000496,,
1748223001124.0,,407.58
1748223005266.0,,407.53
1748223008374.0,,407.58
1748223008707,,
1748223017127.0,407.43,
1748223017351.0,407.38,407.53
1748223019445.0,,407.58
1748223019899.0,,407.53
1748223021955,,
1748223026226.0,,407.58
1748223026744,,
1748223028036,,
1748223034259,,
1748223035417,,
1748223050625,,
1748223051602,,
1748223053037.0,,407.53
1748223053696,,
1748223056091,,
1748223064645.0,407.28,407.43
1748223064868.0,407.23,
1748223065092.0,407.18,407.38
1748223065318.0,407.23,
1748223069795.0,,407.43
1748223070019.0,407.28,407.48
1748223075736,,
1748223079481.0,,407.43
1748223086747,,
1748223093343,,
1748223095287,,
1748223096699.0,,407.48
1748223096924.0,407.33,407.53
1748223104757,,
1748223115059,,
1748223117144.0,407.38,
1748223117368.0,,407.58
1748223120640.0,407.43,
1748223120861.0,407.38,407.53
1748223121138.0,,407.58
1748223122512,,
1748223122735,,
1748223123670.0,,407.53
1748223123896.0,,407.58
1748223124668.0,407.43,
1748223125209.0,,407.63
1748223125428.0,,407.58
1748223125713.0,,407.63
1748223125939.0,,407.58
1748223126224.0,,407.63
1748223130297,,
1748223132506.0,,407.68
1748223132728.0,,407.63
1748223133238,,
1748223140055,,
1748223140320.0,407.48,
1748223140546.0,407.53,
1748223143883,,
1748223150157,,
1748223155465,,
1748223162352,,
1748223162702,,
1748223175732.0,407.48,407.63
1748223176453.0,407.43,
1748223176678.0,,407.58
1748223178804,,
1748223187913.0,407.38,
1748223188135.0,,407.53
1748223188591.0,,407.58
1748223189544,,
1748223189767.0,407.43,
1748223197966,,
1748223200728,,
1748223214541,,
1748223220906,,
1748223226255,,
1748223226354.0,,407.63
1748223226552.0,407.48,407.68
1748223226778.0,407.53,
1748223228982,,
1748223232662,,
1748223235954,,
1748223240966.0,407.43,407.63
1748223242727.0,407.48,
1748223250368,,
1748223254718,,
1748223259343.0,407.43,
1748223259567,,
1748223261386.0,,407.58
1748223261899.0,,407.63
1748223262122.0,,407.58
1748223262408.0,,407.63
1748223262632.0,,407.58
1748223265441.0,,407.63
1748223266353.0,,407.58
1748223269400,,
1748223270959,,
1748223274637.0,407.38,
1748223274860.0,,407.53
1748223279125,,
1748223281312,,
1748223283116.0,,407.58
1748223283340.0,407.43,
1748223287867.0,,407.63
1748223291885.0,,407.58
1748223292111.0,,407.63
1748223292784.0,,407.58
1748223293007.0,,407.63
1748223293997.0,,407.58
1748223294231.0,,407.63
1748223295805.0,,407.58
1748223296031.0,,407.63
1748223296957.0,,407.58
1748223297182.0,,407.63
1748223297405.0,,407.58
1748223297631.0,,407.63
1748223297856.0,,407.58
1748223298080.0,,407.63
1748223298305.0,,407.58
1748223298530.0,,407.63
1748223298812.0,,407.58
1748223299039.0,,407.63
1748223301684.0,,407.58
1748223301909.0,,407.63
1748223302133.0,,407.58
1748223302792,,
1748223305809,,
1748223309880,,
1748223311876,,
1748223315502,,
1748223316267.0,407.38,407.53
1748223316728,,
1748223316828.0,407.33,
1748223322019,,
1748223322842.0,407.38,
1748223323088,,
1748223323306,,
1748223323613,,
1748223326956.0,,407.58
1748223327906.0,,407.53
1748223328810.0,,407.58
1748223330893,,
1748223331748.0,407.43,
1748223335881,,
1748223343356,,
1748223345296.0,407.38,407.53
1748223349985,,
1748223350311,,
1748223351484,,
1748223353117.0,407.33,
1748223353340.0,,407.48
1748223358879,,
1748223360610,,
1748223364431.0,,407.53
1748223364653.0,407.38,
1748223369067,,
1748223380593.0,,407.58
1748223380815.0,,407.53
1748223381596,,
1748223386301,,
1748223390636,,
1748223395432,,
1748223400372,,
1748223400751,,
1748223400974.0,407.33,407.48
1748223405242,,
1748223412584.0,,407.53
1748223414264.0,407.38,
1748223414488.0,,407.58
1748223414711.0,,407.53
1748223416192,,
1748223417438,,
1748223417904.0,,407.58
1748223418821.0,,407.53
1748223419046.0,,407.58
1748223420300.0,407.43,
1748223420524.0,,407.63
1748223422719,,
1748223424730,,
1748223427057,,
1748223429544,,
1748223432927.0,,407.58
1748223435860,,
1748223439164,,
1748223440705,,
1748223442215.0,,407.63
1748223442439.0,407.48,407.68
1748223446187,,
1748223456534,,
1748223457677,,
1748223461528,,
1748223467688.0,407.53,
1748223474320,,
1748223475166,,
1748223475391.0,407.48,407.63
1748223480713,,
1748223480937.0,407.43,407.58
1748223494681,,
1748223497297,,
1748223506862,,
1748223507820,,
1748223520533.0,407.48,407.68
1748223523803,,
1748223529977,,
1748223532986.0,407.53,
1748223538779,,
1748223539003.0,,407.73
1748223541278.0,,407.68
1748223551122,,
1748223551819,,
1748223554686,,
1748223559656,,
1748223560326.0,407.58,407.73
1748223560544.0,,407.78
1748223560769.0,407.53,407.68
1748223560996.0,,407.73
1748223563666.0,,407.68
1748223563890,,
1748223571637,,
1748223575604,,
1748223576578,,
1748223576827,,
1748223585451,,
1748223587881,,
1748223601440,,
1748223605472,,
1748223607926,,
1748223620696.0,407.48,
1748223625236.0,407.53,
1748223628951,,
1748223633042,,
1748223640324,,
1748223640843,,
1748223641506,,
1748223641730.0,407.43,407.63
1748223643075,,
1748223647885,,
1748223649655.0,407.48,
1748223655545,,
1748223655902,,
1748223657313.0,,407.68
1748223657535.0,407.53,
1748223657948.0,,407.73
1748223658172,,
1748223658398.0,407.58,407.78
1748223661412.0,,407.73
1748223662617.0,,407.78
1748223662846.0,,407.73
1748223670654.0,407.53,
1748223670880.0,,407.68
1748223680323.0,,407.73
1748223680547.0,407.58,
1748223682142.0,407.53,
1748223682369.0,,407.68
1748223683318,,
1748223691013,,
1748223691117.0,,407.73
1748223691567,,
1748223691791.0,407.58,
1748223692431,,
1748223695241.0,,407.78
1748223695463.0,,407.73
1748223695688,,
1748223700319,,
1748223700701,,
1748223704494.0,,407.78
1748223704717,,
1748223709165.0,407.63,
1748223709388.0,,407.83
1748223710405.0,,407.78
1748223711195.0,,407.83
1748223712547.0,,407.78
1748223713305.0,,407.83
1748223718234,,
1748223718334.0,,407.78
1748223718527.0,,407.83
1748223719691.0,,407.78
1748223719915.0,,407.83
1748223721831.0,,407.78
1748223722035.0,,407.83
1748223723808.0,407.68,
1748223724312,,
1748223731136,,
1748223734749,,
1748223735749.0,407.58,407.78
1748223735971,,
1748223737063.0,,407.73
1748223737749,,
1748223738200.0,407.53,
1748223739453.0,407.58,
1748223741626.0,407.53,
1748223741851.0,407.58,
1748223760311,,
1748223760534.0,407.63,407.78
1748223762093,,
1748223763984.0,407.58,
1748223764208.0,,407.73
1748223769803,,
1748223770027.0,407.48,407.68
1748223770344,,
1748223770570,,
1748223773575,,
1748223774059,,
1748223775532,,
1748223778504,,
1748223779113.0,407.53,
1748223779337.0,,407.73
1748223779951,,
1748223780402.0,407.58,
1748223780932,,
1748223781883,,
1748223786990.0,,407.68
1748223792218,,
1748223792332.0,407.48,407.63
1748223795282,,
1748223798832,,
1748223800707,,
1748223803008,,
1748223817030,,
1748223821619,,
1748223840502,,
1748223840819,,
1748223841653.0,,407.58
1748223846499,,
1748223848807,,
1748223852958,,
1748223855467,,
1748223857118,,
1748223859124.0,,407.63
1748223859373.0,407.48,407.68
1748223859956,,
1748223860181.0,,407.63
1748223860406.0,,407.68
1748223866395,,
1748223867460.0,407.53,
1748223867683.0,407.48,
1748223868093.0,407.53,
1748223868319.0,407.48,
1748223870306.0,407.53,
1748223870527.0,407.48,
1748223870804.0,407.53,
1748223871028.0,407.48,
1748223871408.0,407.53,
1748223872373.0,407.48,
1748223874414.0,,407.63
1748223874696,,
1748223874922.0,407.43,407.58
1748223875216.0,,407.63
1748223875704,,
1748223879701.0,,407.58
1748223887390,,
1748223889309,,
1748223895726,,
1748223897120,,
1748223900694.0,407.38,
1748223900919.0,,407.53
1748223905064,,
1748223908864,,
1748223912587,,
1748223915734,,
1748223916665.0,,407.58
1748223923709.0,407.43,
1748223924289.0,,407.63
1748223924798,,
1748223940383,,
1748223942798.0,407.48,
1748223942996.0,,407.68
1748223946795,,
1748223961655,,
1748223981954,,
1748223985289,,
1748223990721,,
1748223993208,,
1748224004300.0,,407.63
1748224010910,,
1748224015059,,
1748224020947.0,407.43,
1748224024595,,
1748224045357.0,,407.58
1748224045700.0,,407.63
1748224045925.0,,407.58
1748224046211.0,,407.63
1748224050137.0,407.48,
1748224051322.0,407.48,
1748224053652,,
1748224055982.0,,407.68
1748224056205.0,407.53,
1748224059123,,
1748224059946.0,,407.73
1748224062149,,
1748224064004.0,,407.68
1748224065458.0,407.48,
1748224065678.0,,407.63
1748224065955.0,,407.68
1748224066178.0,,407.63
1748224066406.0,,407.68
1748224067097.0,407.53,
1748224068984.0,407.48,
1748224079387,,
1748224081286.0,407.53,
1748224097020,,
1748224100309,,
1748224100533.0,,407.73
1748224102681.0,407.58,
1748224103784.0,407.53,
1748224104201,,
1748224110614,,
1748224115762.0,,407.68
1748224135501,,
1748224135725,,
1748224139191,,
1748224140310.0,,407.73
1748224140761.0,,407.68
1748224141075,,
1748224143217,,
1748224155503,,
1748224155727,,
1748224156380.0,,407.73
1748224157772,,
1748224158573.0,407.58,
1748224160325,,
1748224160550.0,,407.78
1748224160999.0,407.63,
1748224161495.0,407.58,
1748224161718.0,407.53,407.73
1748224161945.0,,407.68
1748224163529.0,,407.73
1748224164123.0,,407.68
1748224164347.0,,407.73
1748224172180.0,,407.68
1748224172680.0,,407.73
1748224175968.0,,407.68
1748224177008.0,,407.73
1748224177927.0,,407.68
1748224185551.0,407.48,
1748224185774.0,,407.63
1748224195504,,
1748224195726,,
1748224204322,,
1748224231001,,
1748224231611,,
1748224235502.0,407.43,
1748224235726.0,,407.58
1748224235951.0,,407.63
1748224236175.0,,407.58
1748224236455.0,,407.63
1748224246356,,
1748224246580.0,407.48,
1748224253948,,
1748224269978.0,,407.68
1748224270204.0,407.53,
1748224283307,,
1748224308215,,
1748224328164,,
1748224335728,,
1748224348742,,
1748224350700,,
1748224354111,,
1748224357184.0,,407.73
1748224357405.0,407.58,407.78
1748224366224.0,,407.73
1748224366596.0,,407.78
1748224367459,,
1748224382185.0,,407.73
1748224382501.0,,407.78
1748224387891.0,,407.73
1748224388117.0,,407.78
1748224392325.0,,407.73
1748224393772.0,,407.78
1748224394672.0,,407.73
1748224400671,,
1748224401121.0,,407.78
1748224401948.0,,407.73
1748224408588.0,,407.78
1748224408810.0,,407.73
1748224409080.0,,407.78
1748224409304.0,,407.73
1748224415911.0,,407.78
1748224429268,,
1748224433430,,
1748224436403.0,,407.73
1748224446884,,
1748224455509,,
1748224460475,,
1748224460894,,
1748224471505,,
1748224477375,,
1748224485278,,
1748224493436.0,,407.78
1748224493658.0,407.63,
1748224494939.0,,407.83
1748224496159,,
1748224496316.0,,407.78
1748224496540.0,,407.83
1748224496938.0,,407.78
1748224497162.0,,407.83
1748224500170.0,,407.78
1748224500391,,
1748224507445.0,407.58,
1748224507673.0,,407.73
1748224508312.0,407.63,407.78
1748224508456.0,407.58,
1748224508682,,
1748224508956.0,407.63,
1748224510882.0,407.58,
1748224511106.0,407.63,
1748224512189.0,407.58,
1748224513993,,
1748224524671.0,407.63,
1748224524893.0,407.58,
1748224525213,,
1748224527436.0,,407.73
1748224545034.0,407.53,
1748224545256.0,,407.68
1748224557031,,
1748224557330,,
1748224561031.0,,407.73
1748224561254.0,407.58,
1748224561572.0,407.53,
1748224570396.0,407.58,
1748224580913,,
1748224594494.0,,407.78
1748224594719.0,407.63,
1748224595889,,
1748224596114.0,407.58,407.73
1748224596652,,
1748224596876.0,407.53,
1748224597266,,
1748224597491,,
1748224598151.0,407.58,
1748224609840,,
1748224611373,,
1748224627977.0,,407.78
1748224628200.0,407.63,407.83
1748224632795.0,407.68,
1748224640419,,
1748224640679.0,407.63,407.78
1748224640904.0,,407.83
1748224641128.0,407.68,407.88
1748224642146.0,407.73,
1748224660736,,
1748224660945,,
1748224668420.0,,407.93
1748224680582.0,,407.88
1748224682898.0,,407.93
1748224691355,,
1748224693128,,
1748224700312.0,407.78,
1748224700537.0,,407.98
1748224702644.0,407.83,
1748224706852.0,,408.03
1748224707076.0,407.88,
1748224707299,,
1748224707931,,
1748224708152.0,407.83,
1748224709500.0,,407.98
1748224711149,,
1748224711392.0,407.78,
1748224711634.0,,407.93
1748224711921.0,,407.98
1748224712144,,
1748224713846.0,407.83,
1748224715660.0,407.78,
1748224715949.0,407.83,
1748224735232.0,,408.03
1748224735458.0,407.88,
1748224735682.0,407.83,
1748224736129,,
1748224736649,,
1748224736875.0,,407.98
1748224740928.0,407.78,407.93
1748224771583.0,,407.98
1748224771926.0,407.83,
1748224772926.0,,408.03
1748224776605,,
1748224780971.0,,407.98
1748224787840.0,,408.03
1748224788286.0,407.88,
1748224788614.0,407.83,
1748224788839.0,407.88,
1748224798676.0,,408.08
1748224798898.0,407.93,
1748224799144.0,,408.13
1748224799369,,
1748224799929,,
1748224800609.0,,408.08
1748224801060.0,,408.13
1748224802170.0,,408.08
1748224806254.0,,408.13
1748224806477,,
1748224810724.0,,408.08
1748224810986,,
1748224823973,,
1748224826507,,
1748224830603,,
1748224835648,,
1748224840916,,
1748224847216.0,407.88,408.03
1748224852522,,
1748224853219.0,407.93,408.08
1748224853941,,
1748224854563.0,407.88,
1748224854788.0,,408.03
1748224856603.0,,408.08
1748224857798,,
1748224860148,,
1748224860371.0,,408.03
1748224862307.0,,408.08
1748224863285.0,,408.03
1748224863534.0,,408.08
1748224865013.0,,408.03
1748224865236.0,,408.08
1748224877135.0,407.93,
1748224877360.0,407.88,
1748224879717.0,407.93,
1748224880165.0,407.98,408.18
1748224884157.0,,408.13
1748224888033.0,,408.18
1748224888252.0,408.03,
1748224888578.0,407.98,
1748224893501.0,408.03,
1748224900911.0,407.98,
1748224902055,,
1748224902277.0,,408.13
1748224905373.0,407.93,
1748224905597.0,407.83,408.03
1748224906178.0,407.88,
1748224906545.0,407.83,
1748224906771.0,,407.98
1748224928776,,
1748224941459,,
1748224947517.0,,408.03
1748224947740.0,407.88,
1748224947963,,
1748224950250,,
1748224978799,,
1748224982031,,
1748224983602,,
1748224983754.0,407.93,408.08
1748224983976.0,407.98,408.13
1748224984664,,
1748224984883.0,407.88,408.08
1748224986035.0,407.93,
1748224986988.0,407.88,
1748224987211.0,407.93,
1748224988412.0,407.88,
1748224988861.0,407.93,
1748224995231,,
1748224999927.0,,408.13
1748225000148,,
1748225001778.0,,408.08
1748225006777,,
1748225007002.0,407.88,
1748225007245.0,,408.03
1748225007472.0,407.83,
1748225010362,,
1748225011785.0,,407.98
1748225018947.0,,408.03
1748225020282.0,,407.98
1748225020507.0,,408.03
1748225020782.0,,407.98
1748225021006.0,,408.03
1748225021594.0,,407.98
1748225021820.0,,408.03
1748225022055.0,,407.98
1748225022281.0,,408.03
1748225022955.0,407.78,407.93
1748225023335.0,,407.98
1748225023560.0,,407.93
1748225023849.0,,407.98
1748225025102.0,,407.93
1748225025609.0,,407.98
1748225025832.0,,407.93
1748225036518,,
1748225040209.0,,407.98
1748225040435.0,,407.93
1748225040946.0,,407.98
1748225043151,,
1748225050880.0,407.83,
1748225051576.0,,408.03
1748225052803.0,,407.98
1748225053024.0,407.78,407.93
1748225053966.0,,407.98
1748225054300.0,,407.93
1748225054525.0,,407.98
1748225055765.0,,407.93
1748225055989.0,,407.98
1748225057546.0,,407.93
1748225057767.0,,407.98
1748225058105.0,,407.93
1748225058332.0,,407.98
1748225064532.0,,407.93
1748225065066.0,,407.98
1748225065291.0,,407.93
1748225065515.0,,407.98
1748225065818.0,,407.93
1748225066044.0,,407.98
1748225071528.0,407.83,
1748225071750.0,407.78,
1748225071975.0,407.83,
1748225072283.0,407.78,
1748225072554,,
1748225072779.0,407.83,
1748225073196.0,,408.03
1748225075104.0,407.88,
1748225075327.0,407.83,
1748225078319.0,407.88,
1748225095239.0,,408.08
1748225095462.0,407.93,408.13
1748225095686,,
1748225095920.0,407.98,
1748225096144.0,,408.18
1748225096573.0,,408.13
1748225096787,,
1748225099135,,
1748225100362,,
1748225101337.0,,408.18
1748225101568,,
1748225104472.0,,408.13
1748225104698.0,,408.18
1748225106193.0,,408.13
1748225108772.0,,408.18
1748225109513.0,,408.13
1748225110466.0,,408.18
1748225110915.0,,408.13
1748225111608.0,,408.18
1748225112420.0,,408.13
1748225112950.0,,408.18
1748225121329.0,408.03,
1748225121553,,
1748225124224,,
1748225126054.0,407.98,
1748225126277.0,408.03,
1748225132809,,
1748225137823,,
1748225141268,,
1748225144253,,
1748225149979,,
1748225160703,,
1748225161152,,
1748225162295.0,407.98,
1748225162518,,
1748225164709.0,,408.13
1748225165202,,
1748225169494,,
1748225169681.0,407.93,
1748225170132.0,,408.08
1748225184814.0,407.98,408.13
1748225185440,,
1748225185931,,
1748225192295,,
1748225205873,,
1748225210798,,
1748225215633,,
1748225220125,,
1748225241356,,
1748225248285,,
1748225303710,,
1748225332930,,
1748225353255,,
1748225358570,,
1748225360178,,
1748225361984,,
1748225363927,,
1748225365241.0,407.88,408.03
1748225369461,,
1748225380377,,
1748225397288,,
1748225400314.0,,408.08
1748225400540.0,407.93,
1748225400764.0,407.88,
1748225400988.0,,408.03
1748225420310,,
1748225421673,,
1748225445366,,
1748225463653,,
1748225500776,,
1748225516966,,
1748225527880,,
1748225528106.0,407.83,407.98
1748225528986,,
1748225545299,,
1748225557401,,
1748225562366,,
1748225562591.0,407.88,408.03
1748225562927,,
1748225582777,,
1748225591687.0,,408.08
1748225591910.0,407.93,
1748225611350,,
1748225619751,,
1748225627039,,
1748225634038.0,407.88,
1748225634266.0,,408.03
1748225638113,,
1748225639790,,
1748225668823,,
1748225678360,,
1748225686202,,
1748225690745.0,407.93,408.08
1748225697955,,
1748225698839,,
1748225700709,,
1748225700934,,
1748225709244,,
1748225716473.0,407.88,
1748225716696.0,,408.03
1748225717987,,
1748225720412.0,407.83,
1748225722452.0,,407.98
1748225725016,,
1748225725534.0,407.78,
1748225725758.0,407.83,
1748225728042,,
1748225734170,,
1748225749928,,
1748225750056.0,407.78,407.93
1748225752428,,
1748225758137.0,407.73,
1748225758360,,
1748225759677.0,407.78,
1748225760364.0,407.73,
1748225762904,,
1748225765947.0,407.78,
1748225766174.0,407.73,
1748225767250.0,407.78,
1748225768653.0,407.73,
1748225779439.0,,407.88
1748225784554.0,407.68,
1748225784776,,
1748225790622,,
1748225808627.0,,407.83
1748225811327,,
1748225822511,,
1748225827911,,
1748225830705,,
1748225838086,,
1748225844319,,
1748225844894.0,,407.88
1748225845318.0,,407.83
1748225848255,,
1748225879950,,
1748225899968,,
1748225900600.0,407.73,407.88
1748225900825.0,407.68,407.83
1748225907910,,
1748225909729,,
1748225919112,,
1748225920308,,
1748225921176,,
1748225923276,,
1748225937474,,
1748225937731,,
1748225937960.0,407.63,407.78
1748225938989,,
1748225939601,,
1748225940305,,
1748225946120,,
1748225958609,,
1748225960626,,
1748225967377,,
1748225995786,,
1748225996003,,
1748226001846,,
1748226002412.0,407.58,
1748226003257.0,407.63,
1748226003483.0,407.58,
1748226004276.0,407.63,
1748226004505.0,407.58,
1748226005212.0,407.63,
1748226005441.0,407.58,
1748226006374.0,407.63,
1748226007609.0,407.58,
1748226008279.0,407.63,
1748226008887.0,407.58,
1748226009782.0,407.63,
1748226010081.0,407.58,
1748226010883,,
1748226011171.0,,407.73
1748226014678,,
1748226023958,,
1748226027002,,
1748226050964,,
1748226055638,,
1748226073243,,
1748226073468.0,407.53,
1748226073692.0,407.58,
1748226073917.0,407.53,
1748226074142.0,407.58,
1748226080798,,
1748226085442,,
1748226094541,,
1748226116851.0,,407.78
1748226117074.0,,407.73
1748226120309.0,,407.78
1748226120532.0,,407.73
1748226122074,,
1748226140311.0,,407.78
1748226140534.0,,407.73
1748226141036,,
1748226141136,,
1748226145021,,
1748226160773,,
1748226160997.0,407.53,407.68
1748226170479,,
1748226178943,,
1748226181845,,
1748226182574,,
1748226186368,,
1748226190897,,
1748226209567,,
1748226217249,,
1748226222196.0,407.48,
1748226222420.0,407.53,
1748226222643.0,,407.73
1748226222868.0,407.58,407.78
1748226223364,,
1748226224979.0,,407.73
1748226225993,,
1748226226403,,
1748226230966.0,,407.78
1748226231190,,
1748226240127,,
1748226246266,,
1748226251329,,
1748226252065.0,,407.73
1748226253531.0,407.53,
1748226253732,,
1748226254219.0,407.58,
1748226254444.0,407.53,
1748226257107.0,407.58,
1748226257604.0,407.53,
1748226258842.0,407.58,
1748226259071,,
1748226260332,,
1748226266926,,
1748226282096,,
1748226287496,,
1748226298620,,
1748226299413,,
1748226307424,,
1748226335345,,
1748226340589,,
1748226343847,,
1748226343972.0,,407.78
1748226344198.0,407.63,
1748226346262.0,407.58,
1748226346485.0,,407.73
1748226355340,,
1748226363925,,
1748226383917,,
1748226399729,,
1748226409050,,
1748226413941,,
1748226414158.0,407.48,407.68
1748226414921,,
1748226415526.0,,407.63
1748226420306,,
1748226420564,,
1748226422027.0,,407.68
1748226425274.0,,407.63
1748226425496.0,,407.68
1748226428694.0,407.53,
1748226436340,,
1748226436620,,
1748226437133,,
1748226437352,,
1748226440176.0,,407.73
1748226440398.0,407.58,
1748226444809.0,,407.78
1748226445032.0,407.63,
1748226445256,,
1748226455347,,
1748226455569.0,407.68,407.83
1748226455795.0,407.63,407.78
1748226456020.0,407.68,407.83
1748226460313.0,,407.88
1748226460534.0,407.73,
1748226476695,,
1748226481451,,
1748226481914,,
1748226483478.0,407.68,
1748226483767,,
1748226484153.0,,407.83
1748226484548,,
1748226485352.0,407.63,
1748226486715.0,,407.78
1748226486939.0,407.58,
1748226488399.0,,407.73
1748226501130.0,,407.78
1748226501354,,
1748226503331.0,,407.73
1748226503574.0,407.53,
1748226503797,,
1748226505641.0,407.58,
1748226505866.0,407.53,
1748226506153.0,,407.68
1748226507546,,
1748226507770.0,407.48,
1748226509531.0,407.53,
1748226510037.0,407.48,
1748226510261.0,407.53,
1748226511072.0,407.48,
1748226512287.0,407.53,
1748226512774.0,,407.73
1748226516736.0,407.58,
1748226517238.0,407.53,
1748226521318.0,,407.68
1748226521539,,
1748226522370,,
1748226522563.0,407.58,407.73
1748226522862,,
1748226526349,,
1748226527447.0,,407.78
1748226530187.0,,407.73
1748226532340.0,,407.78
1748226533245.0,,407.73
1748226533468.0,,407.78
1748226533694.0,407.63,
1748226533918,,
1748226534253.0,,407.83
1748226539248.0,,407.78
1748226539472,,
1748226540339.0,,407.83
1748226540564.0,,407.78
1748226540848.0,,407.83
1748226541074,,
1748226541298.0,,407.78
1748226542337.0,,407.83
1748226546391,,
1748226551377.0,,407.78
1748226552300.0,407.58,
1748226552524.0,,407.73
1748226554706.0,,407.78
1748226555964.0,,407.73
1748226556265.0,407.53,
1748226557059.0,407.58,
1748226567722,,
1748226572301,,
1748226572401.0,,407.78
1748226572565.0,407.63,
1748226572966.0,,407.83
1748226573189,,
1748226575411.0,,407.78
1748226576966.0,407.58,
1748226582621,,
1748226584313.0,407.63,
1748226584536.0,,407.83
1748226595787.0,407.68,
1748226606121,,
1748226616037,,
1748226623015.0,407.63,
1748226623238.0,,407.78
1748226639954,,
1748226652570,,
1748226660228,,
1748226660454.0,407.58,
1748226660677.0,407.63,
1748226661157,,
1748226661380.0,407.58,
1748226665792,,
1748226667165,,
1748226668989.0,407.63,
1748226673072,,
1748226673844.0,407.58,
1748226674657.0,407.63,
1748226683726,,
1748226684313.0,407.68,407.83
1748226684638.0,,407.88
1748226684864.0,,407.83
1748226685325.0,,407.88
1748226685548.0,,407.83
1748226685888.0,,407.88
1748226687667.0,,407.83
1748226688167.0,,407.88
1748226696069,,
1748226703745.0,,407.83
1748226704603,,
1748226707923,,
1748226717201,,
1748226718199,,
1748226721922,,
1748226727401,,
1748226734348.0,407.63,407.78
1748226734571.0,407.58,407.73
1748226735297,,
1748226737320,,
1748226737542.0,407.63,407.83
1748226738397.0,407.68,
1748226743408,,
1748226749213,,
1748226749439.0,407.63,407.78
1748226749899.0,,407.83
1748226750265.0,,407.78
1748226750548.0,,407.83
1748226754555.0,,407.78
1748226764888,,
1748226765118.0,407.58,
1748226765319.0,,407.73
1748226770295,,
1748226782695.0,407.53,
1748226782920.0,,407.68
1748226789607.0,407.48,407.63
1748226789828,,
1748226798254,,
1748226798972,,
1748226800139.0,407.43,
1748226800362,,
1748226804422.0,407.48,
1748226806976,,
1748226817692.0,407.43,407.58
1748226818426.0,407.38,
1748226818648,,
1748226827206,,
1748226829913,,
1748226831764,,
1748226831907.0,,407.53
1748226833971,,
1748226838735.0,407.33,
1748226838959,,
1748226840700.0,,407.48
1748226841225,,
1748226841452.0,407.38,407.53
1748226854239,,
1748226855038,,
1748226859441.0,407.33,
1748226859667.0,,407.48
1748226864442,,
1748226871293,,
1748226882624,,
1748226889712,,
1748226904573,,
1748226906173.0,407.28,
1748226908392,,
1748226909462,,
1748226910417,,
1748226923424,,
1748226927643,,
1748226933293.0,,407.43
1748226937028.0,407.23,
1748226940591,,
1748226942394.0,,407.38
1748226946518.0,407.28,407.43
1748226950075,,
1748226950175,,
1748226950301.0,407.33,407.53
1748226954436.0,,407.48
1748226961415,,
1748226961647.0,407.38,407.53
1748226962736.0,407.33,
1748226969448.0,407.38,
1748226978643,,
1748226984754,,
1748226985558.0,407.33,
1748226985781.0,,407.48
1748226992564,,
1748226993354.0,407.28,
1748226993578,,
1748227004438,,
1748227010074,,
1748227029971,,
1748227035737,,
1748227038556.0,,407.43
1748227038780.0,407.23,
1748227039003.0,407.28,
1748227046436.0,407.23,
1748227051253,,
1748227055816.0,407.28,
1748227072516.0,,407.48
1748227072738.0,407.33,
1748227079585,,
1748227081536,,
1748227083398.0,407.28,
1748227083623.0,407.23,407.38
1748227086790,,
1748227104743,,
1748227106459,,
1748227106684.0,407.18,
1748227108245.0,407.23,
1748227111288,,
1748227121509,,
1748227128162,,
1748227150391,,
1748227160678.0,407.18,
1748227163791.0,407.23,
1748227164010.0,407.18,
1748227171677.0,407.23,
1748227171901.0,407.18,
1748227172555.0,,407.33
1748227188876,,
1748227194752,,
1748227196482,,
1748227197472.0,407.13,
1748227197698.0,,407.28
1748227198436,,
1748227199148.0,407.08,
1748227199381.0,407.18,407.33
1748227199942.0,407.13,
1748227200295,,
1748227202004.0,407.18,
1748227202902.0,407.13,
1748227203118.0,,407.28
1748227216436,,
1748227217530,,
1748227219103,,
1748227241654.0,407.08,
1748227241932,,
1748227250089,,
1748227250365.0,407.13,
1748227250587.0,,407.33
1748227252537,,
1748227253728,,
1748227256120.0,407.18,
1748227276735,,
1748227279362.0,,407.38
1748227279584,,
1748227279811.0,,407.33
1748227302659,,
1748227309274,,
1748227316747,,
1748227326117,,
1748227339480,,
1748227359704,,
1748227365663,,
1748227365762,,
1748227379817,,
1748227381318.0,407.13,
1748227382349,,
1748227383242.0,407.18,
1748227387135,,
1748227395989,,
1748227396366,,
1748227396590,,
1748227396817.0,407.13,
1748227397040.0,407.18,
1748227397265.0,407.13,
1748227397491.0,407.18,
1748227407703,,
1748227418123.0,,407.38
1748227419726,,
1748227422363.0,407.23,
1748227425516,,
1748227428750.0,407.18,
1748227429199.0,,407.33
1748227437890,,
1748227448505.0,,407.38
1748227450454,,
1748227464054,,
1748227464753.0,,407.33
1748227468616.0,,407.38
1748227468837.0,407.23,
1748227479658,,
1748227486650,,
1748227498189,,
1748227530728.0,407.13,407.28
1748227530951.0,,407.33
1748227531445.0,407.18,
1748227531669.0,407.13,
1748227531893.0,,407.28
1748227539040,,
1748227545275,,
1748227577240,,
1748227584137.0,,407.33
1748227584361.0,407.18,407.38
1748227590477,,
1748227590643.0,407.23,
1748227590866.0,407.18,
1748227594865.0,407.23,
1748227602700.0,407.18,407.33
1748227604410,,
1748227608756,,
1748227617494,,
1748227631698,,
1748227631921.0,407.13,407.28
1748227632198.0,407.08,
1748227638336,,
1748227655820,,
1748227664597,,
1748227666989.0,407.13,407.33
1748227667211.0,407.18,407.38
1748227672572,,
1748227696080.0,407.23,
1748227696305.0,407.18,407.33
1748227696574.0,,407.38
1748227696795.0,,407.33
1748227697188,,
1748227697755.0,407.13,
1748227701401,,
1748227705057.0,407.18,
1748227723643,,
1748227733606.0,407.13,
1748227733829.0,407.18,407.38
1748227735032.0,,407.33
1748227755758,,
1748227757457.0,407.13,
1748227757679,,
1748227763643.0,,407.28
1748227779125,,
1748227783044,,
1748227786888,,
1748227788898,,
1748227792126.0,407.08,407.23
1748227798586,,
1748227803034,,
1748227804246,,
1748227804457.0,407.03,
1748227804681.0,,407.18
1748227807208,,
1748227813847,,
1748227825893,,
1748227827942,,
1748227829688.0,406.98,
1748227829905.0,,407.13
1748227831064,,
1748227840145,,
1748227840669,,
1748227843345,,
1748227851487,,
1748227861960,,
1748227866496.0,,407.18
1748227866726.0,,407.13
1748227871776,,
1748227872453,,
1748227890771,,
1748227890995.0,406.93,407.08
1748227902124.0,406.88,
1748227902344,,
1748227911368,,
1748227920675.0,406.93,
1748227921173.0,406.88,
1748227928454,,
1748227935863,,
1748227937534.0,,407.03
1748227946373.0,406.83,
1748227946598.0,,406.98
1748227951467,,
1748227953552,,
1748227955303,,
1748227965229,,
1748227967569,,
1748227972476,,
1748227972700.0,406.93,407.08
1748227973120,,
1748227989571,,
1748228000114,,
1748228022841,,
1748228030764,,
1748228030970.0,406.83,407.03
1748228031420.0,,406.98
1748228031646.0,406.78,
1748228032644.0,,406.93
1748228032998.0,,406.98
1748228038035.0,,406.93
1748228043358.0,,406.98
1748228044241.0,406.83,
1748228044464.0,406.78,406.93
1748228054592,,
1748228081307,,
1748228089123,,
1748228093797.0,406.73,
1748228094021.0,,406.88
1748228094246,,
1748228095964,,
1748228099047,,
1748228101696.0,406.68,406.83
1748228110596,,
1748228110976,,
1748228111201.0,406.63,
1748228116261.0,406.68,
1748228116483.0,406.63,
1748228117203.0,,406.78
1748228117926.0,,406.83
1748228118150.0,,406.78
1748228119391.0,,406.83
1748228120674,,
1748228125695.0,,406.78
1748228125918.0,,406.83
1748228142015.0,,406.78
1748228142239.0,,406.83
1748228142539.0,406.68,
1748228142763.0,,406.88
1748228142988,,
1748228144098.0,,406.83
1748228144320.0,406.63,
1748228153157.0,,406.78
1748228153379.0,,406.83
1748228156756.0,406.68,
1748228156981.0,406.63,
1748228162645.0,,406.78
1748228163914,,
1748228164140.0,406.28,406.43
1748228164364,,
1748228164826,,
1748228165051.0,406.23,406.38
1748228165277.0,,406.43
1748228165826,,
1748228166052.0,406.18,406.33
1748228166449.0,406.13,
1748228166674.0,406.08,
1748228168705.0,,406.28
1748228169153.0,406.13,406.33
1748228169811.0,406.18,406.38
1748228170749,,
1748228170969.0,406.23,406.43
1748228171418.0,,406.38
1748228171681,,
1748228182622.0,,406.43
1748228183072,,
1748228183296.0,406.28,406.48
1748228183746,,
1748228186020.0,,406.43
1748228186244.0,406.23,
1748228196062.0,,406.38
1748228196283.0,,406.43
1748228207365,,
1748228218505,,
1748228230597,,
1748228235807,,
1748228246696,,
1748228253351.0,406.28,
1748228253647,,
1748228253810.0,406.33,406.48
1748228254148.0,,406.53
1748228254372,,
1748228255257.0,406.38,
1748228259662,,
1748228274694.0,406.33,406.48
1748228280388,,
1748228281136.0,406.28,
1748228284299,,
1748228289648.0,,406.43
1748228289873,,
1748228290843,,
1748228291022.0,406.23,
1748228299263.0,,406.38
1748228299484.0,,406.43
1748228310273.0,406.28,
1748228313618.0,406.33,406.48
1748228314534,,
1748228319269,,
1748228321762,,
1748228322148.0,,406.53
1748228322370.0,406.38,
1748228341115,,
1748228343417.0,406.33,406.48
1748228351793,,
1748228355604.0,,406.53
1748228355828.0,406.38,
1748228356230.0,406.33,
1748228356631,,
1748228371381,,
1748228379045,,
1748228380219,,
1748228388442.0,,406.48
1748228388665.0,,406.53
1748228400803.0,406.38,
1748228401026.0,,406.58
1748228402116.0,,406.53
1748228402565.0,406.28,406.43
1748228402789.0,406.23,
1748228403574,,
1748228413585,,
1748228414258,,
1748228420481,,
1748228439262,,
1748228439488.0,,406.38
1748228439713.0,406.18,
1748228450053,,
1748228456097,,
1748228458624.0,,406.33
1748228459404.0,,406.38
1748228459629.0,,406.33
1748228459915.0,,406.38
1748228465838,,
1748228473752.0,406.23,
1748228473975,,
1748228474204.0,406.28,406.48
1748228474447,,
1748228475649.0,406.33,406.53
1748228476251.0,,406.48
1748228477248.0,,406.53
1748228482685,,
1748228493810,,
1748228500153,,
1748228503407,,
1748228503631.0,406.28,406.48
1748228513786.0,,406.43
1748228518470,,
1748228520211.0,,406.48
1748228520748,,
1748228529459,,
1748228545061.0,,406.43
1748228545283.0,406.23,
1748228547122.0,,406.38
1748228547345.0,,406.43
1748228575387,,
1748228578348.0,406.28,
1748228578797.0,406.23,
1748228582379,,
1748228582603.0,406.28,
1748228582853.0,406.23,
1748228583077,,
1748228592137.0,406.28,
1748228592361.0,406.23,
1748228602797.0,,406.38
1748228603019.0,406.18,
1748228607132.0,,406.33
1748228613005.0,,406.38
1748228613227,,
1748228619730,,
1748228626499.0,406.13,
1748228626722.0,,406.33
1748228627516.0,,406.28
1748228629558,,
1748228630542.0,406.08,
1748228631174.0,406.13,
1748228634904,,
1748228642271.0,,406.33
1748228642497.0,,406.28
1748228657176.0,406.08,
1748228657399,,
1748228659789.0,406.13,
1748228672155.0,,406.33
1748228672377.0,406.18,
1748228672602,,
1748228673160.0,,406.38
1748228673387.0,406.23,
1748228674869.0,406.18,
1748228675471.0,,406.33
1748228678829,,
1748228690232,,
1748228693151,,
1748228699285.0,,406.38
1748228699509.0,406.23,
1748228699734.0,,406.43
1748228699997.0,406.28,
1748228700221.0,406.23,406.38
1748228701120,,
1748228701345.0,406.18,
1748228715725.0,,406.33
1748228715948.0,406.13,406.28
1748228716544,,
1748228721126.0,406.08,
1748228721345.0,,406.23
1748228722165.0,406.03,
1748228722388,,
1748228722613.0,406.08,
1748228722839.0,406.03,
1748228723124.0,,406.18
1748228723350.0,,406.23
1748228723574.0,,406.18
1748228728168.0,405.98,
1748228731299.0,,406.13
1748228731522.0,,406.18
1748228741702.0,406.03,
1748228741927.0,,406.23
1748228742189.0,406.08,
1748228748994.0,,406.28
1748228749218.0,406.13,
1748228749444.0,,406.33
1748228751316.0,,406.28
1748228751539.0,,406.33
1748228752828.0,406.18,
1748228766073.0,,406.38
1748228766298.0,406.23,406.43
1748228767034.0,406.28,
1748228767257.0,406.23,406.38
1748228769122.0,406.18,
1748228769346.0,,406.33
1748228772829,,
1748228773403.0,,406.38
1748228775737.0,406.23,
1748228775960.0,,406.43
1748228776185.0,,406.38
1748228804523.0,406.18,
1748228813681.0,406.23,
1748228814129.0,406.18,
1748228814354.0,,406.33
1748228815571.0,,406.38
1748228815794.0,,406.33
1748228822270.0,,406.38
1748228822491.0,,406.33
1748228834011,,
1748228835666.0,,406.38
1748228857384,,
1748228858177.0,406.23,
1748228858401.0,406.28,406.43
1748228863810.0,406.23,
1748228864040.0,,406.38
1748228864299.0,406.18,
1748228864525.0,406.23,
1748228869125.0,406.18,
1748228869349,,
1748228881420.0,406.23,
1748228881644,,
1748228882663.0,,406.43
1748228906851,,
1748228920275.0,,406.38
1748228921212,,
1748228921700.0,406.18,
1748228923217.0,,406.33
1748228923440.0,,406.38
1748228935365,,
1748228943456,,
1748228952022,,
1748228952145,,
1748228955199.0,406.23,
1748228955423.0,406.18,
1748228983699,,
1748228988481,,
1748229004244.0,406.23,
1748229004466.0,406.18,
1748229006060,,
1748229015916,,
1748229025067.0,406.23,
1748229025294.0,406.18,
1748229033422.0,406.13,406.33
1748229034126.0,,406.28
1748229034349.0,,406.33
1748229035413.0,,406.28
1748229041773.0,406.08,
1748229052123.0,,406.23
1748229052344.0,,406.28
1748229058753.0,,406.23
1748229058982.0,,406.28
1748229061643.0,,406.23
1748229062303,,
1748229063011,,
1748229070952,,
1748229071052.0,406.03,
1748229071244.0,406.08,
1748229071469.0,406.13,406.28
1748229071693.0,,406.33
1748229071920,,
1748229073690.0,406.18,
1748229073913.0,406.13,
1748229074264.0,,406.28
1748229076385,,
1748229078945,,
1748229081087,,
1748229090976,,
1748229091653,,
1748229101655,,
1748229112785.0,406.08,
1748229116031.0,,406.23
1748229116254.0,,406.28
1748229116704.0,,406.23
1748229117155.0,406.03,
1748229117378.0,,406.18
1748229120922.0,,406.23
1748229121144.0,406.08,
1748229132809,,
1748229135513,,
1748229135993,,
1748229136737,,
1748229140450,,
1748229149718,,
1748229151673,,
1748229160086.0,406.18,406.33
1748229160308.0,406.13,
1748229160534.0,,406.28
1748229170942,,
1748229171566,,
1748229175122.0,406.08,
1748229175574.0,,406.23
1748229175797.0,,406.28
1748229176021.0,406.03,406.23
1748229177120.0,,406.18
1748229179124,,
1748229181402,,
1748229202386.0,405.98,406.13
1748229207994,,
1748229209037.0,405.93,
1748229210076.0,405.98,
1748229211642,,
1748229212700,,
1748229241280,,
1748229243679,,
1748229248791,,
1748229250653.0,405.93,
1748229250877.0,405.98,
1748229261132.0,,406.18
1748229261356.0,406.03,
1748229261580.0,405.98,
1748229265279.0,406.03,
1748229270682,,
1748229272021.0,405.98,
1748229275286.0,406.03,
1748229277603.0,,406.23
1748229280518,,
1748229281884.0,406.08,
1748229289440,,
1748229306727.0,,406.28
1748229306951.0,406.13,
1748229307177.0,406.08,406.23
1748229317920,,
1748229329306,,
1748229341126,,
1748229341352.0,406.03,
1748229341906.0,,406.18
1748229342774.0,,406.23
1748229342999.0,406.08,
1748229343405.0,406.03,
1748229351424.0,,406.18
1748229357241.0,405.98,
1748229357462,,
1748229361787.0,,406.13
1748229365421,,
1748229366137,,
1748229378010.0,405.93,
1748229381207.0,405.98,
1748229381430,,
1748229389181,,
1748229389449,,
1748229389675.0,,406.18
1748229390473,,
1748229399250.0,,406.13
1748229424127,,
1748229436073,,
1748229446012,,
1748229452944,,
1748229484084.0,,406.18
1748229503398.0,406.03,
1748229513171,,
1748229522212,,
1748229524623,,
1748229527272,,
1748229544935.0,405.98,
1748229545159.0,,406.13
1748229545681.0,,406.18
1748229545906.0,406.03,
1748229556143,,
1748229566495,,
1748229567277,,
1748229603226,,
1748229603614,,
1748229609225,,
1748229618558,,
1748229618782.0,406.08,406.23
1748229634404,,
1748229639838,,
1748229639938,,
1748229640069.0,406.03,
1748229640295.0,406.08,
1748229640689.0,406.03,
1748229641135,,
1748229642327.0,406.08,
1748229644045,,
1748229656496,,
1748229656722.0,406.13,406.33
1748229657173.0,406.23,406.38
1748229660595.0,406.18,
1748229668312,,
1748229677429.0,,406.33
1748229677879.0,,406.38
1748229678104.0,,406.33
1748229678328.0,,406.38
1748229678672.0,,406.33
1748229679972.0,406.13,
1748229680287.0,406.18,
1748229680523.0,406.13,
1748229681842.0,,406.28
1748229698616,,
1748229708936.0,,406.33
1748229709159,,
1748229709694.0,406.18,
1748229709916.0,406.13,
1748229710338.0,406.18,
1748229710577.0,406.13,
1748229712200.0,,406.28
1748229713366.0,,406.33
1748229730959.0,406.18,
1748229750564.0,406.13,
1748229751038.0,406.18,
1748229751264.0,406.23,406.38
1748229752164,,
1748229764836.0,,406.43
1748229765032.0,406.28,
1748229766659,,
1748229790947,,
1748229797522.0,406.33,406.48
1748229799123,,
1748229808993,,
1748229818235.0,406.28,406.43
1748229820771,,
1748229822740,,
1748229823261,,
1748229828338.0,406.23,
1748229828561.0,,406.38
1748229829717,,
1748229841604,,
1748229850767,,
1748229855081,,
1748229862442.0,406.18,
1748229862667,,
1748229862948.0,,406.33
1748229870619,,
1748229871318,,
1748229896520,,
1748229901964,,
1748229905105,,
1748229916919.0,,406.38
1748229922728,,
1748229938420.0,406.23,
1748229938724.0,,406.43
1748229938947,,
1748229968471.0,,406.38
1748229993194,,
1748229993294.0,406.28,406.43
1748229999313,,
1748230003237.0,,406.48
1748230003461,,
1748230028205.0,406.33,
1748230028428.0,,406.53
1748230029120.0,,406.48
1748230032387,,
1748230052126,,
1748230053632.0,,406.53
1748230060574,,
1748230066455.0,,406.48
1748230077081.0,,406.53
1748230100851.0,,406.48
1748230101301.0,,406.53
1748230103616,,
1748230110028,,
1748230144378,,
1748230147286.0,,406.48
1748230147592,,
1748230164322,,
1748230172470.0,406.38,406.53
1748230172693.0,406.33,
1748230180501.0,406.38,
1748230186818,,
1748230196480,,
1748230210603,,
1748230219717.0,406.33,406.48
1748230219934.0,,406.53
1748230222992,,
1748230225791.0,,406.48
1748230226012.0,,406.53
1748230226238.0,,406.48
1748230231885,,
1748230235601,,
1748230239115,,
1748230240642,,
1748230250292,,
1748230252887.0,406.28,
1748230253110.0,,406.43
1748230257378,,
1748230262654.0,406.23,
1748230262878.0,,406.38
1748230279570,,
1748230286096.0,406.18,
1748230286320.0,,406.33
1748230290128,,
1748230290842,,
1748230295837,,
1748230296699.0,,406.38
1748230296922.0,406.23,406.43
1748230309669.0,,406.38
1748230309888.0,,406.43
1748230310114.0,406.28,
1748230310340.0,406.23,
1748230319189.0,406.28,
1748230319413.0,406.23,
1748230327001.0,406.28,
1748230338727,,
1748230341054.0,,406.48
1748230341279.0,406.33,
1748230341504,,
1748230341731.0,,406.53
1748230345805,,
1748230347960.0,406.38,
1748230349538,,
1748230349957.0,,406.58
1748230350957.0,406.43,
1748230362282.0,,406.63
1748230362505.0,406.48,
1748230367462.0,406.43,
1748230378781.0,,406.58
1748230384037,,
1748230421785.0,,406.63
1748230422664,,
1748230422877.0,406.48,
1748230431437.0,,406.68
1748230431659.0,,406.63
1748230431885.0,406.53,406.68
1748230435121.0,406.48,
1748230435976.0,,406.63
1748230439123,,
1748230450963.0,406.43,
1748230451185.0,,406.58
1748230451411.0,406.38,
1748230457831,,
1748230457976.0,406.43,
1748230458202.0,406.38,
1748230460123.0,,406.53
1748230475793.0,406.33,
1748230476015,,
1748230476243.0,,406.48
1748230485182.0,,406.53
1748230508473,,
1748230523196.0,406.38,
1748230525343,,
1748230527586,,
1748230539192,,
1748230540409,,
1748230540510.0,406.33,406.48
1748230550423.0,,406.53
1748230555206,,
1748230555782.0,406.38,
1748230557458.0,406.33,
1748230559422.0,406.38,
1748230559923.0,406.33,
1748230575241,,
1748230599126.0,406.38,
1748230600735,,
1748230601211.0,406.33,
1748230604834.0,406.38,
1748230640728,,
1748230643389,,
1748230649590,,
1748230649813.0,406.43,406.63
1748230650038.0,,406.58
1748230650266.0,406.38,
1748230650502.0,406.43,
1748230651571,,
1748230657858,,
1748230669637,,
1748230679242,,
1748230680877.0,,406.63
1748230681099.0,406.48,406.68
1748230681324.0,,406.63
1748230681548.0,,406.68
1748230682328.0,406.53,
1748230683727.0,,406.73
1748230683951.0,,406.68
1748230684174.0,,406.73
1748230685878.0,406.58,
1748230692757,,
1748230705310,,
1748230712145,,
1748230712368.0,,406.78
1748230720257,,
1748230724421.0,406.63,
1748230734404,,
1748230735822.0,,406.83
1748230736046,,
1748230736411.0,406.68,
1748230736743.0,,406.88
1748230736968.0,,406.83
1748230737254.0,406.63,
1748230737479,,
1748230737706.0,,406.78
1748230740199,,
1748230742123,,
1748230748123.0,,406.83
1748230748345,,
1748230749621.0,,406.78
1748230749845.0,,406.83
1748230758469,,
1748230765648,,
1748230774576.0,,406.78
1748230780230,,
1748230782777,,
1748230799636.0,406.58,
1748230800086.0,406.58,
1748230800310.0,406.53,
1748230801818.0,,406.68
1748230814593,,
1748230821224,,
1748230839130,,
1748230859205,,
1748230868402,,
1748230874985,,
1748230900296,,
1748230900748,,
1748230911838,,
1748230946604,,
1748230958545,,
1748230981524.0,406.58,406.73
1748230981748.0,406.53,
1748230982121.0,,406.68
1748230982343.0,,406.73
1748231002099,,
1748231012649.0,406.58,
1748231018524.0,406.53,
1748231018742,,
1748231019123.0,,406.68
1748231023585,,
1748231031766,,
1748231031989.0,406.48,406.63
1748231032214.0,406.43,
1748231038126.0,,406.58
1748231038423,,
1748231038671.0,406.38,
1748231038893.0,406.43,
1748231042275,,
1748231042496,,
1748231048458,,
1748231053279,,
1748231071026,,
1748231071250.0,,406.63
1748231071520.0,406.48,
1748231071744.0,406.43,406.58
1748231098256,,
1748231103162,,
1748231117768.0,,406.63
1748231117992.0,406.48,
1748231126060,,
1748231130796,,
1748231175200,,
1748231183258,,
1748231192925,,
1748231193323,,
1748231203998,,
1748231204098,,
1748231221124,,
1748231228962,,
1748231252671,,
1748231274272,,
1748231289455,,
1748231311168,,
1748231318649.0,406.43,
1748231318873.0,,406.58
1748231319098.0,406.38,
1748231321684.0,406.43,
1748231321907,,
1748231328660,,
1748231334840,,
1748231348599,,
1748231353548,,
1748231353788.0,406.48,406.63
1748231388881.0,,406.68
1748231389105,,
1748231390430.0,406.53,
1748231393661.0,406.48,
1748231394707.0,,406.63
1748231398017,,
1748231400706,,
1748231400931.0,406.43,
1748231418819.0,,406.58
1748231420455.0,,406.63
1748231425453,,
1748231427567,,
1748231431998,,
1748231433368.0,,406.58
1748231444989,,
1748231451043,,
1748231460125,,
1748231469189,,
1748231474099.0,,406.63
1748231474322.0,,406.58
1748231482335,,
1748231489123,,
1748231489347.0,406.38,
1748231497229.0,406.43,
1748231498367,,
1748231501872.0,,406.63
1748231502093,,
1748231520311.0,406.48,
1748231520534.0,406.43,
1748231520759.0,406.48,
1748231521240.0,,406.68
1748231521464.0,,406.63
1748231527571.0,,406.68
1748231531300,,
1748231539789,,
1748231547425.0,,406.63
1748231552325.0,,406.68
1748231552547,,
1748231559984,,
1748231563878.0,,406.63
1748231567508.0,406.43,
1748231567729.0,,406.58
1748231585509,,
1748231598725,,
1748231602902,,
1748231618689.0,,406.63
1748231618912.0,406.48,
1748231619284,,
1748231636937.0,406.43,406.58
1748231637157,,
1748231667873.0,406.38,406.53
1748231668094,,
1748231673944.0,,406.58
1748231674168.0,406.43,
1748231689413,,
1748231702373,,
1748231705202,,
1748231709146,,
1748231711878.0,406.38,
1748231712102.0,,406.53
1748231750986,,
1748231762718,,
1748231776745.0,406.33,
1748231776967.0,,406.48
1748231777192,,
1748231789678.0,,406.53
1748231789899.0,406.38,
1748231790588,,
1748231793369,,
1748231859123,,
1748231875299,,
1748231903533,,
1748231916650,,
1748231932046,,
1748231935707,,
1748231935930,,
1748231936503,,
1748231990098,,
1748231995329,,
1748232000863,,
1748232001415,,
1748232002616,,
1748232019301,,
1748232022198.0,406.33,
