None,,
None,,
None,,
None,,
None,,
None,,
None,,
None,,
None,,
None,,
None,,
None,,
None,,
None,,
None,,
1748210525486.0,12221.6,12227.6
1748210526296.0,12221.4,12227.4
1748210526524.0,12221.7,12227.7
1748210526748.0,12221.6,12227.6
1748210527369.0,12221.7,12227.7
1748210527668.0,12222.3,12228.3
1748210528048.0,12222.8,12228.8
1748210528273.0,12223.7,12229.7
1748210529220.0,12223.8,12229.8
1748210529470.0,12224.0,12230.0
1748210529823.0,12224.2,12230.2
1748210529922.0,12224.0,12230.0
1748210530082.0,12223.8,12229.8
1748210531572.0,12223.5,12229.5
1748210531793.0,12223.7,12229.7
1748210532369.0,12223.8,12229.8
1748210532593.0,12223.5,12229.5
1748210533134.0,12223.8,12229.8
1748210534101.0,12224.8,12230.8
1748210534480.0,12224.7,12230.7
1748210534782.0,12225.0,12231.0
1748210535136.0,12225.0,12231.0
1748210535238.0,12221.6,12227.6
1748210535379.0,12221.7,12227.7
1748210536423.0,12221.9,12227.9
1748210536963.0,12222.2,12228.2
1748210537265.0,12222.9,12228.9
1748210537735.0,12223.1,12229.1
1748210538039.0,12223.8,12229.8
1748210539043.0,12224.5,12230.5
1748210539479.0,12224.6,12230.6
1748210539578.0,12224.7,12230.7
1748210540071.0,12224.5,12230.5
1748210540833.0,12224.6,12230.6
1748210540930.0,12225.3,12231.3
1748210541829.0,12225.0,12231.0
1748210542049.0,12225.1,12231.1
1748210542275.0,12224.7,12230.7
1748210542497.0,12225.3,12231.3
1748210542725.0,12224.7,12230.7
1748210543691.0,12225.1,12231.1
1748210543837.0,12225.0,12231.0
1748210544144.0,12224.0,12230.0
1748210544387.0,12223.8,12229.8
1748210544688.0,12224.1,12230.1
1748210545604.0,12224.5,12230.5
1748210545749.0,12224.3,12230.3
1748210546033.0,12224.1,12230.1
1748210546974.0,12224.7,12230.7
1748210548446.0,12224.5,12230.5
1748210548769.0,12224.3,12230.3
1748210550424.0,12224.5,12230.5
1748210550547.0,12224.6,12230.6
1748210550647.0,12224.8,12230.8
1748210551073.0,12224.5,12230.5
1748210552032.0,12224.3,12230.3
1748210552681.0,12224.5,12230.5
1748210553257.0,12224.8,12230.8
1748210553480.0,12224.5,12230.5
1748210554058.0,12224.6,12230.6
1748210554158.0,12224.7,12230.7
1748210554382.0,12224.1,12230.1
1748210557144.0,12224.7,12230.7
1748210558146.0,12224.1,12230.1
1748210562097.0,12224.7,12230.7
1748210562884.0,12224.5,12230.5
1748210563868.0,12224.3,12230.3
1748210564837.0,12224.5,12230.5
1748210565884.0,12224.3,12230.3
1748210566366.0,12224.5,12230.5
1748210566592.0,12224.1,12230.1
1748210568523.0,12224.3,12230.3
1748210569957.0,12224.1,12230.1
1748210571386.0,12225.1,12231.1
1748210571509.0,12225.2,12231.2
1748210571608.0,12225.3,12231.3
1748210571833.0,12225.0,12231.0
1748210572566.0,12224.8,12230.8
1748210572982.0,12223.3,12229.3
1748210573081.0,12222.8,12228.8
1748210573245.0,12222.9,12228.9
1748210577035.0,12223.1,12229.1
1748210577322.0,12223.7,12229.7
1748210577547.0,12223.8,12229.8
1748210577899.0,12224.9,12230.9
1748210577997.0,12225.0,12231.0
1748210579107.0,12224.8,12230.8
1748210579296.0,12224.9,12230.9
1748210579396.0,12225.0,12231.0
1748210581318.0,12225.9,12231.9
1748210581542.0,12226.3,12232.3
1748210581891.0,12226.5,12232.5
1748210582363.0,12226.2,12232.2
1748210582721.0,12226.3,12232.3
1748210583345.0,12226.4,12232.4
1748210583439.0,12227.2,12233.2
1748210583663.0,12227.1,12233.1
1748210584247.0,12227.2,12233.2
1748210584471.0,12227.4,12233.4
1748210584846.0,12227.2,12233.2
1748210585344.0,12226.9,12232.9
1748210585570.0,12228.4,12234.4
1748210585793.0,12228.1,12234.1
1748210586925.0,12228.3,12234.3
1748210587151.0,12228.7,12234.7
1748210587560.0,12229.5,12235.5
1748210588159.0,12229.4,12235.4
1748210588254.0,12228.7,12234.7
1748210588689.0,12228.9,12234.9
1748210589225.0,12228.7,12234.7
1748210590236.0,12228.6,12234.6
1748210591377.0,12228.7,12234.7
1748210591949.0,12229.3,12235.3
1748210592177.0,12229.0,12235.0
1748210592549.0,12229.3,12235.3
1748210592772.0,12229.0,12235.0
1748210593901.0,12229.5,12235.5
1748210594127.0,12229.0,12235.0
1748210594457.0,12229.3,12235.3
1748210594683.0,12229.9,12235.9
1748210595326.0,12229.8,12235.8
1748210596317.0,12229.9,12235.9
1748210596687.0,12231.0,12237.0
1748210597016.0,12230.9,12236.9
1748210597116.0,12230.5,12236.5
1748210598367.0,12230.4,12236.4
1748210598594.0,12230.7,12236.7
1748210599667.0,12230.4,12236.4
1748210599957.0,12230.5,12236.5
1748210600437.0,12229.0,12235.0
1748210600661.0,12230.1,12236.1
1748210601036.0,12230.5,12236.5
1748210601194.0,12230.7,12236.7
1748210601850.0,12230.5,12236.5
1748210602076.0,12230.8,12236.8
1748210602521.0,12229.9,12235.9
1748210602746.0,12229.6,12235.6
1748210602970.0,12229.9,12235.9
1748210603196.0,12230.4,12236.4
1748210603421.0,12230.8,12236.8
1748210603930.0,12230.4,12236.4
1748210604058.0,12230.3,12236.3
1748210604158.0,12229.8,12235.8
1748210604714.0,12229.9,12235.9
1748210605039.0,12229.8,12235.8
1748210605574.0,12230.7,12236.7
1748210606040.0,12230.5,12236.5
1748210606832.0,12230.4,12236.4
1748210608145.0,12230.3,12236.3
1748210608238.0,12229.3,12235.3
1748210608461.0,12228.6,12234.6
1748210608607.0,12228.4,12234.4
1748210608812.0,12228.5,12234.5
1748210608913.0,12229.5,12235.5
1748210609318.0,12229.4,12235.4
1748210609418.0,12228.7,12234.7
1748210609874.0,12228.3,12234.3
1748210610096.0,12227.8,12233.8
1748210610244.0,12228.1,12234.1
1748210610471.0,12227.8,12233.8
1748210611402.0,12227.7,12233.7
1748210611626.0,12228.4,12234.4
1748210612675.0,12228.6,12234.6
1748210612898.0,12228.7,12234.7
1748210613441.0,12228.9,12234.9
1748210613665.0,12229.0,12235.0
1748210615264.0,12228.9,12234.9
1748210615563.0,12229.3,12235.3
1748210616089.0,12228.9,12234.9
1748210616361.0,12229.0,12235.0
1748210617594.0,12228.9,12234.9
1748210618527.0,12229.8,12235.8
1748210619400.0,12229.6,12235.6
1748210620128.0,12228.6,12234.6
1748210621876.0,12229.0,12235.0
1748210622632.0,12229.3,12235.3
1748210624136.0,12229.0,12235.0
1748210624284.0,12228.9,12234.9
1748210625928.0,12230.4,12236.4
1748210627187.0,12230.7,12236.7
1748210630326.0,12230.5,12236.5
1748210631599.0,12230.7,12236.7
1748210631892.0,12230.1,12236.1
1748210633621.0,12230.4,12236.4
1748210635130.0,12230.8,12236.8
1748210636116.0,12230.1,12236.1
1748210636338.0,12229.8,12235.8
1748210636486.0,12229.6,12235.6
1748210638296.0,12228.9,12234.9
1748210640657.0,12229.0,12235.0
1748210641654.0,12229.3,12235.3
1748210641878.0,12228.9,12234.9
1748210643018.0,12229.0,12235.0
1748210644439.0,12228.9,12234.9
1748210647516.0,12229.3,12235.3
1748210648678.0,12228.9,12234.9
1748210650922.0,12228.6,12234.6
1748210653500.0,12228.1,12234.1
1748210655491.0,12227.8,12233.8
1748210660797.0,12227.5,12233.5
1748210663606.0,12226.2,12232.2
1748210665967.0,12225.7,12231.7
1748210666626.0,12225.4,12231.4
1748210667420.0,12225.1,12231.1
1748210667950.0,12225.3,12231.3
1748210669025.0,12225.4,12231.4
1748210670294.0,12225.9,12231.9
1748210670516.0,12225.7,12231.7
1748210674596.0,12225.1,12231.1
1748210676937.0,12225.2,12231.2
1748210677191.0,12225.1,12231.1
1748210682105.0,12226.2,12232.2
1748210682329.0,12226.0,12232.0
1748210683703.0,12226.2,12232.2
1748210683919.0,12226.3,12232.3
1748210684496.0,12226.6,12232.6
1748210685367.0,12226.9,12232.9
1748210686744.0,12227.1,12233.1
1748210687146.0,12227.5,12233.5
1748210687292.0,12227.7,12233.7
1748210687877.0,12227.8,12233.8
1748210688991.0,12228.1,12234.1
1748210689701.0,12228.3,12234.3
1748210690795.0,12228.7,12234.7
1748210692799.0,12228.6,12234.6
1748210693676.0,12228.4,12234.4
1748210693967.0,12227.8,12233.8
1748210695416.0,12228.3,12234.3
1748210700510.0,12227.5,12233.5
1748210700732.0,12227.2,12233.2
1748210700958.0,12227.4,12233.4
1748210701402.0,12227.2,12233.2
1748210702009.0,12227.4,12233.4
1748210702410.0,12227.7,12233.7
1748210704505.0,12227.5,12233.5
1748210704725.0,12227.4,12233.4
1748210706577.0,12227.5,12233.5
1748210706883.0,12227.6,12233.6
1748210706978.0,12228.1,12234.1
1748210709517.0,12228.3,12234.3
1748210710083.0,12228.1,12234.1
1748210710309.0,12227.8,12233.8
1748210712411.0,12228.4,12234.4
1748210712783.0,12228.4,12234.4
1748210713840.0,12228.6,12234.6
1748210714062.0,12228.7,12234.7
1748210714930.0,12228.9,12234.9
1748210715157.0,12229.3,12235.3
1748210715542.0,12228.9,12234.9
1748210718051.0,12228.4,12234.4
1748210718275.0,12227.7,12233.7
1748210718424.0,12227.8,12233.8
1748210719613.0,12228.1,12234.1
1748210719999.0,12227.8,12233.8
1748210721282.0,12227.9,12233.9
1748210721381.0,12228.7,12234.7
1748210722786.0,12228.6,12234.6
1748210723078.0,12228.3,12234.3
1748210723698.0,12228.7,12234.7
1748210724829.0,12228.9,12234.9
1748210725054.0,12229.3,12235.3
1748210725550.0,12229.6,12235.6
1748210725697.0,12229.8,12235.8
1748210726673.0,12229.9,12235.9
1748210726820.0,12229.8,12235.8
1748210727989.0,12229.6,12235.6
1748210728489.0,12229.8,12235.8
1748210729294.0,12229.8,12235.8
1748210731227.0,12229.9,12235.9
1748210732730.0,12229.8,12235.8
1748210732921.0,12229.7,12235.7
1748210733020.0,12229.0,12235.0
1748210733245.0,12229.3,12235.3
1748210733392.0,12229.5,12235.5
1748210733921.0,12229.6,12235.6
1748210734226.0,12230.1,12236.1
1748210734379.0,12229.9,12235.9
1748210734684.0,12229.0,12235.0
1748210735100.0,12229.3,12235.3
1748210735247.0,12229.5,12235.5
1748210735702.0,12229.6,12235.6
1748210737258.0,12229.0,12235.0
1748210740350.0,12229.3,12235.3
1748210740574.0,12229.0,12235.0
1748210746270.0,12228.9,12234.9
1748210746820.0,12229.6,12235.6
1748210750628.0,12229.5,12235.5
1748210750853.0,12229.3,12235.3
1748210753829.0,12229.0,12235.0
1748210754053.0,12229.5,12235.5
1748210755834.0,12229.6,12235.6
1748210756545.0,12229.0,12235.0
1748210757740.0,12229.8,12235.8
1748210759844.0,12229.9,12235.9
1748210760063.0,12230.1,12236.1
1748210762308.0,12230.4,12236.4
1748210762531.0,12230.1,12236.1
1748210763602.0,12230.4,12236.4
1748210764263.0,12230.7,12236.7
1748210764486.0,12230.1,12236.1
1748210765524.0,12229.9,12235.9
1748210766833.0,12229.8,12235.8
1748210767273.0,12229.9,12235.9
1748210767495.0,12230.1,12236.1
1748210767721.0,12230.4,12236.4
1748210767867.0,12230.5,12236.5
1748210769494.0,12230.8,12236.8
1748210774605.0,12230.5,12236.5
1748210775088.0,12230.7,12236.7
1748210777009.0,12230.4,12236.4
1748210777544.0,12230.1,12236.1
1748210778140.0,12229.9,12235.9
1748210778428.0,12229.6,12235.6
1748210778817.0,12229.8,12235.8
1748210779342.0,12229.9,12235.9
1748210779566.0,12230.1,12236.1
1748210779791.0,12230.5,12236.5
1748210780699.0,12230.7,12236.7
1748210782119.0,12230.8,12236.8
1748210782594.0,12231.0,12237.0
1748210782897.0,12230.8,12236.8
1748210783416.0,12230.4,12236.4
1748210783563.0,12230.5,12236.5
1748210783863.0,12230.4,12236.4
1748210784090.0,12230.1,12236.1
1748210784606.0,12229.9,12235.9
1748210784827.0,12229.8,12235.8
1748210785132.0,12230.1,12236.1
1748210785283.0,12229.9,12235.9
1748210785506.0,12229.8,12235.8
1748210786066.0,12229.8,12235.8
1748210786872.0,12229.9,12235.9
1748210792215.0,12230.7,12236.7
1748210793561.0,12230.5,12236.5
1748210794179.0,12230.7,12236.7
1748210794475.0,12230.4,12236.4
1748210795814.0,12230.1,12236.1
1748210809617.0,12229.9,12235.9
1748210810019.0,12229.8,12235.8
1748210811532.0,12229.3,12235.3
1748210812266.0,12228.7,12234.7
1748210812695.0,12228.6,12234.6
1748210814864.0,12228.9,12234.9
1748210815999.0,12229.8,12235.8
1748210816225.0,12230.8,12236.8
1748210816352.0,12231.0,12237.0
1748210816450.0,12236.8,12242.8
1748210816675.0,12238.0,12244.0
1748210816899.0,12237.2,12243.2
1748210817143.0,12237.1,12243.1
1748210817431.0,12236.8,12242.8
1748210817657.0,12238.3,12244.3
1748210818181.0,12237.8,12243.8
1748210818327.0,12237.7,12243.7
1748210818790.0,12241.8,12247.8
1748210819013.0,12241.2,12247.2
1748210819239.0,12240.7,12246.7
1748210819366.0,12240.8,12246.8
1748210819466.0,12245.7,12251.7
1748210819689.0,12247.2,12253.2
1748210819814.0,12247.3,12253.3
1748210820041.0,12249.2,12255.2
1748210820139.0,12247.2,12253.2
1748210820362.0,12246.3,12252.3
1748210820494.0,12246.2,12252.2
1748210820589.0,12243.5,12249.5
1748210820812.0,12243.0,12249.0
1748210821037.0,12242.7,12248.7
1748210821266.0,12246.0,12252.0
1748210821487.0,12246.2,12252.2
1748210821712.0,12245.9,12251.9
1748210821940.0,12245.4,12251.4
1748210822164.0,12243.8,12249.8
1748210822387.0,12245.1,12251.1
1748210822614.0,12244.5,12250.5
1748210822838.0,12244.8,12250.8
1748210823062.0,12244.5,12250.5
1748210823290.0,12242.3,12248.3
1748210823512.0,12241.1,12247.1
1748210823661.0,12240.9,12246.9
1748210823890.0,12240.7,12246.7
1748210825037.0,12240.1,12246.1
1748210825766.0,12240.2,12246.2
1748210825984.0,12245.8,12251.8
1748210826083.0,12247.2,12253.2
1748210826310.0,12245.0,12251.0
1748210826436.0,12244.9,12250.9
1748210826537.0,12243.8,12249.8
1748210826761.0,12243.7,12249.7
1748210826860.0,12241.8,12247.8
1748210827083.0,12243.0,12249.0
1748210827307.0,12243.3,12249.3
1748210827684.0,12243.0,12249.0
1748210827912.0,12241.4,12247.4
1748210828564.0,12242.1,12248.1
1748210828789.0,12241.5,12247.5
1748210829206.0,12241.6,12247.6
1748210829299.0,12241.7,12247.7
1748210830007.0,12241.5,12247.5
1748210830214.0,12241.6,12247.6
1748210830313.0,12243.3,12249.3
1748210830537.0,12243.8,12249.8
1748210831028.0,12241.2,12247.2
1748210831659.0,12240.9,12246.9
1748210831785.0,12241.0,12247.0
1748210831885.0,12241.4,12247.4
1748210832108.0,12242.1,12248.1
1748210832235.0,12242.2,12248.2
1748210832333.0,12242.4,12248.4
1748210832558.0,12242.3,12248.3
1748210832784.0,12241.4,12247.4
1748210833122.0,12241.7,12247.7
1748210833347.0,12241.1,12247.1
1748210834088.0,12241.4,12247.4
1748210834316.0,12241.2,12247.2
1748210834614.0,12240.7,12246.7
1748210835062.0,12240.5,12246.5
1748210835286.0,12239.5,12245.5
1748210835708.0,12239.6,12245.6
1748210836012.0,12240.9,12246.9
1748210836237.0,12239.2,12245.2
1748210836461.0,12239.6,12245.6
1748210836686.0,12239.0,12245.0
1748210836910.0,12239.3,12245.3
1748210837297.0,12239.4,12245.4
1748210837393.0,12240.7,12246.7
1748210837618.0,12240.2,12246.2
1748210837841.0,12239.6,12245.6
1748210838183.0,12239.5,12245.5
1748210838310.0,12239.4,12245.4
1748210838409.0,12239.0,12245.0
1748210838632.0,12238.3,12244.3
1748210838986.0,12238.0,12244.0
1748210839813.0,12238.1,12244.1
1748210840038.0,12238.7,12244.7
1748210841204.0,12238.6,12244.6
1748210841939.0,12238.3,12244.3
1748210842161.0,12238.7,12244.7
1748210842387.0,12238.6,12244.6
1748210842613.0,12238.0,12244.0
1748210843127.0,12238.1,12244.1
1748210843351.0,12239.0,12245.0
1748210843999.0,12239.6,12245.6
1748210844223.0,12239.0,12245.0
1748210844448.0,12239.5,12245.5
1748210844594.0,12239.6,12245.6
1748210845118.0,12239.3,12245.3
1748210845789.0,12239.1,12245.1
1748210845886.0,12240.4,12246.4
1748210848233.0,12240.2,12246.2
1748210848456.0,12239.3,12245.3
1748210849214.0,12239.6,12245.6
1748210849615.0,12239.5,12245.5
1748210850336.0,12239.9,12245.9
1748210850607.0,12240.1,12246.1
1748210851058.0,12242.3,12248.3
1748210851282.0,12241.7,12247.7
1748210851509.0,12242.3,12248.3
1748210851731.0,12242.6,12248.6
1748210852010.0,12242.7,12248.7
1748210852314.0,12242.6,12248.6
1748210852539.0,12243.0,12249.0
1748210852668.0,12243.1,12249.1
1748210852765.0,12244.5,12250.5
1748210852990.0,12244.1,12250.1
1748210853150.0,12244.2,12250.2
1748210853438.0,12243.6,12249.6
1748210854144.0,12242.7,12248.7
1748210854546.0,12242.1,12248.1
1748210855935.0,12241.8,12247.8
1748210856287.0,12241.3,12247.3
1748210856385.0,12241.7,12247.7
1748210856609.0,12241.8,12247.8
1748210857055.0,12242.1,12248.1
1748210857185.0,12242.2,12248.2
1748210857282.0,12243.6,12249.6
1748210857504.0,12243.0,12249.0
1748210857874.0,12243.5,12249.5
1748210858486.0,12243.6,12249.6
1748210858777.0,12243.5,12249.5
1748210858926.0,12243.6,12249.6
1748210859228.0,12242.9,12248.9
1748210859597.0,12242.7,12248.7
1748210860040.0,12242.3,12248.3
1748210861354.0,12243.9,12249.9
1748210861767.0,12244.2,12250.2
1748210862714.0,12244.1,12250.1
1748210863134.0,12244.0,12250.0
1748210863231.0,12242.4,12248.4
1748210863778.0,12242.5,12248.5
1748210863874.0,12242.7,12248.7
1748210864304.0,12242.8,12248.8
1748210864400.0,12243.5,12249.5
1748210865395.0,12243.3,12249.3
1748210865765.0,12242.6,12248.6
1748210866068.0,12240.7,12246.7
1748210866868.0,12240.6,12246.6
1748210866966.0,12240.5,12246.5
1748210867189.0,12240.4,12246.4
1748210867962.0,12241.4,12247.4
1748210868361.0,12241.7,12247.7
1748210869322.0,12242.1,12248.1
1748210869450.0,12242.2,12248.2
1748210869549.0,12242.4,12248.4
1748210869772.0,12242.1,12248.1
1748210870497.0,12241.8,12247.8
1748210870944.0,12242.3,12248.3
1748210871517.0,12242.2,12248.2
1748210871616.0,12242.7,12248.7
1748210872529.0,12243.0,12249.0
1748210873492.0,12242.9,12248.9
1748210873783.0,12242.1,12248.1
1748210874009.0,12242.4,12248.4
1748210874857.0,12242.1,12248.1
1748210875368.0,12242.2,12248.2
1748210875592.0,12242.5,12248.5
1748210875690.0,12242.9,12248.9
1748210876228.0,12242.9,12248.9
1748210876439.0,12243.0,12249.0
1748210876647.0,12243.1,12249.1
1748210876889.0,12244.1,12250.1
1748210877567.0,12245.1,12251.1
1748210877792.0,12245.3,12251.3
1748210878014.0,12246.0,12252.0
1748210878566.0,12246.2,12252.2
1748210879026.0,12246.0,12252.0
1748210879757.0,12246.2,12252.2
1748210879983.0,12244.8,12250.8
1748210880357.0,12244.1,12250.1
1748210880652.0,12244.2,12250.2
1748210880953.0,12244.1,12250.1
1748210881601.0,12246.5,12252.5
1748210881951.0,12246.1,12252.1
1748210882178.0,12245.2,12251.2
1748210882277.0,12246.2,12252.2
1748210882497.0,12246.5,12252.5
1748210882936.0,12246.6,12252.6
1748210883163.0,12248.3,12254.3
1748210883387.0,12247.2,12253.2
1748210884114.0,12248.6,12254.6
1748210884336.0,12248.3,12254.3
1748210884715.0,12248.6,12254.6
1748210884937.0,12249.1,12255.1
1748210885096.0,12248.9,12254.9
1748210885387.0,12249.9,12255.9
1748210885932.0,12249.1,12255.1
1748210886239.0,12251.5,12257.5
1748210886461.0,12252.0,12258.0
1748210886777.0,12250.5,12256.5
1748210887000.0,12250.4,12256.4
1748210887285.0,12249.6,12255.6
1748210887512.0,12252.0,12258.0
1748210887733.0,12250.0,12256.0
1748210887959.0,12249.8,12255.8
1748210888186.0,12251.2,12257.2
1748210888536.0,12252.3,12258.3
1748210888764.0,12254.0,12260.0
1748210888862.0,12257.7,12263.7
1748210889084.0,12258.3,12264.3
1748210889212.0,12258.4,12264.4
1748210889310.0,12258.8,12264.8
1748210889533.0,12259.2,12265.2
1748210889698.0,12259.4,12265.4
1748210890062.0,12257.7,12263.7
1748210890289.0,12258.8,12264.8
1748210890736.0,12257.3,12263.3
1748210890960.0,12257.0,12263.0
1748210891278.0,12257.1,12263.1
1748210891504.0,12254.9,12260.9
1748210891725.0,12253.0,12259.0
1748210892284.0,12252.3,12258.3
1748210892604.0,12251.2,12257.2
1748210893311.0,12251.3,12257.3
1748210893603.0,12251.2,12257.2
1748210893827.0,12250.6,12256.6
1748210894054.0,12251.6,12257.6
1748210894404.0,12252.0,12258.0
1748210894505.0,12254.6,12260.6
1748210894727.0,12252.4,12258.4
1748210895081.0,12253.5,12259.5
1748210895180.0,12252.5,12258.5
1748210895402.0,12252.4,12258.4
1748210895626.0,12252.5,12258.5
1748210896021.0,12252.2,12258.2
1748210896247.0,12253.4,12259.4
1748210896619.0,12253.6,12259.6
1748210896845.0,12254.0,12260.0
1748210897069.0,12253.1,12259.1
1748210897295.0,12252.4,12258.4
1748210897521.0,12252.2,12258.2
1748210897744.0,12252.4,12258.4
1748210897969.0,12252.5,12258.5
1748210898196.0,12252.8,12258.8
1748210898468.0,12253.6,12259.6
1748210898694.0,12253.1,12259.1
1748210898917.0,12253.6,12259.6
1748210899143.0,12253.0,12259.0
1748210899368.0,12252.7,12258.7
1748210899819.0,12252.7,12258.7
1748210900044.0,12253.0,12259.0
1748210900269.0,12252.8,12258.8
1748210900668.0,12252.5,12258.5
1748210901407.0,12250.2,12256.2
1748210901506.0,12250.4,12256.4
1748210901732.0,12249.5,12255.5
1748210901888.0,12249.4,12255.4
1748210902307.0,12249.0,12255.0
1748210902406.0,12249.4,12255.4
1748210902634.0,12249.1,12255.1
1748210902857.0,12250.0,12256.0
1748210903012.0,12250.1,12256.1
1748210903306.0,12250.3,12256.3
1748210903533.0,12249.4,12255.4
1748210903886.0,12249.9,12255.9
1748210904207.0,12250.2,12256.2
1748210904453.0,12250.3,12256.3
1748210904756.0,12249.8,12255.8
1748210905198.0,12249.2,12255.2
1748210905424.0,12249.4,12255.4
1748210905800.0,12249.5,12255.5
1748210906026.0,12249.2,12255.2
1748210906152.0,12249.3,12255.3
1748210906399.0,12250.1,12256.1
1748210906701.0,12250.4,12256.4
1748210906848.0,12250.3,12256.3
1748210907150.0,12250.6,12256.6
1748210907376.0,12251.2,12257.2
1748210908940.0,12251.3,12257.3
1748210909558.0,12251.8,12257.8
1748210909801.0,12251.9,12257.9
1748210910103.0,12252.4,12258.4
1748210910329.0,12252.2,12258.2
1748210910554.0,12252.5,12258.5
1748210910778.0,12252.2,12258.2
1748210911155.0,12251.9,12257.9
1748210911447.0,12252.4,12258.4
1748210911672.0,12251.8,12257.8
1748210911897.0,12251.3,12257.3
1748210912699.0,12251.2,12257.2
1748210912923.0,12250.6,12256.6
1748210913442.0,12251.0,12257.0
1748210913668.0,12251.5,12257.5
1748210913891.0,12251.8,12257.8
1748210914365.0,12252.5,12258.5
1748210914587.0,12251.8,12257.8
1748210914812.0,12252.2,12258.2
1748210915221.0,12252.4,12258.4
1748210915445.0,12251.9,12257.9
1748210915593.0,12252.2,12258.2
1748210915896.0,12252.4,12258.4
1748210916122.0,12251.9,12257.9
1748210916344.0,12251.5,12257.5
1748210916748.0,12251.2,12257.2
1748210916972.0,12251.0,12257.0
1748210917565.0,12251.2,12257.2
1748210918066.0,12250.7,12256.7
1748210919616.0,12250.4,12256.4
1748210919858.0,12250.6,12256.6
1748210920259.0,12250.7,12256.7
1748210920484.0,12250.1,12256.1
1748210920706.0,12250.3,12256.3
1748210921139.0,12250.4,12256.4
1748210921492.0,12250.3,12256.3
1748210921793.0,12249.4,12255.4
1748210922021.0,12249.1,12255.1
1748210922608.0,12249.2,12255.2
1748210922832.0,12248.6,12254.6
1748210923209.0,12248.2,12254.2
1748210924497.0,12247.8,12253.8
1748210924720.0,12247.9,12253.9
1748210924945.0,12247.8,12253.8
1748210925301.0,12248.1,12254.1
1748210925525.0,12249.1,12255.1
1748210925751.0,12248.1,12254.1
1748210925974.0,12248.4,12254.4
1748210926202.0,12248.2,12254.2
1748210926440.0,12248.4,12254.4
1748210926742.0,12248.9,12254.9
1748210927682.0,12248.1,12254.1
1748210927808.0,12248.3,12254.3
1748210927906.0,12254.6,12260.6
1748210928130.0,12253.9,12259.9
1748210928978.0,12253.7,12259.7
1748210929280.0,12253.9,12259.9
1748210929957.0,12253.4,12259.4
1748210930259.0,12254.0,12260.0
1748210930408.0,12253.9,12259.9
1748210930910.0,12254.2,12260.2
1748210931134.0,12253.7,12259.7
1748210932012.0,12252.5,12258.5
1748210932237.0,12251.3,12257.3
1748210932459.0,12251.2,12257.2
1748210932683.0,12252.4,12258.4
1748210933038.0,12253.5,12259.5
1748210933136.0,12252.8,12258.8
1748210933359.0,12252.4,12258.4
1748210933585.0,12251.8,12257.8
1748210933896.0,12253.7,12259.7
1748210936115.0,12253.0,12259.0
1748210936759.0,12252.7,12258.7
1748210936986.0,12252.4,12258.4
1748210937467.0,12252.3,12258.3
1748210937563.0,12250.1,12256.1
1748210938370.0,12249.4,12255.4
1748210939563.0,12249.5,12255.5
1748210939787.0,12249.2,12255.2
1748210940646.0,12249.4,12255.4
1748210941999.0,12249.1,12255.1
1748210942222.0,12248.8,12254.8
1748210943097.0,12248.3,12254.3
1748210943195.0,12247.8,12253.8
1748210943419.0,12246.9,12252.9
1748210943792.0,12246.7,12252.7
1748210944018.0,12246.9,12252.9
1748210944321.0,12246.4,12252.4
1748210945155.0,12247.0,12253.0
1748210945375.0,12246.7,12252.7
1748210945671.0,12246.8,12252.8
1748210945766.0,12248.2,12254.2
1748210945991.0,12247.9,12253.9
1748210947777.0,12247.8,12253.8
1748210947900.0,12247.7,12253.7
1748210947999.0,12247.0,12253.0
1748210948412.0,12247.6,12253.6
1748210948840.0,12246.0,12252.0
1748210949985.0,12245.8,12251.8
1748210950277.0,12246.4,12252.4
1748210950424.0,12246.6,12252.6
1748210951629.0,12246.7,12252.7
1748210952294.0,12246.6,12252.6
1748210952521.0,12245.7,12251.7
1748210952743.0,12246.0,12252.0
1748210952969.0,12248.4,12254.4
1748210953572.0,12248.3,12254.3
1748210953795.0,12248.0,12254.0
1748210953893.0,12247.3,12253.3
1748210954376.0,12247.8,12253.8
1748210955863.0,12247.7,12253.7
1748210955960.0,12247.2,12253.2
1748210956182.0,12247.0,12253.0
1748210956926.0,12246.9,12252.9
1748210957154.0,12245.8,12251.8
1748210957437.0,12245.7,12251.7
1748210957740.0,12245.4,12251.4
1748210958545.0,12245.2,12251.2
1748210958757.0,12244.9,12250.9
1748210959058.0,12245.4,12251.4
1748210959612.0,12244.9,12250.9
1748210959837.0,12244.5,12250.5
1748210960240.0,12244.8,12250.8
1748210960464.0,12244.9,12250.9
1748210960691.0,12244.5,12250.5
1748210960839.0,12244.3,12250.3
1748210961139.0,12244.0,12250.0
1748210961960.0,12244.3,12250.3
1748210962186.0,12244.0,12250.0
1748210962334.0,12243.7,12249.7
1748210962797.0,12243.8,12249.8
1748210963016.0,12245.3,12251.3
1748210963340.0,12245.4,12251.4
1748210964754.0,12247.0,12253.0
1748210965842.0,12247.3,12253.3
1748210966065.0,12247.8,12253.8
1748210966291.0,12247.9,12253.9
1748210966519.0,12247.8,12253.8
1748210966894.0,12247.6,12253.6
1748210967120.0,12247.8,12253.8
1748210967703.0,12247.6,12253.6
1748210968213.0,12247.8,12253.8
1748210968437.0,12247.9,12253.9
1748210968662.0,12247.6,12253.6
1748210969807.0,12247.8,12253.8
1748210970431.0,12247.9,12253.9
1748210970830.0,12247.3,12253.3
1748210970978.0,12247.6,12253.6
1748210971282.0,12247.2,12253.2
1748210971503.0,12247.0,12253.0
1748210973369.0,12246.7,12252.7
1748210974689.0,12246.8,12252.8
1748210974784.0,12248.9,12254.9
1748210975193.0,12249.1,12255.1
1748210975543.0,12250.2,12256.2
1748210975642.0,12250.4,12256.4
1748210975865.0,12251.0,12257.0
1748210976093.0,12253.0,12259.0
1748210976315.0,12253.1,12259.1
1748210976542.0,12253.6,12259.6
1748210976766.0,12253.9,12259.9
1748210977223.0,12253.6,12259.6
1748210977448.0,12253.9,12259.9
1748210977902.0,12253.7,12259.7
1748210979127.0,12253.9,12259.9
1748210979780.0,12253.7,12259.7
1748210980168.0,12253.9,12259.9
1748210980391.0,12253.4,12259.4
1748210980617.0,12253.0,12259.0
1748210981154.0,12252.8,12258.8
1748210981718.0,12252.7,12258.7
1748210982055.0,12252.6,12258.6
1748210982150.0,12251.0,12257.0
1748210982774.0,12251.6,12257.6
1748210983108.0,12251.8,12257.8
1748210983398.0,12252.2,12258.2
1748210983643.0,12252.4,12258.4
1748210983868.0,12251.9,12257.9
1748210984093.0,12251.3,12257.3
1748210984317.0,12251.2,12257.2
1748210984647.0,12251.6,12257.6
1748210984965.0,12251.3,12257.3
1748210985192.0,12251.6,12257.6
1748210985497.0,12251.3,12257.3
1748210985625.0,12251.4,12257.4
1748210985724.0,12252.2,12258.2
1748210986097.0,12251.6,12257.6
1748210986321.0,12250.1,12256.1
1748210987080.0,12250.2,12256.2
1748210987177.0,12250.4,12256.4
1748210987545.0,12250.5,12256.5
1748210987641.0,12251.2,12257.2
1748210988041.0,12250.7,12256.7
1748210988979.0,12251.0,12257.0
1748210989203.0,12250.7,12256.7
1748210989891.0,12251.5,12257.5
1748210990116.0,12251.2,12257.2
1748210990339.0,12251.0,12257.0
1748210990667.0,12250.7,12256.7
1748210991065.0,12250.4,12256.4
1748210991289.0,12250.6,12256.6
1748210991514.0,12250.7,12256.7
1748210992087.0,12251.2,12257.2
1748210992240.0,12251.3,12257.3
1748210992462.0,12251.5,12257.5
1748210993410.0,12251.8,12257.8
1748210994392.0,12253.6,12259.6
1748210994615.0,12253.1,12259.1
1748210995989.0,12253.0,12259.0
1748210996214.0,12252.4,12258.4
1748210997515.0,12251.8,12257.8
1748210997752.0,12251.9,12257.9
1748210997976.0,12252.2,12258.2
1748210998282.0,12252.5,12258.5
1748210998504.0,12252.7,12258.7
1748210998730.0,12252.5,12258.5
1748211000120.0,12251.8,12257.8
1748211000345.0,12252.2,12258.2
1748211000471.0,12252.3,12258.3
1748211000571.0,12253.1,12259.1
1748211001212.0,12252.7,12258.7
1748211001439.0,12251.6,12257.6
1748211001660.0,12251.2,12257.2
1748211002274.0,12251.3,12257.3
1748211002563.0,12251.2,12257.2
1748211002789.0,12251.5,12257.5
1748211003013.0,12250.7,12256.7
1748211003355.0,12250.6,12256.6
1748211003649.0,12250.7,12256.7
1748211003776.0,12250.8,12256.8
1748211003872.0,12251.8,12257.8
1748211004671.0,12251.9,12257.9
1748211004884.0,12252.2,12258.2
1748211007527.0,12252.3,12258.3
1748211007620.0,12253.0,12259.0
1748211008287.0,12254.2,12260.2
1748211008509.0,12254.6,12260.6
1748211008734.0,12254.9,12260.9
1748211008959.0,12255.5,12261.5
1748211009184.0,12256.1,12262.1
1748211009409.0,12256.0,12262.0
1748211009885.0,12255.9,12261.9
1748211009980.0,12255.5,12261.5
1748211010205.0,12254.9,12260.9
1748211010430.0,12255.2,12261.2
1748211010654.0,12255.1,12261.1
1748211010879.0,12254.9,12260.9
1748211011103.0,12254.6,12260.6
1748211012326.0,12253.7,12259.7
1748211012984.0,12253.9,12259.9
1748211014129.0,12254.0,12260.0
1748211014350.0,12253.7,12259.7
1748211015523.0,12253.9,12259.9
1748211015923.0,12252.4,12258.4
1748211016896.0,12251.8,12257.8
1748211017333.0,12251.6,12257.6
1748211017556.0,12251.5,12257.5
1748211017783.0,12252.4,12258.4
1748211018009.0,12251.8,12257.8
1748211018561.0,12251.5,12257.5
1748211018783.0,12252.5,12258.5
1748211019008.0,12252.2,12258.2
1748211019543.0,12252.4,12258.4
1748211019766.0,12253.0,12259.0
1748211019991.0,12252.8,12258.8
1748211020435.0,12253.1,12259.1
1748211020658.0,12252.8,12258.8
1748211020885.0,12253.1,12259.1
1748211021555.0,12253.6,12259.6
1748211022226.0,12253.9,12259.9
1748211022438.0,12253.7,12259.7
1748211022665.0,12253.6,12259.6
1748211022966.0,12253.1,12259.1
1748211023758.0,12252.5,12258.5
1748211024754.0,12251.9,12257.9
1748211024978.0,12252.5,12258.5
1748211026941.0,12252.2,12258.2
1748211027166.0,12252.7,12258.7
1748211027391.0,12252.4,12258.4
1748211027721.0,12252.2,12258.2
1748211027945.0,12251.6,12257.6
1748211028386.0,12251.5,12257.5
1748211028786.0,12251.2,12257.2
1748211029643.0,12251.3,12257.3
1748211029856.0,12251.5,12257.5
1748211031182.0,12251.6,12257.6
1748211031470.0,12251.2,12257.2
1748211031799.0,12251.3,12257.3
1748211032028.0,12251.5,12257.5
1748211032610.0,12250.7,12256.7
1748211033544.0,12250.3,12256.3
1748211033767.0,12250.4,12256.4
1748211034977.0,12249.5,12255.5
1748211035975.0,12250.1,12256.1
1748211036199.0,12249.8,12255.8
1748211036424.0,12249.4,12255.4
1748211036970.0,12248.8,12254.8
1748211037193.0,12249.4,12255.4
1748211037656.0,12248.8,12254.8
1748211038678.0,12248.9,12254.9
1748211038803.0,12249.0,12255.0
1748211038902.0,12249.1,12255.1
1748211040091.0,12249.2,12255.2
1748211040236.0,12249.1,12255.1
1748211040799.0,12249.8,12255.8
1748211041264.0,12249.5,12255.5
1748211041488.0,12249.2,12255.2
1748211041873.0,12249.4,12255.4
1748211043334.0,12249.1,12255.1
1748211043556.0,12249.2,12255.2
1748211044057.0,12249.3,12255.3
1748211044153.0,12249.4,12255.4
1748211044377.0,12249.1,12255.1
1748211044601.0,12249.2,12255.2
1748211045052.0,12249.3,12255.3
1748211045373.0,12249.4,12255.4
1748211045598.0,12250.7,12256.7
1748211045824.0,12251.2,12257.2
1748211046149.0,12251.5,12257.5
1748211046710.0,12253.0,12259.0
1748211046935.0,12252.7,12258.7
1748211047160.0,12252.5,12258.5
1748211047839.0,12252.4,12258.4
1748211048432.0,12251.8,12257.8
1748211049131.0,12251.6,12257.6
1748211049354.0,12251.3,12257.3
1748211050179.0,12251.2,12257.2
1748211050581.0,12250.4,12256.4
1748211051007.0,12249.8,12255.8
1748211052261.0,12249.4,12255.4
1748211052792.0,12249.2,12255.2
1748211053095.0,12249.4,12255.4
1748211054282.0,12249.1,12255.1
1748211054638.0,12248.9,12254.9
1748211054862.0,12248.8,12254.8
1748211055164.0,12248.9,12254.9
1748211055389.0,12249.1,12255.1
1748211055738.0,12248.8,12254.8
1748211056274.0,12248.9,12254.9
1748211056421.0,12248.8,12254.8
1748211056910.0,12248.9,12254.9
1748211057040.0,12249.0,12255.0
1748211057137.0,12249.4,12255.4
1748211058499.0,12249.3,12255.3
1748211058593.0,12247.9,12253.9
1748211059242.0,12247.8,12253.8
1748211060111.0,12247.7,12253.7
1748211060208.0,12247.6,12253.6
1748211060431.0,12247.8,12253.8
1748211061635.0,12247.7,12253.7
1748211061732.0,12247.6,12253.6
1748211062136.0,12247.8,12253.8
1748211063198.0,12247.7,12253.7
1748211063293.0,12247.0,12253.0
1748211064555.0,12247.2,12253.2
1748211064845.0,12247.0,12253.0
1748211065344.0,12246.6,12252.6
1748211065787.0,12246.4,12252.4
1748211066918.0,12245.7,12251.7
1748211067373.0,12245.8,12251.8
1748211067521.0,12245.7,12251.7
1748211067823.0,12246.3,12252.3
1748211068200.0,12246.6,12252.6
1748211068350.0,12246.7,12252.7
1748211068648.0,12246.6,12252.6
1748211068986.0,12246.7,12252.7
1748211070145.0,12246.0,12252.0
1748211070540.0,12245.8,12251.8
1748211070840.0,12246.4,12252.4
1748211071063.0,12246.3,12252.3
1748211071291.0,12246.0,12252.0
1748211071515.0,12246.6,12252.6
1748211071641.0,12246.5,12252.5
1748211071739.0,12246.0,12252.0
1748211072010.0,12246.3,12252.3
1748211073014.0,12245.8,12251.8
1748211073239.0,12246.7,12252.7
1748211073900.0,12246.6,12252.6
1748211074204.0,12246.5,12252.5
1748211074303.0,12246.0,12252.0
1748211074854.0,12245.8,12251.8
1748211075158.0,12246.3,12252.3
1748211075306.0,12246.4,12252.4
1748211075605.0,12246.3,12252.3
1748211076670.0,12246.4,12252.4
1748211076964.0,12246.0,12252.0
1748211077764.0,12245.5,12251.5
1748211077991.0,12245.7,12251.7
1748211080114.0,12245.5,12251.5
1748211080660.0,12245.4,12251.4
1748211081457.0,12245.2,12251.2
1748211083199.0,12245.8,12251.8
1748211083421.0,12245.4,12251.4
1748211083827.0,12245.5,12251.5
1748211084052.0,12245.7,12251.7
1748211084480.0,12245.5,12251.5
1748211085169.0,12245.8,12251.8
1748211085390.0,12245.4,12251.4
1748211086454.0,12245.2,12251.2
1748211086747.0,12244.8,12250.8
1748211086971.0,12244.9,12250.9
1748211087755.0,12245.2,12251.2
1748211087979.0,12245.4,12251.4
1748211088206.0,12244.9,12250.9
1748211089791.0,12245.2,12251.2
1748211090015.0,12245.4,12251.4
1748211090711.0,12245.2,12251.2
1748211091599.0,12244.3,12250.3
1748211092326.0,12243.8,12249.8
1748211092425.0,12244.5,12250.5
1748211092647.0,12244.2,12250.2
1748211092796.0,12244.0,12250.0
1748211094351.0,12244.2,12250.2
1748211094576.0,12244.3,12250.3
1748211094799.0,12244.5,12250.5
1748211095024.0,12244.6,12250.6
1748211095252.0,12244.3,12250.3
1748211095778.0,12244.6,12250.6
1748211096918.0,12244.8,12250.8
1748211097142.0,12244.9,12250.9
1748211097365.0,12245.5,12251.5
1748211097637.0,12245.4,12251.4
1748211099231.0,12245.5,12251.5
1748211100223.0,12245.7,12251.7
1748211101393.0,12246.7,12252.7
1748211102749.0,12246.7,12252.7
1748211103767.0,12246.9,12252.9
1748211104236.0,12246.6,12252.6
1748211104809.0,12246.7,12252.7
1748211105564.0,12246.6,12252.6
1748211106210.0,12245.8,12251.8
1748211106354.0,12245.7,12251.7
1748211107967.0,12245.8,12251.8
1748211108614.0,12245.4,12251.4
1748211108837.0,12244.9,12250.9
1748211109257.0,12245.4,12251.4
1748211110286.0,12245.5,12251.5
1748211110512.0,12245.7,12251.7
1748211112656.0,12245.5,12251.5
1748211113943.0,12245.7,12251.7
1748211114830.0,12245.2,12251.2
1748211117413.0,12244.9,12250.9
1748211118278.0,12245.7,12251.7
1748211119480.0,12245.5,12251.5
1748211119945.0,12244.3,12250.3
1748211120455.0,12244.5,12250.5
1748211122326.0,12244.6,12250.6
1748211123180.0,12243.7,12249.7
1748211123864.0,12244.0,12250.0
1748211125437.0,12244.2,12250.2
1748211125828.0,12244.0,12250.0
1748211126036.0,12244.1,12250.1
1748211126135.0,12246.9,12252.9
1748211126355.0,12248.1,12254.1
1748211126668.0,12248.2,12254.2
1748211126969.0,12248.8,12254.8
1748211127805.0,12248.9,12254.9
1748211128208.0,12249.2,12255.2
1748211128432.0,12248.9,12254.9
1748211128931.0,12248.8,12254.8
1748211129800.0,12248.6,12254.6
1748211130015.0,12248.4,12254.4
1748211134181.0,12248.3,12254.3
1748211134274.0,12247.8,12253.8
1748211134496.0,12247.6,12253.6
1748211135170.0,12247.8,12253.8
1748211136528.0,12247.9,12253.9
1748211139141.0,12247.4,12253.4
1748211139240.0,12248.8,12254.8
1748211139462.0,12248.9,12254.9
1748211139590.0,12249.0,12255.0
1748211139689.0,12249.1,12255.1
1748211139944.0,12249.2,12255.2
1748211140171.0,12248.9,12254.9
1748211140618.0,12248.8,12254.8
1748211141809.0,12248.6,12254.6
1748211142025.0,12248.4,12254.4
1748211142325.0,12248.2,12254.2
1748211142471.0,12248.4,12254.4
1748211142869.0,12248.6,12254.6
1748211143988.0,12248.7,12254.7
1748211144210.0,12249.0,12255.0
1748211144309.0,12249.1,12255.1
1748211144671.0,12248.9,12254.9
1748211144974.0,12249.1,12255.1
1748211145598.0,12248.9,12254.9
1748211145812.0,12248.8,12254.8
1748211146704.0,12248.9,12254.9
1748211146849.0,12248.8,12254.8
1748211147993.0,12249.2,12255.2
1748211149391.0,12248.8,12254.8
1748211149994.0,12248.6,12254.6
1748211151196.0,12248.8,12254.8
1748211152004.0,12248.6,12254.6
1748211152310.0,12247.9,12253.9
1748211153805.0,12248.4,12254.4
1748211153933.0,12248.3,12254.3
1748211154031.0,12248.2,12254.2
1748211154875.0,12248.4,12254.4
1748211155399.0,12248.6,12254.6
1748211156838.0,12248.8,12254.8
1748211157589.0,12248.9,12254.9
1748211158405.0,12249.0,12255.0
1748211158501.0,12249.2,12255.2
1748211158724.0,12251.0,12257.0
1748211158950.0,12255.2,12261.2
1748211159175.0,12255.8,12261.8
1748211159398.0,12254.9,12260.9
1748211159549.0,12255.1,12261.1
1748211160278.0,12254.2,12260.2
1748211160502.0,12254.9,12260.9
1748211160726.0,12254.6,12260.6
1748211161129.0,12254.0,12260.0
1748211161350.0,12254.6,12260.6
1748211162184.0,12254.8,12260.8
1748211162473.0,12254.5,12260.5
1748211162700.0,12253.9,12259.9
1748211162924.0,12254.6,12260.6
1748211163152.0,12254.2,12260.2
1748211163373.0,12253.9,12259.9
1748211164696.0,12254.0,12260.0
1748211164920.0,12254.2,12260.2
1748211165615.0,12253.9,12259.9
1748211166157.0,12253.4,12259.4
1748211166381.0,12253.7,12259.7
1748211166607.0,12253.4,12259.4
1748211167015.0,12252.8,12258.8
1748211167241.0,12253.4,12259.4
1748211167997.0,12253.1,12259.1
1748211169797.0,12253.0,12259.0
1748211170023.0,12252.2,12258.2
1748211170151.0,12252.3,12258.3
1748211170250.0,12253.0,12259.0
1748211170654.0,12252.5,12258.5
1748211170879.0,12252.8,12258.8
1748211171257.0,12252.7,12258.7
1748211171481.0,12252.4,12258.4
1748211171980.0,12252.8,12258.8
1748211172586.0,12253.0,12259.0
1748211172811.0,12253.1,12259.1
1748211173577.0,12253.6,12259.6
1748211175090.0,12254.5,12260.5
1748211175316.0,12253.9,12259.9
1748211176018.0,12253.7,12259.7
1748211177271.0,12254.2,12260.2
1748211177419.0,12254.0,12260.0
1748211178104.0,12254.5,12260.5
1748211178331.0,12254.0,12260.0
1748211178552.0,12254.2,12260.2
1748211178904.0,12254.9,12260.9
1748211179128.0,12254.8,12260.8
1748211179352.0,12254.6,12260.6
1748211179501.0,12254.8,12260.8
1748211180334.0,12254.9,12260.9
1748211181338.0,12254.6,12260.6
1748211181563.0,12254.9,12260.9
1748211183805.0,12254.8,12260.8
1748211183955.0,12254.9,12260.9
1748211184383.0,12254.7,12260.7
1748211184483.0,12256.0,12262.0
1748211184705.0,12256.6,12262.6
1748211185402.0,12256.5,12262.5
1748211185497.0,12256.4,12262.4
1748211185716.0,12256.3,12262.3
1748211185946.0,12255.8,12261.8
1748211186451.0,12256.3,12262.3
1748211187442.0,12256.8,12262.8
1748211187569.0,12256.9,12262.9
1748211187667.0,12257.3,12263.3
1748211188887.0,12257.0,12263.0
1748211189435.0,12257.3,12263.3
1748211189657.0,12257.0,12263.0
1748211190009.0,12257.2,12263.2
1748211190107.0,12257.3,12263.3
1748211191449.0,12257.4,12263.4
1748211191597.0,12257.3,12263.3
1748211191899.0,12257.6,12263.6
1748211192371.0,12257.0,12263.0
1748211192554.0,12256.8,12262.8
1748211192858.0,12256.1,12262.1
1748211193233.0,12256.3,12262.3
1748211194679.0,12256.2,12262.2
1748211194775.0,12256.0,12262.0
1748211195476.0,12256.1,12262.1
1748211195779.0,12256.6,12262.6
1748211195905.0,12256.5,12262.5
1748211196005.0,12256.4,12262.4
1748211196997.0,12256.3,12262.3
1748211197655.0,12257.7,12263.7
1748211197878.0,12257.4,12263.4
1748211198235.0,12257.5,12263.5
1748211198331.0,12258.0,12264.0
1748211198556.0,12258.3,12264.3
1748211198706.0,12258.2,12264.2
1748211199138.0,12257.0,12263.0
1748211199362.0,12256.3,12262.3
1748211200013.0,12258.6,12264.6
1748211200239.0,12258.0,12264.0
1748211202418.0,12258.2,12264.2
1748211202566.0,12258.0,12264.0
1748211203568.0,12257.7,12263.7
1748211204176.0,12257.8,12263.8
1748211204271.0,12258.0,12264.0
1748211204671.0,12257.6,12263.6
1748211205885.0,12257.4,12263.4
1748211206251.0,12257.5,12263.5
1748211206349.0,12257.6,12263.6
1748211206572.0,12257.7,12263.7
1748211207069.0,12258.0,12264.0
1748211207294.0,12258.2,12264.2
1748211208804.0,12258.0,12264.0
1748211209125.0,12257.7,12263.7
1748211209418.0,12257.6,12263.6
1748211210894.0,12258.0,12264.0
1748211211748.0,12257.6,12263.6
1748211212028.0,12257.7,12263.7
1748211212254.0,12257.6,12263.6
1748211212402.0,12257.4,12263.4
1748211212629.0,12257.3,12263.3
1748211213601.0,12258.2,12264.2
1748211213975.0,12257.7,12263.7
1748211214646.0,12258.0,12264.0
1748211214868.0,12258.2,12264.2
1748211215018.0,12258.0,12264.0
1748211215242.0,12257.7,12263.7
1748211216050.0,12257.8,12263.8
1748211216146.0,12258.3,12264.3
1748211216636.0,12258.0,12264.0
1748211216864.0,12258.2,12264.2
1748211217282.0,12258.3,12264.3
1748211218314.0,12258.5,12264.5
1748211218535.0,12258.2,12264.2
1748211219419.0,12258.5,12264.5
1748211220294.0,12258.6,12264.6
1748211221090.0,12258.8,12264.8
1748211221244.0,12258.6,12264.6
1748211221969.0,12258.8,12264.8
1748211222129.0,12258.6,12264.6
1748211223446.0,12258.5,12264.5
1748211224241.0,12258.6,12264.6
1748211224575.0,12258.5,12264.5
1748211225432.0,12258.3,12264.3
1748211228495.0,12258.5,12264.5
1748211228814.0,12258.3,12264.3
1748211229938.0,12258.5,12264.5
1748211230366.0,12258.3,12264.3
1748211231262.0,12258.2,12264.2
1748211231555.0,12257.7,12263.7
1748211231781.0,12257.6,12263.6
1748211232156.0,12257.4,12263.4
1748211232542.0,12257.3,12263.3
1748211233215.0,12257.1,12263.1
1748211233652.0,12257.2,12263.2
1748211233749.0,12257.3,12263.3
1748211234547.0,12257.7,12263.7
1748211235396.0,12257.8,12263.8
1748211235494.0,12258.0,12264.0
1748211235649.0,12257.7,12263.7
1748211237480.0,12258.0,12264.0
1748211238179.0,12257.7,12263.7
1748211238524.0,12258.0,12264.0
1748211240374.0,12257.7,12263.7
1748211244901.0,12256.4,12262.4
1748211245124.0,12256.0,12262.0
1748211245272.0,12256.1,12262.1
1748211245570.0,12256.0,12262.0
1748211247420.0,12256.3,12262.3
1748211247864.0,12256.4,12262.4
1748211248295.0,12256.2,12262.2
1748211248394.0,12255.4,12261.4
1748211248618.0,12255.2,12261.2
1748211248766.0,12255.4,12261.4
1748211249879.0,12255.8,12261.8
1748211251180.0,12256.3,12262.3
1748211251717.0,12256.1,12262.1
1748211251862.0,12256.3,12262.3
1748211253129.0,12256.2,12262.2
1748211253225.0,12255.2,12261.2
1748211254241.0,12254.8,12260.8
1748211255824.0,12254.5,12260.5
1748211256548.0,12254.0,12260.0
1748211257316.0,12253.9,12259.9
1748211257611.0,12253.7,12259.7
1748211257911.0,12253.9,12259.9
1748211258818.0,12254.0,12260.0
1748211259045.0,12253.7,12259.7
1748211259269.0,12253.9,12259.9
1748211260960.0,12254.0,12260.0
1748211261189.0,12253.7,12259.7
1748211261413.0,12253.9,12259.9
1748211261985.0,12254.6,12260.6
1748211262478.0,12254.8,12260.8
1748211262769.0,12254.6,12260.6
1748211265625.0,12254.5,12260.5
1748211266534.0,12253.9,12259.9
1748211266693.0,12253.7,12259.7
1748211268177.0,12253.4,12259.4
1748211269190.0,12253.6,12259.6
1748211269532.0,12253.7,12259.7
1748211269756.0,12253.9,12259.9
1748211270246.0,12253.7,12259.7
1748211270924.0,12253.1,12259.1
1748211271282.0,12253.0,12259.0
1748211271508.0,12252.7,12258.7
1748211271734.0,12252.4,12258.4
1748211272122.0,12252.3,12258.3
1748211272217.0,12251.5,12257.5
1748211273073.0,12251.3,12257.3
1748211273235.0,12251.5,12257.5
1748211273709.0,12251.6,12257.6
1748211273936.0,12251.8,12257.8
1748211274720.0,12251.9,12257.9
1748211276789.0,12252.2,12258.2
1748211277307.0,12251.6,12257.6
1748211277991.0,12251.8,12257.8
1748211284247.0,12255.5,12261.5
1748211285180.0,12255.8,12261.8
1748211285405.0,12255.5,12261.5
1748211287439.0,12255.4,12261.4
1748211287654.0,12255.5,12261.5
1748211289935.0,12255.8,12261.8
1748211290162.0,12255.5,12261.5
1748211290387.0,12255.2,12261.2
1748211290966.0,12254.9,12260.9
1748211291621.0,12255.1,12261.1
1748211291911.0,12254.9,12260.9
1748211293944.0,12255.1,12261.1
1748211294237.0,12255.5,12261.5
1748211294805.0,12255.8,12261.8
1748211295572.0,12255.4,12261.4
1748211296131.0,12255.2,12261.2
1748211297453.0,12253.9,12259.9
1748211297906.0,12254.0,12260.0
1748211298338.0,12254.6,12260.6
1748211299238.0,12254.8,12260.8
1748211300148.0,12254.9,12260.9
1748211302186.0,12255.1,12261.1
1748211302475.0,12254.8,12260.8
1748211302698.0,12254.5,12260.5
1748211302925.0,12254.8,12260.8
1748211303635.0,12255.1,12261.1
1748211304194.0,12255.2,12261.2
1748211304986.0,12255.5,12261.5
1748211306814.0,12255.2,12261.2
1748211307041.0,12256.1,12262.1
1748211309655.0,12256.3,12262.3
1748211310025.0,12256.2,12262.2
1748211310123.0,12254.9,12260.9
1748211310345.0,12254.8,12260.8
1748211310569.0,12254.6,12260.6
1748211310943.0,12255.2,12261.2
1748211312002.0,12254.9,12260.9
1748211312931.0,12254.5,12260.5
1748211313155.0,12255.1,12261.1
1748211313302.0,12255.2,12261.2
1748211313792.0,12255.4,12261.4
1748211314522.0,12255.2,12261.2
1748211315534.0,12255.0,12261.0
1748211315632.0,12254.6,12260.6
1748211316098.0,12254.5,12260.5
1748211316222.0,12254.4,12260.4
1748211316321.0,12253.9,12259.9
1748211316802.0,12253.4,12259.4
1748211317064.0,12253.6,12259.6
1748211318353.0,12253.6,12259.6
1748211318578.0,12253.4,12259.4
1748211319052.0,12253.6,12259.6
1748211319324.0,12253.4,12259.4
1748211319616.0,12253.7,12259.7
1748211319987.0,12253.9,12259.9
1748211320462.0,12254.0,12260.0
1748211320686.0,12254.6,12260.6
1748211320835.0,12254.8,12260.8
1748211321071.0,12254.9,12260.9
1748211321361.0,12254.8,12260.8
1748211323123.0,12254.2,12260.2
1748211324912.0,12254.5,12260.5
1748211328906.0,12251.8,12257.8
1748211330490.0,12251.5,12257.5
1748211331940.0,12251.8,12257.8
1748211332165.0,12251.4,12257.4
1748211332808.0,12251.2,12257.2
1748211333112.0,12249.9,12255.9
1748211333348.0,12249.7,12255.7
1748211333748.0,12249.0,12255.0
1748211334351.0,12249.6,12255.6
1748211334574.0,12248.8,12254.8
1748211334799.0,12248.7,12254.7
1748211335952.0,12248.8,12254.8
1748211336707.0,12248.7,12254.7
1748211337355.0,12248.4,12254.4
1748211337678.0,12248.5,12254.5
1748211339196.0,12248.7,12254.7
1748211339487.0,12249.0,12255.0
1748211340154.0,12249.1,12255.1
1748211340672.0,12249.3,12255.3
1748211340896.0,12249.6,12255.6
1748211341418.0,12249.3,12255.3
1748211345146.0,12249.6,12255.6
1748211346374.0,12249.3,12255.3
1748211346669.0,12249.7,12255.7
1748211346894.0,12249.0,12255.0
1748211349804.0,12248.7,12254.7
1748211350272.0,12249.3,12255.3
1748211350677.0,12249.0,12255.0
1748211350828.0,12249.1,12255.1
1748211351386.0,12249.0,12255.0
1748211352870.0,12248.8,12254.8
1748211353888.0,12249.0,12255.0
1748211354430.0,12247.5,12253.5
1748211354958.0,12247.4,12253.4
1748211356808.0,12247.1,12253.1
1748211360132.0,12247.7,12253.7
1748211361263.0,12247.5,12253.5
1748211362130.0,12247.6,12253.6
1748211362228.0,12247.7,12253.7
1748211362616.0,12247.5,12253.5
1748211367006.0,12248.1,12254.1
1748211367229.0,12247.8,12253.8
1748211367601.0,12247.9,12253.9
1748211367696.0,12248.3,12254.3
1748211368865.0,12248.1,12254.1
1748211369509.0,12248.2,12254.2
1748211369606.0,12248.7,12254.7
1748211369753.0,12248.9,12254.9
1748211371092.0,12248.4,12254.4
1748211373200.0,12248.3,12254.3
1748211373424.0,12248.1,12254.1
1748211373550.0,12248.2,12254.2
1748211373650.0,12248.4,12254.4
1748211375647.0,12248.3,12254.3
1748211375796.0,12248.4,12254.4
1748211377430.0,12247.1,12253.1
1748211377876.0,12247.0,12253.0
1748211378023.0,12247.1,12253.1
1748211378326.0,12247.0,12253.0
1748211378551.0,12247.4,12253.4
1748211378933.0,12247.7,12253.7
1748211379161.0,12248.1,12254.1
1748211382162.0,12248.3,12254.3
1748211382785.0,12248.6,12254.6
1748211383267.0,12248.4,12254.4
1748211386756.0,12248.6,12254.6
1748211387221.0,12248.3,12254.3
1748211387370.0,12248.4,12254.4
1748211391315.0,12248.3,12254.3
1748211393216.0,12248.4,12254.4
1748211393308.0,12250.1,12256.1
1748211394369.0,12249.8,12255.8
1748211394590.0,12249.6,12255.6
1748211395672.0,12249.8,12255.8
1748211395895.0,12250.1,12256.1
1748211396122.0,12250.4,12256.4
1748211396270.0,12250.1,12256.1
1748211396787.0,12249.8,12255.8
1748211399027.0,12249.6,12255.6
1748211399253.0,12249.3,12255.3
1748211400604.0,12248.9,12254.9
1748211401170.0,12249.0,12255.0
1748211401891.0,12249.3,12255.3
1748211402300.0,12249.0,12255.0
1748211402521.0,12249.3,12255.3
1748211403963.0,12249.0,12255.0
1748211405377.0,12249.5,12255.5
1748211406515.0,12249.6,12255.6
1748211406608.0,12251.4,12257.4
1748211406965.0,12251.3,12257.3
1748211408128.0,12252.0,12258.0
1748211408352.0,12251.7,12257.7
1748211409620.0,12251.1,12257.1
1748211410469.0,12251.4,12257.4
1748211411840.0,12251.1,12257.1
1748211412255.0,12251.7,12257.7
1748211412671.0,12251.9,12257.9
1748211414088.0,12251.7,12257.7
1748211414312.0,12251.1,12257.1
1748211415192.0,12251.3,12257.3
1748211415416.0,12251.7,12257.7
1748211415640.0,12251.4,12257.4
1748211416784.0,12251.3,12257.3
1748211417186.0,12251.1,12257.1
1748211419762.0,12251.0,12257.0
1748211420050.0,12250.5,12256.5
1748211420276.0,12251.0,12257.0
1748211420675.0,12250.8,12256.8
1748211420977.0,12250.5,12256.5
1748211422243.0,12250.7,12256.7
1748211423102.0,12250.8,12256.8
1748211424026.0,12251.0,12257.0
1748211424652.0,12251.1,12257.1
1748211426358.0,12251.0,12257.0
1748211426673.0,12251.1,12257.1
1748211427577.0,12251.0,12257.0
1748211434700.0,12250.8,12256.8
1748211437510.0,12251.0,12257.0
1748211437663.0,12250.8,12256.8
1748211438413.0,12251.3,12257.3
1748211441130.0,12251.0,12257.0
1748211441353.0,12251.1,12257.1
1748211441845.0,12251.3,12257.3
1748211442549.0,12251.1,12257.1
1748211442935.0,12251.0,12257.0
1748211443238.0,12251.1,12257.1
1748211443631.0,12252.3,12258.3
1748211444291.0,12252.0,12258.0
1748211445044.0,12252.3,12258.3
1748211445660.0,12252.5,12258.5
1748211446908.0,12252.0,12258.0
1748211447566.0,12251.9,12257.9
1748211448140.0,12252.0,12258.0
1748211448430.0,12251.9,12257.9
1748211449520.0,12252.2,12258.2
1748211450753.0,12252.3,12258.3
1748211451043.0,12252.0,12258.0
1748211452597.0,12252.2,12258.2
1748211454002.0,12252.0,12258.0
1748211457541.0,12251.7,12257.7
1748211462999.0,12251.9,12257.9
1748211463989.0,12251.7,12257.7
1748211464215.0,12252.0,12258.0
1748211464362.0,12252.2,12258.2
1748211468597.0,12252.0,12258.0
1748211469724.0,12251.7,12257.7
1748211470888.0,12252.0,12258.0
1748211471860.0,12252.3,12258.3
1748211474311.0,12252.8,12258.8
1748211475961.0,12253.7,12259.7
1748211477002.0,12253.5,12259.5
1748211477378.0,12254.0,12260.0
1748211477753.0,12253.7,12259.7
1748211478055.0,12253.4,12259.4
1748211478212.0,12253.5,12259.5
1748211480007.0,12254.0,12260.0
1748211480576.0,12254.7,12260.7
1748211481081.0,12254.4,12260.4
1748211481307.0,12254.7,12260.7
1748211482128.0,12254.9,12260.9
1748211482277.0,12254.7,12260.7
1748211482935.0,12254.6,12260.6
1748211483779.0,12254.7,12260.7
1748211484279.0,12254.6,12260.6
1748211484570.0,12254.7,12260.7
1748211485146.0,12254.4,12260.4
1748211485637.0,12254.6,12260.6
1748211487366.0,12254.1,12260.1
1748211487814.0,12254.1,12260.1
1748211488040.0,12253.7,12259.7
1748211489048.0,12253.4,12259.4
1748211490949.0,12253.4,12259.4
1748211491255.0,12254.1,12260.1
1748211491494.0,12254.0,12260.0
1748211496774.0,12254.1,12260.1
1748211496921.0,12254.0,12260.0
1748211497506.0,12254.3,12260.3
1748211497948.0,12254.7,12260.7
1748211499090.0,12254.6,12260.6
1748211499911.0,12254.4,12260.4
1748211500387.0,12254.6,12260.6
1748211501457.0,12254.4,12260.4
1748211502835.0,12253.7,12259.7
1748211504614.0,12253.4,12259.4
1748211506884.0,12253.1,12259.1
1748211510103.0,12252.7,12258.7
1748211510203.0,12252.2,12258.2
1748211510426.0,12252.3,12258.3
1748211511369.0,12252.0,12258.0
1748211512300.0,12252.2,12258.2
1748211512512.0,12252.3,12258.3
1748211512817.0,12252.5,12258.5
1748211513121.0,12252.8,12258.8
1748211513345.0,12253.1,12259.1
1748211513832.0,12252.9,12258.9
1748211514056.0,12252.8,12258.8
1748211514217.0,12252.9,12258.9
1748211514506.0,12252.8,12258.8
1748211514881.0,12253.1,12259.1
1748211515427.0,12252.9,12258.9
1748211515575.0,12253.1,12259.1
1748211516611.0,12252.9,12258.9
1748211516945.0,12252.8,12258.8
1748211520613.0,12252.9,12258.9
1748211521452.0,12253.1,12259.1
1748211524939.0,12252.8,12258.8
1748211525567.0,12252.5,12258.5
1748211525920.0,12253.6,12259.6
1748211526019.0,12253.2,12259.2
1748211526364.0,12252.8,12258.8
1748211527263.0,12253.7,12259.7
1748211527489.0,12253.5,12259.5
1748211527886.0,12253.2,12259.2
1748211528343.0,12253.1,12259.1
1748211529449.0,12253.2,12259.2
1748211531289.0,12253.1,12259.1
1748211533853.0,12253.4,12259.4
1748211534819.0,12253.2,12259.2
1748211535050.0,12252.9,12258.9
1748211535220.0,12253.1,12259.1
1748211537336.0,12253.2,12259.2
1748211539132.0,12253.4,12259.4
1748211540250.0,12253.3,12259.3
1748211540344.0,12252.9,12258.9
1748211540564.0,12252.8,12258.8
1748211541083.0,12252.2,12258.2
1748211541436.0,12252.0,12258.0
1748211541664.0,12251.9,12257.9
1748211542167.0,12252.0,12258.0
1748211543408.0,12251.9,12257.9
1748211543555.0,12252.0,12258.0
1748211544301.0,12252.8,12258.8
1748211544524.0,12252.5,12258.5
1748211544673.0,12252.3,12258.3
1748211546765.0,12252.8,12258.8
1748211547992.0,12253.2,12259.2
1748211548216.0,12253.1,12259.1
1748211548676.0,12252.9,12258.9
1748211550049.0,12252.5,12258.5
1748211550274.0,12252.8,12258.8
1748211551222.0,12252.3,12258.3
1748211551689.0,12252.0,12258.0
1748211551913.0,12251.9,12257.9
1748211552072.0,12252.0,12258.0
1748211552801.0,12252.3,12258.3
1748211553582.0,12252.5,12258.5
1748211554374.0,12252.8,12258.8
1748211556776.0,12252.3,12258.3
1748211556924.0,12252.5,12258.5
1748211560082.0,12252.8,12258.8
1748211560306.0,12252.5,12258.5
1748211561826.0,12254.1,12260.1
1748211562998.0,12253.5,12259.5
1748211563223.0,12254.0,12260.0
1748211566186.0,12253.7,12259.7
1748211567390.0,12253.2,12259.2
1748211568169.0,12253.4,12259.4
1748211568398.0,12253.5,12259.5
1748211571218.0,12254.4,12260.4
1748211571937.0,12254.0,12260.0
1748211572764.0,12254.3,12260.3
1748211573064.0,12254.1,12260.1
1748211575035.0,12254.0,12260.0
1748211576831.0,12253.7,12259.7
1748211577056.0,12254.0,12260.0
1748211577345.0,12254.1,12260.1
1748211578335.0,12254.6,12260.6
1748211580611.0,12254.4,12260.4
1748211580901.0,12255.1,12261.1
1748211581558.0,12255.2,12261.2
1748211581811.0,12255.1,12261.1
1748211582141.0,12255.2,12261.2
1748211582240.0,12255.3,12261.3
1748211583874.0,12255.1,12261.1
1748211585042.0,12255.2,12261.2
1748211585138.0,12255.3,12261.3
1748211585555.0,12255.4,12261.4
1748211586384.0,12255.3,12261.3
1748211586598.0,12255.1,12261.1
1748211587602.0,12254.7,12260.7
1748211587825.0,12255.1,12261.1
1748211588730.0,12254.4,12260.4
1748211590152.0,12254.9,12260.9
1748211590686.0,12255.3,12261.3
1748211591169.0,12255.4,12261.4
1748211591297.0,12255.6,12261.6
1748211591398.0,12261.0,12267.0
1748211591622.0,12261.4,12267.4
1748211591841.0,12261.7,12267.7
1748211592070.0,12261.3,12267.3
1748211592249.0,12261.4,12267.4
1748211592518.0,12260.7,12266.7
1748211592745.0,12259.3,12265.3
1748211592932.0,12259.2,12265.2
1748211593235.0,12259.3,12265.3
1748211593458.0,12259.0,12265.0
1748211593684.0,12259.3,12265.3
1748211593909.0,12259.0,12265.0
1748211594412.0,12259.2,12265.2
1748211594735.0,12259.0,12265.0
1748211595256.0,12259.5,12265.5
1748211595631.0,12259.3,12265.3
1748211595927.0,12258.9,12264.9
1748211596153.0,12259.0,12265.0
1748211596999.0,12259.2,12265.2
1748211597225.0,12259.6,12265.6
1748211597450.0,12260.1,12266.1
1748211597625.0,12260.2,12266.2
1748211598098.0,12260.1,12266.1
1748211599322.0,12259.5,12265.5
1748211599546.0,12259.6,12265.6
1748211599771.0,12260.1,12266.1
1748211600061.0,12260.2,12266.2
1748211600277.0,12260.4,12266.4
1748211600579.0,12260.1,12266.1
1748211600804.0,12259.6,12265.6
1748211601029.0,12259.9,12265.9
1748211601345.0,12259.6,12265.6
1748211601491.0,12259.5,12265.5
1748211601716.0,12259.3,12265.3
1748211602016.0,12259.5,12265.5
1748211602242.0,12259.6,12265.6
1748211602467.0,12259.9,12265.9
1748211602743.0,12261.6,12267.6
1748211602868.0,12261.5,12267.5
1748211602968.0,12261.1,12267.1
1748211603403.0,12261.0,12267.0
1748211603726.0,12261.1,12267.1
1748211604701.0,12261.4,12267.4
1748211605034.0,12261.6,12267.6
1748211605335.0,12262.5,12268.5
1748211605482.0,12262.3,12268.3
1748211605781.0,12262.5,12268.5
1748211606299.0,12262.4,12268.4
1748211606396.0,12262.0,12268.0
1748211607268.0,12261.9,12267.9
1748211607419.0,12262.0,12268.0
1748211607866.0,12262.0,12268.0
1748211608102.0,12262.3,12268.3
1748211608833.0,12261.9,12267.9
1748211609061.0,12262.5,12268.5
1748211609687.0,12262.0,12268.0
1748211610087.0,12261.9,12267.9
1748211610497.0,12262.0,12268.0
1748211611021.0,12263.3,12269.3
1748211611248.0,12263.5,12269.5
1748211611468.0,12262.6,12268.6
1748211611987.0,12263.1,12269.1
1748211612348.0,12263.0,12269.0
1748211612444.0,12262.5,12268.5
1748211613205.0,12262.6,12268.6
1748211613429.0,12263.1,12269.1
1748211613847.0,12263.4,12269.4
1748211613945.0,12263.5,12269.5
1748211614172.0,12263.6,12269.6
1748211614395.0,12263.3,12269.3
1748211614523.0,12263.4,12269.4
1748211614621.0,12263.5,12269.5
1748211615619.0,12263.1,12269.1
1748211615746.0,12263.0,12269.0
1748211615845.0,12262.6,12268.6
1748211616067.0,12262.3,12268.3
1748211616294.0,12262.9,12268.9
1748211616518.0,12262.6,12268.6
1748211616743.0,12262.8,12268.8
1748211616968.0,12262.5,12268.5
1748211617250.0,12262.9,12268.9
1748211617713.0,12263.8,12269.8
1748211617939.0,12264.1,12270.1
1748211618164.0,12263.6,12269.6
1748211618292.0,12263.7,12269.7
1748211618551.0,12263.9,12269.9
1748211618779.0,12263.8,12269.8
1748211619004.0,12263.6,12269.6
1748211619458.0,12263.8,12269.8
1748211619605.0,12263.6,12269.6
1748211620165.0,12263.5,12269.5
1748211620644.0,12263.6,12269.6
1748211621247.0,12263.8,12269.8
1748211621994.0,12264.0,12270.0
1748211622318.0,12264.2,12270.2
1748211622468.0,12264.1,12270.1
1748211623553.0,12264.0,12270.0
1748211623652.0,12264.1,12270.1
1748211624161.0,12263.9,12269.9
1748211624376.0,12263.8,12269.8
1748211624675.0,12263.5,12269.5
1748211624901.0,12263.9,12269.9
1748211625421.0,12263.1,12269.1
1748211626065.0,12263.4,12269.4
1748211626289.0,12263.7,12269.7
1748211626388.0,12263.8,12269.8
1748211626541.0,12263.6,12269.6
1748211626739.0,12263.7,12269.7
1748211626837.0,12263.8,12269.8
1748211627063.0,12263.9,12269.9
1748211627494.0,12263.8,12269.8
1748211628017.0,12263.9,12269.9
1748211628242.0,12264.5,12270.5
1748211629007.0,12264.2,12270.2
1748211629232.0,12263.9,12269.9
1748211629380.0,12263.8,12269.8
1748211629811.0,12263.7,12269.7
1748211629907.0,12263.8,12269.8
1748211630434.0,12263.6,12269.6
1748211630723.0,12263.1,12269.1
1748211631404.0,12263.0,12269.0
1748211631502.0,12262.9,12268.9
1748211631723.0,12263.1,12269.1
1748211632065.0,12263.0,12269.0
1748211632163.0,12262.9,12268.9
1748211632386.0,12262.6,12268.6
1748211632758.0,12262.5,12268.5
1748211632983.0,12262.6,12268.6
1748211633210.0,12262.8,12268.8
1748211633965.0,12262.7,12268.7
1748211634064.0,12262.6,12268.6
1748211635098.0,12261.7,12267.7
1748211635711.0,12261.9,12267.9
1748211636013.0,12262.3,12268.3
1748211636389.0,12262.9,12268.9
1748211636614.0,12262.6,12268.6
1748211636839.0,12262.8,12268.8
1748211637604.0,12262.6,12268.6
1748211639753.0,12262.8,12268.8
1748211640156.0,12262.6,12268.6
1748211640927.0,12262.8,12268.8
1748211641152.0,12263.5,12269.5
1748211641338.0,12263.3,12269.3
1748211641565.0,12263.1,12269.1
1748211641768.0,12263.0,12269.0
1748211641868.0,12262.9,12268.9
1748211642092.0,12263.1,12269.1
1748211642317.0,12263.3,12269.3
1748211642798.0,12262.9,12268.9
1748211643509.0,12262.8,12268.8
1748211644057.0,12262.9,12268.9
1748211644281.0,12263.1,12269.1
1748211644663.0,12263.0,12269.0
1748211644762.0,12262.9,12268.9
1748211645572.0,12263.1,12269.1
1748211649285.0,12263.3,12269.3
1748211649510.0,12262.9,12268.9
1748211649735.0,12263.3,12269.3
1748211649883.0,12263.1,12269.1
1748211650311.0,12263.4,12269.4
1748211650411.0,12263.5,12269.5
1748211650717.0,12263.6,12269.6
1748211651116.0,12263.3,12269.3
1748211651507.0,12263.4,12269.4
1748211651606.0,12263.5,12269.5
1748211651937.0,12263.3,12269.3
1748211652886.0,12263.4,12269.4
1748211652983.0,12263.5,12269.5
1748211655265.0,12263.0,12269.0
1748211655365.0,12262.9,12268.9
1748211655586.0,12262.8,12268.8
1748211655813.0,12262.9,12268.9
1748211656038.0,12262.6,12268.6
1748211656261.0,12262.5,12268.5
1748211656967.0,12262.3,12268.3
1748211657202.0,12262.0,12268.0
1748211657419.0,12262.3,12268.3
1748211657643.0,12262.0,12268.0
1748211658452.0,12261.9,12267.9
1748211658678.0,12261.3,12267.3
1748211659031.0,12260.9,12266.9
1748211659129.0,12260.4,12266.4
1748211659355.0,12260.5,12266.5
1748211659578.0,12260.7,12266.7
1748211660432.0,12260.4,12266.4
1748211660837.0,12260.5,12266.5
1748211661059.0,12260.7,12266.7
1748211661287.0,12260.2,12266.2
1748211661433.0,12260.4,12266.4
1748211662169.0,12260.5,12266.5
1748211662588.0,12261.0,12267.0
1748211663281.0,12261.1,12267.1
1748211663693.0,12261.3,12267.3
1748211663992.0,12261.1,12267.1
1748211664520.0,12260.5,12266.5
1748211664744.0,12260.2,12266.2
1748211665999.0,12260.3,12266.3
1748211666094.0,12262.0,12268.0
1748211666315.0,12261.7,12267.7
1748211667392.0,12261.6,12267.6
1748211667616.0,12261.4,12267.4
1748211667956.0,12261.3,12267.3
1748211668116.0,12261.4,12267.4
1748211668405.0,12261.3,12267.3
1748211668633.0,12261.7,12267.7
1748211669384.0,12261.6,12267.6
1748211672644.0,12261.7,12267.7
1748211672934.0,12262.5,12268.5
1748211673479.0,12262.3,12268.3
1748211673768.0,12261.3,12267.3
1748211674468.0,12261.1,12267.1
1748211675626.0,12261.3,12267.3
1748211676782.0,12261.4,12267.4
1748211677685.0,12261.6,12267.6
1748211678757.0,12261.4,12267.4
1748211678981.0,12261.3,12267.3
1748211679140.0,12261.4,12267.4
1748211679429.0,12261.3,12267.3
1748211679654.0,12261.7,12267.7
1748211680168.0,12261.9,12267.9
1748211680457.0,12262.9,12268.9
1748211681129.0,12262.8,12268.8
1748211681352.0,12262.9,12268.9
1748211681576.0,12263.1,12269.1
1748211682086.0,12263.0,12269.0
1748211682185.0,12262.9,12268.9
1748211682582.0,12263.1,12269.1
1748211682808.0,12263.5,12269.5
1748211683915.0,12263.3,12269.3
1748211684211.0,12264.7,12270.7
1748211684356.0,12264.8,12270.8
1748211685287.0,12264.7,12270.7
1748211685433.0,12264.8,12270.8
1748211685850.0,12264.7,12270.7
1748211686075.0,12264.2,12270.2
1748211688444.0,12263.8,12269.8
1748211688645.0,12263.6,12269.6
1748211688851.0,12263.7,12269.7
1748211688948.0,12263.8,12269.8
1748211689940.0,12263.6,12269.6
1748211690132.0,12263.7,12269.7
1748211690379.0,12263.6,12269.6
1748211690680.0,12264.1,12270.1
1748211692248.0,12264.3,12270.3
1748211692346.0,12265.0,12271.0
1748211693119.0,12264.7,12270.7
1748211694028.0,12264.1,12270.1
1748211694254.0,12264.2,12270.2
1748211696164.0,12265.9,12271.9
1748211697075.0,12266.0,12272.0
1748211697365.0,12265.9,12271.9
1748211697945.0,12265.7,12271.7
1748211698143.0,12265.9,12271.9
1748211698434.0,12266.2,12272.2
1748211698987.0,12266.3,12272.3
1748211699287.0,12266.6,12272.6
1748211699661.0,12266.5,12272.5
1748211700730.0,12266.3,12272.3
1748211700952.0,12266.6,12272.6
1748211701178.0,12266.0,12272.0
1748211701887.0,12265.4,12271.4
1748211702431.0,12265.3,12271.3
1748211702830.0,12264.8,12270.8
1748211704175.0,12264.7,12270.7
1748211704401.0,12264.5,12270.5
1748211704810.0,12264.2,12270.2
1748211705665.0,12264.0,12270.0
1748211705764.0,12264.5,12270.5
1748211707364.0,12264.7,12270.7
1748211707576.0,12264.8,12270.8
1748211707782.0,12264.9,12270.9
1748211707879.0,12265.1,12271.1
1748211708565.0,12265.0,12271.0
1748211708789.0,12264.7,12270.7
1748211709013.0,12266.0,12272.0
1748211709516.0,12265.7,12271.7
1748211710368.0,12265.4,12271.4
1748211710593.0,12265.7,12271.7
1748211710895.0,12266.0,12272.0
1748211711309.0,12265.9,12271.9
1748211712972.0,12266.0,12272.0
1748211713268.0,12265.9,12271.9
1748211713492.0,12265.4,12271.4
1748211713641.0,12265.7,12271.7
1748211714070.0,12265.5,12271.5
1748211714170.0,12265.9,12271.9
1748211714580.0,12265.7,12271.7
1748211715297.0,12265.9,12271.9
1748211715665.0,12265.7,12271.7
1748211715813.0,12265.9,12271.9
1748211716117.0,12265.3,12271.3
1748211716575.0,12265.7,12271.7
1748211716801.0,12265.3,12271.3
1748211717175.0,12265.1,12271.1
1748211717399.0,12264.7,12270.7
1748211717623.0,12264.5,12270.5
1748211718309.0,12265.0,12271.0
1748211718530.0,12264.8,12270.8
1748211719532.0,12264.7,12270.7
1748211719904.0,12263.9,12269.9
1748211720369.0,12265.1,12271.1
1748211721087.0,12265.0,12271.0
1748211721311.0,12264.5,12270.5
1748211721472.0,12264.7,12270.7
1748211721773.0,12265.4,12271.4
1748211722928.0,12265.7,12271.7
1748211723220.0,12265.3,12271.3
1748211723596.0,12266.2,12272.2
1748211723920.0,12266.0,12272.0
1748211724148.0,12266.6,12272.6
1748211724372.0,12266.2,12272.2
1748211724594.0,12267.1,12273.1
1748211724820.0,12267.2,12273.2
1748211726425.0,12267.4,12273.4
1748211726650.0,12268.3,12274.3
1748211727025.0,12268.3,12274.3
1748211727326.0,12268.4,12274.4
1748211727474.0,12268.3,12274.3
1748211728436.0,12268.4,12274.4
1748211728759.0,12268.3,12274.3
1748211729060.0,12268.4,12274.4
1748211729999.0,12267.8,12273.8
1748211730414.0,12268.1,12274.1
1748211730765.0,12268.2,12274.2
1748211730863.0,12267.1,12273.1
1748211731090.0,12267.2,12273.2
1748211731722.0,12267.4,12273.4
1748211732551.0,12267.5,12273.5
1748211732777.0,12267.7,12273.7
1748211733265.0,12268.3,12274.3
1748211733537.0,12268.1,12274.1
1748211733840.0,12268.4,12274.4
1748211734666.0,12267.5,12273.5
1748211735206.0,12267.4,12273.4
1748211735495.0,12267.7,12273.7
1748211735720.0,12269.8,12275.8
1748211736448.0,12269.6,12275.6
1748211737161.0,12269.3,12275.3
1748211737386.0,12269.6,12275.6
1748211737631.0,12269.8,12275.8
1748211737933.0,12271.0,12277.0
1748211738690.0,12270.9,12276.9
1748211738787.0,12270.8,12276.8
1748211739507.0,12270.9,12276.9
1748211739608.0,12270.8,12276.8
1748211740064.0,12270.2,12276.2
1748211740292.0,12271.0,12277.0
1748211740813.0,12271.3,12277.3
1748211741113.0,12271.1,12277.1
1748211741755.0,12270.8,12276.8
1748211741979.0,12270.7,12276.7
1748211742106.0,12270.6,12276.6
1748211742206.0,12270.5,12276.5
1748211742650.0,12270.7,12276.7
1748211743653.0,12270.5,12276.5
1748211743877.0,12270.2,12276.2
1748211744248.0,12270.2,12276.2
1748211744475.0,12270.5,12276.5
1748211744777.0,12270.2,12276.2
1748211745333.0,12270.1,12276.1
1748211745557.0,12270.7,12276.7
1748211745782.0,12270.5,12276.5
1748211745929.0,12271.9,12277.9
1748211746155.0,12272.1,12278.1
1748211746379.0,12271.9,12277.9
1748211747110.0,12273.0,12279.0
1748211748065.0,12273.1,12279.1
1748211748354.0,12272.4,12278.4
1748211748816.0,12272.5,12278.5
1748211749218.0,12272.7,12278.7
1748211749363.0,12272.5,12278.5
1748211749568.0,12272.6,12278.6
1748211749668.0,12272.7,12278.7
1748211749814.0,12272.5,12278.5
1748211750048.0,12272.4,12278.4
1748211750267.0,12272.2,12278.2
1748211750564.0,12272.4,12278.4
1748211750790.0,12272.5,12278.5
1748211750918.0,12272.6,12278.6
1748211751175.0,12272.5,12278.5
1748211751544.0,12272.4,12278.4
1748211751849.0,12273.7,12279.7
1748211752157.0,12273.6,12279.6
1748211752675.0,12273.7,12279.7
1748211753071.0,12273.4,12279.4
1748211753298.0,12273.7,12279.7
1748211753521.0,12273.3,12279.3
1748211753746.0,12273.0,12279.0
1748211753969.0,12273.4,12279.4
1748211754129.0,12273.3,12279.3
1748211754832.0,12273.0,12279.0
1748211755056.0,12273.3,12279.3
1748211755281.0,12273.6,12279.6
1748211755436.0,12273.4,12279.4
1748211756799.0,12273.7,12279.7
1748211757151.0,12273.9,12279.9
1748211757376.0,12275.3,12281.3
1748211757600.0,12275.2,12281.2
1748211757824.0,12275.0,12281.0
1748211758050.0,12275.6,12281.6
1748211758207.0,12275.3,12281.3
1748211758567.0,12275.2,12281.2
1748211758953.0,12275.3,12281.3
1748211759256.0,12275.0,12281.0
1748211759481.0,12274.9,12280.9
1748211759919.0,12275.0,12281.0
1748211760223.0,12275.3,12281.3
1748211760597.0,12273.8,12279.8
1748211761052.0,12273.7,12279.7
1748211761342.0,12274.0,12280.0
1748211761846.0,12273.6,12279.6
1748211761944.0,12274.1,12280.1
1748211762169.0,12273.8,12279.8
1748211762543.0,12274.0,12280.0
1748211762945.0,12274.6,12280.6
1748211763963.0,12274.4,12280.4
1748211764189.0,12274.7,12280.7
1748211764413.0,12274.6,12280.6
1748211764770.0,12274.7,12280.7
1748211765248.0,12274.6,12280.6
1748211765395.0,12274.7,12280.7
1748211766126.0,12274.6,12280.6
1748211766349.0,12274.0,12280.0
1748211767139.0,12273.1,12279.1
1748211767538.0,12273.7,12279.7
1748211768053.0,12273.1,12279.1
1748211768208.0,12272.9,12278.9
1748211768404.0,12273.0,12279.0
1748211768502.0,12273.7,12279.7
1748211768994.0,12273.5,12279.5
1748211769687.0,12273.7,12279.7
1748211769980.0,12274.0,12280.0
1748211770554.0,12274.1,12280.1
1748211770702.0,12274.0,12280.0
1748211771598.0,12274.9,12280.9
1748211771821.0,12274.4,12280.4
1748211772690.0,12274.1,12280.1
1748211773062.0,12274.4,12280.4
1748211773721.0,12274.1,12280.1
1748211774404.0,12274.9,12280.9
1748211775175.0,12275.0,12281.0
1748211775618.0,12275.6,12281.6
1748211775919.0,12273.8,12279.8
1748211776246.0,12274.1,12280.1
1748211776863.0,12274.4,12280.4
1748211777386.0,12274.6,12280.6
1748211777674.0,12275.2,12281.2
1748211777900.0,12275.0,12281.0
1748211778218.0,12275.2,12281.2
1748211778509.0,12275.6,12281.6
1748211780621.0,12276.1,12282.1
1748211780844.0,12275.3,12281.3
1748211781068.0,12275.9,12281.9
1748211781225.0,12275.8,12281.8
1748211781519.0,12275.9,12281.9
1748211782045.0,12276.1,12282.1
1748211782269.0,12275.8,12281.8
1748211783477.0,12275.6,12281.6
1748211783875.0,12275.3,12281.3
1748211784112.0,12275.6,12281.6
1748211784638.0,12275.8,12281.8
1748211784797.0,12275.6,12281.6
1748211784994.0,12275.7,12281.7
1748211785091.0,12278.5,12284.5
1748211785249.0,12278.6,12284.6
1748211785731.0,12278.3,12284.3
1748211785956.0,12278.0,12284.0
1748211786185.0,12277.7,12283.7
1748211786408.0,12278.2,12284.2
1748211786732.0,12278.0,12284.0
1748211786956.0,12277.7,12283.7
1748211787116.0,12277.6,12283.6
1748211787329.0,12277.4,12283.4
1748211787630.0,12277.1,12283.1
1748211787779.0,12277.0,12283.0
1748211788004.0,12276.8,12282.8
1748211788426.0,12277.0,12283.0
1748211788825.0,12276.5,12282.5
1748211789301.0,12277.1,12283.1
1748211789971.0,12277.4,12283.4
1748211790569.0,12277.3,12283.3
1748211790859.0,12277.4,12283.4
1748211791085.0,12277.6,12283.6
1748211791309.0,12278.0,12284.0
1748211791456.0,12278.2,12284.2
1748211791836.0,12278.6,12284.6
1748211792169.0,12278.8,12284.8
1748211792361.0,12278.7,12284.7
1748211792461.0,12278.2,12284.2
1748211792685.0,12278.5,12284.5
1748211792846.0,12278.6,12284.6
1748211793464.0,12278.8,12284.8
1748211793756.0,12280.1,12286.1
1748211793979.0,12280.0,12286.0
1748211794315.0,12280.1,12286.1
1748211794757.0,12279.7,12285.7
1748211795061.0,12279.4,12285.4
1748211795406.0,12279.6,12285.6
1748211795506.0,12279.4,12285.4
1748211795729.0,12279.2,12285.2
1748211795957.0,12279.7,12285.7
1748211796085.0,12279.6,12285.6
1748211796183.0,12279.5,12285.5
1748211796406.0,12278.9,12284.9
1748211796631.0,12278.8,12284.8
1748211796790.0,12278.9,12284.9
1748211797186.0,12279.4,12285.4
1748211797336.0,12279.5,12285.5
1748211797539.0,12279.4,12285.4
1748211797637.0,12277.1,12283.1
1748211797862.0,12277.4,12283.4
1748211798088.0,12277.6,12283.6
1748211798313.0,12277.7,12283.7
1748211798459.0,12277.6,12283.6
1748211798762.0,12278.0,12284.0
1748211798986.0,12277.4,12283.4
1748211799467.0,12277.6,12283.6
1748211799691.0,12277.1,12283.1
1748211799916.0,12276.5,12282.5
1748211800143.0,12275.9,12281.9
1748211800486.0,12275.8,12281.8
1748211800691.0,12275.7,12281.7
1748211800790.0,12274.4,12280.4
1748211801015.0,12274.7,12280.7
1748211801388.0,12274.7,12280.7
1748211801689.0,12274.9,12280.9
1748211802316.0,12275.3,12281.3
1748211802616.0,12275.8,12281.8
1748211802844.0,12276.1,12282.1
1748211803168.0,12276.2,12282.2
1748211803762.0,12276.1,12282.1
1748211803985.0,12275.9,12281.9
1748211804213.0,12276.5,12282.5
1748211804563.0,12276.4,12282.4
1748211805086.0,12276.5,12282.5
1748211805311.0,12276.8,12282.8
1748211805537.0,12277.0,12283.0
1748211806554.0,12277.1,12283.1
1748211806956.0,12276.8,12282.8
1748211807356.0,12277.0,12283.0
1748211807578.0,12277.3,12283.3
1748211807804.0,12277.4,12283.4
1748211808030.0,12277.6,12283.6
1748211808255.0,12277.3,12283.3
1748211809081.0,12277.1,12283.1
1748211809374.0,12277.6,12283.6
1748211809598.0,12278.5,12284.5
1748211809826.0,12277.7,12283.7
1748211810047.0,12278.0,12284.0
1748211810274.0,12277.7,12283.7
1748211810518.0,12278.0,12284.0
1748211810743.0,12277.7,12283.7
1748211811533.0,12277.6,12283.6
1748211812356.0,12277.4,12283.4
1748211812748.0,12277.3,12283.3
1748211813388.0,12277.1,12283.1
1748211814586.0,12277.4,12283.4
1748211815599.0,12277.1,12283.1
1748211815825.0,12277.4,12283.4
1748211815980.0,12277.3,12283.3
1748211816931.0,12277.4,12283.4
1748211817157.0,12277.7,12283.7
1748211817720.0,12278.2,12284.2
1748211817944.0,12279.8,12285.8
1748211818170.0,12280.1,12286.1
1748211818398.0,12280.0,12286.0
1748211818623.0,12279.9,12285.9
1748211818721.0,12279.8,12285.8
1748211819786.0,12280.0,12286.0
1748211820079.0,12279.4,12285.4
1748211820429.0,12279.9,12285.9
1748211820529.0,12279.5,12285.5
1748211820754.0,12280.0,12286.0
1748211820879.0,12279.9,12285.9
1748211820978.0,12279.8,12285.8
1748211821203.0,12279.7,12285.7
1748211821426.0,12280.0,12286.0
1748211821652.0,12279.7,12285.7
1748211822157.0,12279.6,12285.6
1748211822255.0,12279.5,12285.5
1748211822792.0,12279.7,12285.7
1748211823529.0,12279.8,12285.8
1748211824954.0,12279.7,12285.7
1748211825283.0,12279.8,12285.8
1748211825499.0,12280.0,12286.0
1748211826383.0,12280.1,12286.1
1748211826675.0,12280.0,12286.0
1748211827716.0,12283.1,12289.1
1748211827930.0,12282.8,12288.8
1748211828493.0,12282.0,12288.0
1748211828716.0,12282.3,12288.3
1748211829310.0,12282.2,12288.2
1748211829523.0,12282.0,12288.0
1748211829825.0,12281.9,12287.9
1748211830061.0,12281.7,12287.7
1748211830276.0,12281.6,12287.6
1748211830576.0,12281.7,12287.7
1748211831947.0,12281.3,12287.3
1748211832174.0,12281.6,12287.6
1748211832321.0,12281.3,12287.3
1748211832753.0,12281.7,12287.7
1748211833712.0,12281.8,12287.8
1748211833809.0,12282.2,12288.2
1748211834035.0,12281.7,12287.7
1748211834257.0,12281.9,12287.9
1748211834744.0,12281.7,12287.7
1748211835045.0,12281.1,12287.1
1748211835176.0,12281.2,12287.2
1748211835275.0,12281.3,12287.3
1748211835911.0,12281.9,12287.9
1748211836137.0,12282.0,12288.0
1748211836889.0,12281.7,12287.7
1748211837127.0,12281.6,12287.6
1748211837337.0,12281.3,12287.3
1748211838348.0,12281.1,12287.1
1748211839037.0,12280.4,12286.4
1748211840600.0,12280.1,12286.1
1748211841838.0,12279.4,12285.4
1748211842062.0,12279.7,12285.7
1748211843416.0,12280.1,12286.1
1748211844255.0,12280.8,12286.8
1748211844478.0,12279.7,12285.7
1748211845131.0,12280.0,12286.0
1748211845522.0,12279.8,12285.8
1748211845921.0,12280.0,12286.0
1748211846304.0,12279.9,12285.9
1748211846548.0,12279.8,12285.8
1748211846850.0,12279.7,12285.7
1748211846975.0,12279.6,12285.6
1748211847076.0,12279.5,12285.5
1748211847232.0,12279.7,12285.7
1748211847503.0,12279.6,12285.6
1748211847601.0,12279.5,12285.5
1748211848404.0,12281.6,12287.6
1748211848793.0,12281.5,12287.5
1748211849041.0,12280.0,12286.0
1748211850293.0,12279.8,12285.8
1748211850640.0,12279.6,12285.6
1748211850740.0,12279.5,12285.5
1748211850966.0,12280.0,12286.0
1748211851192.0,12279.5,12285.5
1748211851783.0,12279.7,12285.7
1748211852193.0,12279.8,12285.8
1748211853718.0,12279.7,12285.7
1748211854523.0,12279.6,12285.6
1748211854621.0,12279.5,12285.5
1748211855220.0,12279.2,12285.2
1748211855917.0,12278.6,12284.6
1748211856933.0,12278.5,12284.5
1748211858092.0,12279.4,12285.4
1748211858317.0,12279.2,12285.2
1748211859939.0,12278.8,12284.8
1748211860501.0,12278.7,12284.7
1748211860597.0,12278.3,12284.3
1748211860822.0,12277.1,12283.1
1748211861045.0,12276.1,12282.1
1748211861271.0,12276.5,12282.5
1748211861495.0,12277.0,12283.0
1748211861691.0,12276.8,12282.8
1748211861993.0,12277.0,12283.0
1748211862154.0,12276.8,12282.8
1748211862638.0,12277.3,12283.3
1748211862863.0,12276.8,12282.8
1748211863085.0,12277.0,12283.0
1748211863240.0,12276.8,12282.8
1748211863536.0,12277.1,12283.1
1748211863762.0,12277.3,12283.3
1748211864446.0,12278.0,12284.0
1748211864672.0,12277.7,12283.7
1748211864894.0,12277.4,12283.4
1748211865121.0,12278.0,12284.0
1748211865277.0,12278.2,12284.2
1748211865501.0,12278.3,12284.3
1748211866198.0,12277.4,12283.4
1748211866419.0,12277.6,12283.6
1748211866821.0,12277.7,12283.7
1748211867047.0,12277.4,12283.4
1748211867272.0,12278.0,12284.0
1748211867492.0,12277.6,12283.6
1748211867718.0,12277.7,12283.7
1748211868022.0,12278.0,12284.0
1748211868450.0,12278.2,12284.2
1748211868664.0,12278.3,12284.3
1748211869053.0,12278.5,12284.5
1748211869245.0,12278.4,12284.4
1748211869344.0,12277.7,12283.7
1748211869567.0,12278.0,12284.0
1748211869792.0,12277.7,12283.7
1748211869944.0,12277.6,12283.6
1748211870245.0,12278.0,12284.0
1748211870467.0,12277.4,12283.4
1748211870839.0,12277.6,12283.6
1748211871703.0,12281.0,12287.0
1748211872399.0,12280.7,12286.7
1748211873184.0,12281.0,12287.0
1748211873525.0,12281.1,12287.1
1748211873675.0,12281.0,12287.0
1748211876992.0,12280.7,12286.7
1748211878081.0,12280.5,12286.5
1748211878273.0,12280.6,12286.6
1748211878371.0,12281.0,12287.0
1748211879038.0,12280.7,12286.7
1748211879404.0,12280.5,12286.5
1748211880803.0,12281.0,12287.0
1748211881746.0,12281.3,12287.3
1748211882059.0,12281.1,12287.1
1748211882350.0,12280.8,12286.8
1748211882477.0,12280.9,12286.9
1748211882577.0,12281.0,12287.0
1748211883658.0,12280.7,12286.7
1748211883886.0,12280.8,12286.8
1748211884272.0,12280.9,12286.9
1748211884370.0,12281.1,12287.1
1748211884816.0,12281.6,12287.6
1748211884963.0,12281.3,12287.3
1748211886468.0,12281.1,12287.1
1748211887373.0,12281.0,12287.0
1748211888306.0,12281.1,12287.1
1748211892167.0,12281.2,12287.2
1748211892260.0,12283.5,12289.5
1748211894032.0,12284.1,12290.1
1748211894738.0,12284.0,12290.0
1748211894964.0,12284.1,12290.1
1748211895290.0,12284.3,12290.3
1748211895514.0,12284.4,12290.4
1748211895739.0,12285.2,12291.2
1748211895965.0,12285.3,12291.3
1748211896395.0,12285.5,12291.5
1748211896494.0,12289.9,12295.9
1748211896719.0,12289.2,12295.2
1748211896943.0,12289.9,12295.9
1748211897171.0,12289.5,12295.5
1748211897392.0,12291.4,12297.4
1748211897616.0,12290.2,12296.2
1748211897842.0,12291.7,12297.7
1748211898066.0,12290.9,12296.9
1748211898358.0,12291.2,12297.2
1748211898757.0,12290.9,12296.9
1748211898908.0,12290.8,12296.8
1748211899209.0,12290.3,12296.3
1748211899337.0,12290.4,12296.4
1748211899435.0,12290.8,12296.8
1748211899760.0,12290.5,12296.5
1748211899987.0,12290.6,12296.6
1748211900211.0,12290.8,12296.8
1748211900562.0,12291.2,12297.2
1748211900912.0,12291.0,12297.0
1748211901010.0,12292.0,12298.0
1748211901235.0,12291.4,12297.4
1748211901461.0,12290.8,12296.8
1748211901686.0,12290.2,12296.2
1748211901839.0,12290.0,12296.0
1748211902484.0,12289.8,12295.8
1748211902583.0,12290.0,12296.0
1748211902978.0,12290.1,12296.1
1748211903073.0,12290.8,12296.8
1748211903232.0,12290.6,12296.6
1748211903735.0,12290.8,12296.8
1748211903962.0,12291.7,12297.7
1748211904286.0,12291.8,12297.8
1748211904579.0,12292.4,12298.4
1748211904804.0,12291.5,12297.5
1748211904930.0,12291.6,12297.6
1748211905028.0,12292.1,12298.1
1748211905400.0,12292.0,12298.0
1748211905623.0,12291.8,12297.8
1748211905773.0,12292.0,12298.0
1748211905977.0,12291.9,12297.9
1748211906076.0,12290.5,12296.5
1748211906299.0,12290.6,12296.6
1748211906750.0,12289.1,12295.1
1748211906897.0,12289.0,12295.0
1748211907198.0,12289.1,12295.1
1748211907423.0,12288.8,12294.8
1748211907777.0,12289.0,12295.0
1748211908002.0,12289.3,12295.3
1748211908228.0,12289.6,12295.6
1748211908451.0,12290.0,12296.0
1748211908675.0,12289.6,12295.6
1748211908899.0,12289.7,12295.7
1748211909126.0,12289.6,12295.6
1748211909349.0,12289.4,12295.4
1748211909695.0,12289.1,12295.1
1748211909920.0,12289.4,12295.4
1748211910146.0,12290.0,12296.0
1748211910294.0,12289.7,12295.7
1748211910891.0,12290.5,12296.5
1748211911242.0,12290.1,12296.1
1748211911341.0,12290.6,12296.6
1748211911803.0,12290.8,12296.8
1748211912026.0,12290.5,12296.5
1748211912188.0,12290.3,12296.3
1748211912717.0,12290.5,12296.5
1748211912944.0,12291.5,12297.5
1748211913317.0,12291.4,12297.4
1748211913716.0,12291.2,12297.2
1748211913941.0,12291.7,12297.7
1748211914167.0,12291.5,12297.5
1748211914393.0,12291.4,12297.4
1748211914615.0,12291.7,12297.7
1748211915043.0,12292.1,12298.1
1748211915269.0,12292.6,12298.6
1748211915492.0,12293.3,12299.3
1748211915719.0,12292.0,12298.0
1748211915943.0,12292.6,12298.6
1748211916167.0,12292.4,12298.4
1748211916445.0,12291.7,12297.7
1748211916670.0,12291.4,12297.4
1748211917046.0,12290.0,12296.0
1748211917408.0,12290.2,12296.2
1748211917635.0,12290.6,12296.6
1748211917856.0,12290.8,12296.8
1748211918009.0,12290.6,12296.6
1748211918308.0,12290.3,12296.3
1748211918532.0,12290.5,12296.5
1748211919100.0,12290.2,12296.2
1748211919325.0,12290.5,12296.5
1748211919552.0,12290.0,12296.0
1748211919777.0,12290.2,12296.2
1748211920100.0,12290.5,12296.5
1748211920573.0,12290.6,12296.6
1748211922698.0,12290.5,12296.5
1748211923695.0,12288.6,12294.6
1748211923921.0,12289.4,12295.4
1748211924046.0,12289.5,12295.5
1748211924144.0,12289.6,12295.6
1748211924369.0,12289.0,12295.0
1748211924692.0,12289.7,12295.7
1748211924917.0,12289.1,12295.1
1748211925504.0,12289.0,12295.0
1748211925983.0,12288.8,12294.8
1748211926287.0,12289.0,12295.0
1748211926852.0,12289.1,12295.1
1748211927077.0,12289.6,12295.6
1748211927426.0,12289.5,12295.5
1748211927526.0,12289.6,12295.6
1748211927747.0,12289.4,12295.4
1748211928445.0,12289.5,12295.5
1748211928544.0,12289.6,12295.6
1748211929234.0,12289.4,12295.4
1748211929459.0,12290.3,12296.3
1748211929831.0,12290.0,12296.0
1748211930057.0,12289.6,12295.6
1748211930283.0,12289.3,12295.3
1748211930537.0,12289.4,12295.4
1748211930665.0,12289.5,12295.5
1748211930764.0,12290.0,12296.0
1748211930987.0,12289.6,12295.6
1748211931218.0,12289.7,12295.7
1748211931441.0,12289.6,12295.6
1748211931666.0,12289.4,12295.4
1748211931893.0,12290.9,12296.9
1748211932306.0,12291.2,12297.2
1748211932705.0,12290.9,12296.9
1748211932913.0,12290.8,12296.8
1748211933150.0,12290.6,12296.6
1748211933708.0,12294.1,12300.1
1748211933932.0,12294.7,12300.7
1748211934347.0,12297.0,12303.0
1748211934570.0,12296.8,12302.8
1748211934795.0,12297.2,12303.2
1748211935021.0,12297.0,12303.0
1748211935375.0,12296.7,12302.7
1748211935473.0,12296.3,12302.3
1748211935696.0,12295.0,12301.0
1748211935920.0,12294.7,12300.7
1748211936080.0,12294.8,12300.8
1748211936372.0,12292.7,12298.7
1748211936747.0,12292.0,12298.0
1748211937147.0,12291.7,12297.7
1748211937546.0,12290.9,12296.9
1748211937773.0,12291.4,12297.4
1748211938259.0,12290.9,12296.9
1748211938953.0,12290.2,12296.2
1748211939696.0,12290.5,12296.5
1748211940449.0,12290.3,12296.3
1748211940747.0,12290.6,12296.6
1748211941120.0,12290.3,12296.3
1748211941343.0,12290.5,12296.5
1748211942021.0,12290.9,12296.9
1748211942246.0,12291.2,12297.2
1748211942624.0,12290.9,12296.9
1748211943026.0,12290.6,12296.6
1748211943251.0,12290.0,12296.0
1748211943627.0,12290.3,12296.3
1748211943949.0,12290.2,12296.2
1748211944251.0,12290.3,12296.3
1748211944477.0,12289.7,12295.7
1748211944602.0,12289.8,12295.8
1748211944701.0,12290.0,12296.0
1748211944849.0,12289.7,12295.7
1748211945153.0,12290.3,12296.3
1748211945300.0,12290.2,12296.2
1748211945978.0,12290.0,12296.0
1748211946274.0,12290.2,12296.2
1748211946705.0,12290.3,12296.3
1748211946932.0,12290.0,12296.0
1748211947309.0,12290.6,12296.6
1748211948590.0,12290.5,12296.5
1748211948805.0,12290.3,12296.3
1748211949032.0,12290.2,12296.2
1748211949454.0,12290.3,12296.3
1748211949678.0,12290.0,12296.0
1748211949971.0,12289.7,12295.7
1748211950448.0,12290.0,12296.0
1748211950771.0,12289.7,12295.7
1748211950974.0,12289.8,12295.8
1748211951072.0,12290.0,12296.0
1748211952018.0,12290.2,12296.2
1748211952243.0,12290.6,12296.6
1748211952393.0,12290.5,12296.5
1748211953371.0,12290.3,12296.3
1748211953666.0,12289.7,12295.7
1748211955273.0,12289.5,12295.5
1748211955372.0,12290.3,12296.3
1748211955594.0,12290.0,12296.0
1748211955780.0,12289.7,12295.7
1748211956591.0,12289.4,12295.4
1748211957586.0,12289.3,12295.3
1748211957810.0,12289.0,12295.0
1748211958167.0,12288.8,12294.8
1748211958457.0,12289.0,12295.0
1748211958753.0,12288.8,12294.8
1748211959025.0,12288.9,12294.9
1748211959122.0,12289.0,12295.0
1748211960160.0,12288.8,12294.8
1748211961114.0,12288.9,12294.9
1748211961214.0,12289.4,12295.4
1748211962165.0,12289.2,12295.2
1748211962264.0,12289.3,12295.3
1748211962487.0,12289.0,12295.0
1748211963371.0,12289.1,12295.1
1748211963595.0,12288.4,12294.4
1748211964198.0,12288.6,12294.6
1748211964431.0,12288.8,12294.8
1748211964636.0,12288.9,12294.9
1748211964736.0,12289.0,12295.0
1748211964960.0,12288.4,12294.4
1748211965186.0,12288.1,12294.1
1748211965500.0,12288.3,12294.3
1748211965878.0,12288.2,12294.2
1748211965978.0,12288.1,12294.1
1748211966137.0,12288.3,12294.3
1748211966351.0,12288.4,12294.4
1748211966651.0,12288.0,12294.0
1748211966800.0,12288.1,12294.1
1748211967251.0,12288.1,12294.1
1748211967553.0,12288.0,12294.0
1748211968450.0,12288.1,12294.1
1748211968742.0,12288.4,12294.4
1748211969117.0,12288.1,12294.1
1748211969607.0,12287.9,12293.9
1748211969704.0,12287.8,12293.8
1748211970243.0,12287.7,12293.7
1748211971619.0,12287.2,12293.2
1748211972099.0,12287.1,12293.1
1748211972581.0,12286.9,12292.9
1748211973206.0,12286.8,12292.8
1748211973353.0,12286.9,12292.9
1748211973682.0,12287.1,12293.1
1748211973988.0,12286.5,12292.5
1748211974308.0,12286.4,12292.4
1748211974405.0,12285.4,12291.4
1748211974549.0,12285.1,12291.1
1748211974852.0,12284.7,12290.7
1748211975078.0,12284.4,12290.4
1748211975302.0,12284.5,12290.5
1748211975527.0,12284.4,12290.4
1748211975752.0,12284.7,12290.7
1748211975975.0,12285.4,12291.4
1748211976204.0,12285.0,12291.0
1748211976890.0,12285.1,12291.1
1748211977366.0,12285.0,12291.0
1748211977795.0,12284.5,12290.5
1748211978019.0,12284.4,12290.4
1748211978890.0,12284.5,12290.5
1748211979115.0,12283.8,12289.8
1748211979512.0,12283.8,12289.8
1748211979815.0,12284.2,12290.2
1748211980251.0,12284.1,12290.1
1748211980686.0,12283.5,12289.5
1748211980845.0,12283.6,12289.6
1748211981137.0,12283.3,12289.3
1748211981294.0,12283.5,12289.5
1748211981586.0,12283.3,12289.3
1748211981945.0,12283.5,12289.5
1748211982247.0,12283.3,12289.3
1748211982395.0,12283.5,12289.5
1748211982696.0,12283.3,12289.3
1748211982846.0,12283.5,12289.5
1748211983476.0,12283.3,12289.3
1748211983706.0,12283.2,12289.2
1748211983850.0,12283.3,12289.3
1748211984496.0,12283.4,12289.4
1748211984592.0,12284.1,12290.1
1748211985488.0,12284.2,12290.2
1748211986687.0,12284.4,12290.4
1748211988087.0,12284.8,12290.8
1748211988263.0,12285.0,12291.0
1748211988561.0,12284.8,12290.8
1748211988787.0,12285.4,12291.4
1748211989258.0,12285.1,12291.1
1748211989723.0,12285.6,12291.6
1748211989948.0,12285.7,12291.7
1748211990447.0,12285.9,12291.9
1748211990946.0,12285.6,12291.6
1748211991174.0,12285.7,12291.7
1748211991672.0,12285.1,12291.1
1748211992425.0,12285.7,12291.7
1748211992593.0,12285.6,12291.6
1748211993531.0,12285.7,12291.7
1748211994253.0,12285.4,12291.4
1748211994748.0,12284.7,12290.7
1748211995223.0,12284.5,12290.5
1748211995585.0,12284.7,12290.7
1748211996719.0,12284.8,12290.8
1748211997181.0,12285.0,12291.0
1748211997550.0,12284.9,12290.9
1748211997647.0,12284.2,12290.2
1748211998455.0,12284.1,12290.1
1748211998906.0,12284.2,12290.2
1748211999540.0,12284.1,12290.1
1748212000168.0,12283.8,12289.8
1748212000312.0,12284.1,12290.1
1748212001228.0,12284.4,12290.4
1748212001449.0,12284.1,12290.1
1748212001672.0,12284.4,12290.4
1748212001898.0,12284.5,12290.5
1748212002128.0,12284.4,12290.4
1748212003074.0,12284.1,12290.1
1748212003298.0,12284.2,12290.2
1748212003879.0,12284.4,12290.4
1748212004106.0,12284.7,12290.7
1748212004479.0,12284.8,12290.8
1748212005019.0,12284.7,12290.7
1748212005247.0,12284.2,12290.2
1748212005670.0,12284.1,12290.1
1748212006313.0,12284.2,12290.2
1748212007094.0,12284.5,12290.5
1748212007318.0,12284.8,12290.8
1748212007959.0,12285.0,12291.0
1748212009118.0,12284.8,12290.8
1748212011013.0,12285.0,12291.0
1748212011302.0,12284.7,12290.7
1748212012696.0,12284.4,12290.4
1748212013336.0,12283.8,12289.8
1748212013893.0,12284.1,12290.1
1748212014748.0,12284.8,12290.8
1748212014973.0,12284.7,12290.7
1748212015363.0,12284.5,12290.5
1748212015587.0,12284.4,12290.4
1748212016119.0,12284.1,12290.1
1748212016742.0,12283.8,12289.8
1748212017074.0,12283.6,12289.6
1748212017474.0,12284.1,12290.1
1748212017697.0,12283.6,12289.6
1748212018922.0,12283.8,12289.8
1748212019261.0,12284.1,12290.1
1748212020492.0,12283.6,12289.6
1748212021296.0,12283.0,12289.0
1748212021922.0,12282.6,12288.6
1748212022147.0,12282.7,12288.7
1748212022295.0,12282.6,12288.6
1748212022596.0,12282.7,12288.7
1748212022877.0,12282.8,12288.8
1748212022974.0,12282.9,12288.9
1748212023200.0,12283.2,12289.2
1748212023426.0,12283.5,12289.5
1748212023649.0,12283.3,12289.3
1748212024784.0,12282.7,12288.7
1748212024932.0,12282.6,12288.6
1748212025166.0,12282.4,12288.4
1748212025535.0,12282.6,12288.6
1748212025984.0,12282.9,12288.9
1748212026209.0,12282.6,12288.6
1748212026559.0,12282.8,12288.8
1748212026659.0,12282.9,12288.9
1748212027490.0,12283.2,12289.2
1748212028137.0,12282.6,12288.6
1748212029089.0,12282.8,12288.8
1748212029188.0,12282.9,12288.9
1748212029335.0,12282.7,12288.7
1748212030877.0,12282.9,12288.9
1748212031499.0,12282.7,12288.7
1748212032788.0,12282.8,12288.8
1748212033037.0,12282.7,12288.7
1748212033956.0,12282.6,12288.6
1748212035208.0,12283.2,12289.2
1748212036786.0,12283.5,12289.5
1748212038534.0,12283.2,12289.2
1748212039549.0,12283.3,12289.3
1748212039763.0,12283.5,12289.5
1748212041006.0,12283.2,12289.2
1748212042332.0,12282.9,12288.9
1748212042871.0,12282.7,12288.7
1748212043810.0,12282.1,12288.1
1748212044119.0,12282.2,12288.2
1748212044220.0,12282.3,12288.3
1748212047059.0,12282.4,12288.4
1748212049231.0,12282.5,12288.5
1748212049328.0,12282.7,12288.7
1748212049691.0,12282.9,12288.9
1748212050594.0,12282.6,12288.6
1748212051574.0,12282.4,12288.4
1748212052200.0,12282.5,12288.5
1748212052445.0,12282.4,12288.4
1748212052949.0,12282.6,12288.6
1748212057859.0,12282.4,12288.4
1748212058325.0,12282.6,12288.6
1748212058809.0,12282.7,12288.7
1748212058972.0,12282.6,12288.6
1748212059448.0,12282.4,12288.4
1748212059638.0,12282.5,12288.5
1748212059738.0,12282.6,12288.6
1748212060468.0,12282.7,12288.7
1748212061209.0,12282.6,12288.6
1748212064727.0,12282.4,12288.4
1748212066899.0,12282.5,12288.5
1748212066997.0,12282.6,12288.6
1748212067591.0,12282.9,12288.9
1748212068200.0,12282.7,12288.7
1748212068491.0,12282.4,12288.4
1748212071054.0,12282.5,12288.5
1748212071150.0,12282.6,12288.6
1748212072487.0,12282.4,12288.4
1748212073660.0,12282.6,12288.6
1748212073880.0,12282.4,12288.4
1748212075551.0,12282.9,12288.9
1748212078469.0,12282.7,12288.7
1748212078660.0,12282.8,12288.8
1748212078761.0,12282.9,12288.9
1748212079986.0,12283.3,12289.3
1748212080087.0,12285.3,12291.3
1748212080311.0,12284.7,12290.7
1748212080535.0,12284.8,12290.8
1748212080682.0,12285.0,12291.0
1748212080908.0,12285.1,12291.1
1748212081273.0,12285.3,12291.3
1748212081933.0,12284.8,12290.8
1748212082306.0,12285.0,12291.0
1748212082521.0,12285.1,12291.1
1748212082747.0,12285.3,12291.3
1748212083543.0,12285.1,12291.1
1748212083767.0,12284.7,12290.7
1748212084371.0,12284.8,12290.8
1748212084595.0,12284.7,12290.7
1748212084898.0,12284.5,12290.5
1748212085124.0,12284.7,12290.7
1748212085348.0,12284.5,12290.5
1748212088140.0,12284.2,12290.2
1748212089005.0,12284.5,12290.5
1748212090152.0,12284.4,12290.4
1748212090378.0,12284.5,12290.5
1748212090601.0,12284.2,12290.2
1748212090823.0,12284.4,12290.4
1748212091158.0,12284.2,12290.2
1748212091787.0,12283.6,12289.6
1748212092460.0,12283.8,12289.8
1748212092748.0,12283.6,12289.6
1748212093974.0,12283.9,12289.9
1748212094198.0,12283.8,12289.8
1748212094422.0,12283.5,12289.5
1748212094999.0,12282.9,12288.9
1748212095338.0,12283.2,12289.2
1748212095485.0,12283.3,12289.3
1748212097249.0,12283.4,12289.4
1748212097345.0,12283.6,12289.6
1748212098272.0,12283.8,12289.8
1748212101082.0,12283.3,12289.3
1748212103854.0,12283.5,12289.5
1748212104624.0,12283.3,12289.3
1748212104849.0,12283.2,12289.2
1748212106193.0,12282.9,12288.9
1748212107219.0,12282.6,12288.6
1748212107788.0,12282.4,12288.4
1748212108266.0,12282.6,12288.6
1748212108742.0,12283.3,12289.3
1748212108967.0,12283.2,12289.2
1748212109193.0,12282.9,12288.9
1748212109895.0,12283.3,12289.3
1748212110196.0,12283.2,12289.2
1748212110766.0,12283.3,12289.3
1748212111069.0,12283.2,12289.2
1748212111229.0,12283.3,12289.3
1748212111441.0,12283.5,12289.5
1748212114445.0,12283.6,12289.6
1748212119417.0,12283.5,12289.5
1748212120247.0,12282.9,12288.9
1748212122044.0,12283.3,12289.3
1748212123078.0,12282.9,12288.9
1748212123859.0,12282.7,12288.7
1748212124090.0,12282.6,12288.6
1748212125462.0,12282.9,12288.9
1748212126264.0,12283.5,12289.5
1748212126485.0,12283.3,12289.3
1748212126614.0,12283.4,12289.4
1748212126711.0,12283.6,12289.6
1748212127142.0,12283.5,12289.5
1748212127295.0,12283.6,12289.6
1748212129168.0,12283.5,12289.5
1748212130301.0,12283.3,12289.3
1748212132334.0,12283.5,12289.5
1748212132625.0,12283.3,12289.3
1748212133388.0,12283.9,12289.9
1748212134205.0,12283.6,12289.6
1748212135393.0,12283.5,12289.5
1748212135709.0,12283.6,12289.6
1748212137226.0,12283.7,12289.7
1748212137321.0,12284.4,12290.4
1748212139024.0,12284.2,12290.2
1748212139597.0,12284.4,12290.4
1748212139821.0,12284.5,12290.5
1748212141708.0,12283.8,12289.8
1748212142156.0,12283.9,12289.9
1748212142524.0,12284.0,12290.0
1748212142624.0,12284.4,12290.4
1748212147144.0,12284.2,12290.2
1748212148318.0,12283.6,12289.6
1748212149123.0,12283.5,12289.5
1748212150985.0,12283.6,12289.6
1748212151287.0,12283.5,12289.5
1748212152142.0,12283.6,12289.6
1748212154439.0,12283.5,12289.5
1748212158709.0,12283.9,12289.9
1748212159206.0,12283.8,12289.8
1748212159431.0,12283.5,12289.5
1748212161400.0,12283.2,12289.2
1748212161807.0,12283.3,12289.3
1748212161908.0,12283.5,12289.5
1748212162793.0,12283.4,12289.4
1748212163248.0,12283.5,12289.5
1748212163718.0,12284.0,12290.0
1748212163845.0,12283.9,12289.9
1748212163943.0,12283.8,12289.8
1748212164730.0,12283.7,12289.7
1748212170528.0,12283.8,12289.8
1748212172245.0,12283.7,12289.7
1748212172969.0,12283.8,12289.8
1748212173364.0,12283.7,12289.7
1748212173589.0,12284.5,12290.5
1748212174002.0,12284.4,12290.4
1748212174871.0,12284.0,12290.0
1748212176944.0,12284.4,12290.4
1748212177411.0,12284.1,12290.1
1748212183496.0,12284.4,12290.4
1748212183794.0,12284.5,12290.5
1748212184777.0,12284.6,12290.6
1748212184874.0,12284.7,12290.7
1748212185098.0,12285.3,12291.3
1748212185752.0,12285.7,12291.7
1748212186855.0,12286.2,12292.2
1748212187080.0,12286.5,12292.5
1748212187271.0,12286.3,12292.3
1748212187485.0,12286.2,12292.2
1748212187865.0,12286.0,12292.0
1748212188808.0,12286.2,12292.2
1748212189336.0,12286.4,12292.4
1748212189435.0,12286.9,12292.9
1748212189582.0,12287.1,12293.1
1748212191340.0,12286.8,12292.8
1748212191912.0,12286.3,12292.3
1748212192371.0,12286.5,12292.5
1748212193232.0,12286.8,12292.8
1748212193456.0,12287.2,12293.2
1748212193608.0,12287.4,12293.4
1748212193906.0,12287.2,12293.2
1748212194472.0,12287.1,12293.1
1748212194961.0,12286.9,12292.9
1748212195458.0,12287.1,12293.1
1748212195848.0,12287.2,12293.2
1748212196332.0,12287.5,12293.5
1748212196868.0,12287.4,12293.4
1748212197170.0,12287.2,12293.2
1748212197994.0,12287.4,12293.4
1748212199148.0,12288.0,12294.0
1748212199380.0,12287.7,12293.7
1748212199528.0,12287.5,12293.5
1748212199831.0,12288.0,12294.0
1748212200200.0,12287.7,12293.7
1748212200425.0,12288.0,12294.0
1748212200649.0,12287.7,12293.7
1748212200875.0,12288.0,12294.0
1748212201100.0,12287.7,12293.7
1748212201324.0,12288.1,12294.1
1748212201549.0,12288.6,12294.6
1748212202040.0,12288.4,12294.4
1748212202272.0,12287.4,12293.4
1748212202492.0,12287.2,12293.2
1748212202718.0,12287.5,12293.5
1748212202866.0,12287.4,12293.4
1748212204109.0,12288.0,12294.0
1748212204328.0,12287.7,12293.7
1748212204483.0,12287.5,12293.5
1748212205417.0,12287.4,12293.4
1748212205764.0,12287.5,12293.5
1748212207296.0,12287.4,12293.4
1748212207589.0,12286.5,12292.5
1748212207812.0,12286.8,12292.8
1748212208039.0,12287.2,12293.2
1748212208459.0,12287.4,12293.4
1748212208670.0,12287.5,12293.5
1748212208896.0,12287.4,12293.4
1748212209199.0,12287.2,12293.2
1748212209422.0,12286.9,12292.9
1748212209876.0,12286.8,12292.8
1748212210101.0,12286.5,12292.5
1748212210250.0,12286.3,12292.3
1748212210687.0,12286.5,12292.5
1748212210911.0,12285.9,12291.9
1748212211403.0,12285.7,12291.7
1748212211694.0,12285.3,12291.3
1748212212366.0,12285.1,12291.1
1748212212589.0,12285.0,12291.0
1748212212761.0,12285.1,12291.1
1748212212966.0,12285.2,12291.2
1748212213066.0,12285.4,12291.4
1748212213438.0,12285.4,12291.4
1748212213875.0,12285.3,12291.3
1748212214023.0,12285.4,12291.4
1748212214253.0,12285.7,12291.7
1748212214549.0,12285.9,12291.9
1748212215094.0,12285.3,12291.3
1748212215511.0,12285.1,12291.1
1748212215736.0,12285.0,12291.0
1748212217274.0,12284.8,12290.8
1748212217491.0,12285.0,12291.0
1748212217718.0,12284.8,12290.8
1748212217942.0,12284.7,12290.7
1748212218483.0,12284.6,12290.6
1748212218584.0,12284.7,12290.7
1748212218808.0,12284.8,12290.8
1748212219034.0,12284.5,12290.5
1748212219873.0,12284.4,12290.4
1748212220090.0,12284.0,12290.0
1748212220245.0,12284.1,12290.1
1748212220966.0,12284.0,12290.0
1748212221271.0,12283.9,12289.9
1748212221370.0,12283.8,12289.8
1748212222236.0,12283.7,12289.7
1748212222834.0,12283.5,12289.5
1748212223060.0,12283.4,12289.4
1748212223431.0,12283.5,12289.5
1748212223850.0,12283.6,12289.6
1748212223949.0,12283.5,12289.5
1748212224173.0,12283.4,12289.4
1748212225171.0,12283.5,12289.5
1748212225737.0,12283.7,12289.7
1748212227297.0,12283.4,12289.4
1748212227442.0,12283.5,12289.5
1748212228008.0,12284.1,12290.1
1748212228233.0,12283.7,12289.7
1748212228381.0,12283.8,12289.8
1748212228831.0,12283.8,12289.8
1748212230837.0,12283.7,12289.7
1748212232736.0,12283.6,12289.6
1748212232833.0,12283.5,12289.5
1748212233233.0,12282.6,12288.6
1748212234333.0,12283.1,12289.1
1748212234747.0,12282.9,12288.9
1748212235223.0,12283.1,12289.1
1748212237135.0,12283.4,12289.4
1748212240125.0,12283.1,12289.1
1748212240269.0,12282.9,12288.9
1748212241779.0,12283.1,12289.1
1748212242631.0,12283.4,12289.4
1748212242777.0,12283.5,12289.5
1748212243081.0,12283.4,12289.4
1748212243241.0,12283.5,12289.5
1748212243530.0,12283.8,12289.8
1748212243755.0,12283.7,12289.7
1748212245373.0,12283.8,12289.8
1748212246035.0,12283.7,12289.7
1748212246197.0,12283.8,12289.8
1748212247033.0,12283.7,12289.7
1748212248235.0,12283.6,12289.6
1748212248333.0,12283.4,12289.4
1748212252507.0,12283.5,12289.5
1748212254913.0,12283.4,12289.4
1748212256764.0,12283.3,12289.3
1748212256865.0,12283.1,12289.1
1748212258515.0,12282.9,12288.9
1748212258805.0,12283.1,12289.1
1748212260367.0,12283.4,12289.4
1748212261567.0,12283.5,12289.5
1748212261857.0,12283.1,12289.1
1748212262446.0,12282.9,12288.9
1748212262734.0,12282.3,12288.3
1748212264706.0,12281.4,12287.4
1748212265008.0,12281.6,12287.6
1748212266001.0,12281.4,12287.4
1748212266493.0,12281.6,12287.6
1748212266895.0,12281.3,12287.3
1748212267296.0,12281.0,12287.0
1748212268108.0,12280.7,12286.7
1748212268607.0,12281.0,12287.0
1748212268909.0,12281.1,12287.1
1748212269269.0,12281.0,12287.0
1748212269559.0,12281.1,12287.1
1748212270710.0,12281.3,12287.3
1748212273960.0,12281.4,12287.4
1748212274360.0,12281.9,12287.9
1748212274583.0,12281.6,12287.6
1748212274878.0,12281.4,12287.4
1748212275344.0,12281.3,12287.3
1748212275634.0,12281.4,12287.4
1748212277087.0,12280.5,12286.5
1748212277576.0,12280.7,12286.7
1748212278116.0,12280.5,12286.5
1748212279020.0,12280.1,12286.1
1748212279465.0,12280.2,12286.2
1748212279755.0,12280.1,12286.1
1748212279980.0,12279.9,12285.9
1748212280140.0,12280.1,12286.1
1748212280429.0,12279.9,12285.9
1748212280578.0,12280.1,12286.1
1748212282091.0,12279.9,12285.9
1748212282315.0,12280.2,12286.2
1748212282541.0,12280.5,12286.5
1748212282767.0,12280.1,12286.1
1748212283089.0,12280.4,12286.4
1748212283319.0,12280.2,12286.2
1748212283543.0,12280.1,12286.1
1748212283767.0,12279.9,12285.9
1748212283993.0,12279.8,12285.8
1748212284693.0,12279.9,12285.9
1748212284916.0,12280.1,12286.1
1748212285926.0,12280.2,12286.2
1748212287344.0,12280.1,12286.1
1748212289004.0,12280.2,12286.2
1748212289293.0,12280.1,12286.1
1748212289518.0,12279.9,12285.9
