None,,
None,,
None,,
None,,
None,,
None,,
None,,
None,,
None,,
None,,
None,,
None,,
None,,
None,,
None,,
None,,
1748210525459.0,23491.8,23521.8
1748210526290.0,23491.5,23521.5
1748210526418.0,23492.1,23522.1
1748210526641.0,23491.9,23521.9
1748210526738.0,23491.8,23521.8
1748210527344.0,23492.1,23522.1
1748210527566.0,23493.0,23523.0
1748210527662.0,23493.1,23523.1
1748210527944.0,23493.9,23523.9
1748210528041.0,23494.0,23524.0
1748210528170.0,23495.4,23525.4
1748210528265.0,23495.6,23525.6
1748210529118.0,23495.8,23525.8
1748210529213.0,23495.9,23525.9
1748210529463.0,23496.2,23526.2
1748210529594.0,23496.7,23526.7
1748210529817.0,23496.2,23526.2
1748210530042.0,23495.9,23525.9
1748210531467.0,23495.3,23525.3
1748210531689.0,23495.5,23525.5
1748210531787.0,23495.6,23525.6
1748210532265.0,23495.8,23525.8
1748210532359.0,23495.9,23525.9
1748210532487.0,23495.3,23525.3
1748210533029.0,23495.8,23525.8
1748210533124.0,23495.9,23525.9
1748210533996.0,23497.5,23527.5
1748210534092.0,23497.7,23527.7
1748210534455.0,23497.5,23527.5
1748210534551.0,23497.4,23527.4
1748210534679.0,23498.0,23528.0
1748210534903.0,23498.3,23528.3
1748210535131.0,23492.6,23522.6
1748210535229.0,23491.8,23521.8
1748210535450.0,23492.2,23522.2
1748210536385.0,23492.4,23522.4
1748210536482.0,23492.5,23522.5
1748210537035.0,23492.8,23522.8
1748210537162.0,23494.2,23524.2
1748210537258.0,23494.3,23524.3
1748210537710.0,23494.6,23524.6
1748210537935.0,23495.7,23525.7
1748210538032.0,23495.9,23525.9
1748210539035.0,23497.1,23527.1
1748210539472.0,23497.4,23527.4
1748210540127.0,23497.1,23527.1
1748210540827.0,23498.5,23528.5
1748210540922.0,23498.6,23528.6
1748210541717.0,23498.1,23528.1
1748210541943.0,23498.3,23528.3
1748210542170.0,23497.5,23527.5
1748210542267.0,23497.4,23527.4
1748210542491.0,23498.6,23528.6
1748210542716.0,23497.4,23527.4
1748210543587.0,23498.3,23528.3
1748210543907.0,23498.0,23528.0
1748210544135.0,23496.2,23526.2
1748210544359.0,23495.9,23525.9
1748210544682.0,23496.5,23526.5
1748210545500.0,23497.0,23527.0
1748210545721.0,23496.8,23526.8
1748210546003.0,23496.5,23526.5
1748210546963.0,23497.4,23527.4
1748210548408.0,23497.2,23527.2
1748210548505.0,23497.1,23527.1
1748210548742.0,23496.8,23526.8
1748210550320.0,23497.1,23527.1
1748210550541.0,23497.7,23527.7
1748210550972.0,23497.2,23527.2
1748210551065.0,23497.1,23527.1
1748210551993.0,23496.8,23526.8
1748210552576.0,23497.1,23527.1
1748210553151.0,23497.7,23527.7
1748210553378.0,23497.2,23527.2
1748210553473.0,23497.1,23527.1
1748210554051.0,23497.4,23527.4
1748210554371.0,23496.5,23526.5
1748210557135.0,23497.4,23527.4
1748210558045.0,23496.6,23526.6
1748210558140.0,23496.5,23526.5
1748210562089.0,23497.4,23527.4
1748210562859.0,23497.2,23527.2
1748210562956.0,23497.1,23527.1
1748210563833.0,23496.8,23526.8
1748210564734.0,23497.1,23527.1
1748210565849.0,23496.8,23526.8
1748210566264.0,23497.1,23527.1
1748210566583.0,23496.5,23526.5
1748210568420.0,23496.8,23526.8
1748210569930.0,23496.5,23526.5
1748210571381.0,23498.3,23528.3
1748210571506.0,23498.6,23528.6
1748210571827.0,23498.0,23528.0
1748210572529.0,23497.8,23527.8
1748210572626.0,23497.7,23527.7
1748210572850.0,23495.0,23525.0
1748210572978.0,23494.1,23524.1
1748210573075.0,23494.0,23524.0
1748210573209.0,23494.3,23524.3
1748210576996.0,23494.6,23524.6
1748210577218.0,23495.4,23525.4
1748210577316.0,23495.6,23525.6
1748210577540.0,23495.9,23525.9
1748210577668.0,23497.5,23527.5
1748210577893.0,23498.0,23528.0
1748210579070.0,23497.8,23527.8
1748210579167.0,23497.7,23527.7
1748210579291.0,23498.0,23528.0
1748210581216.0,23499.4,23529.4
1748210581312.0,23499.6,23529.6
1748210581537.0,23500.5,23530.5
1748210581863.0,23500.8,23530.8
1748210582261.0,23500.3,23530.3
1748210582355.0,23500.2,23530.2
1748210582697.0,23500.5,23530.5
1748210583434.0,23502.1,23532.1
1748210583565.0,23501.8,23531.8
1748210584145.0,23502.0,23532.0
1748210584367.0,23502.3,23532.3
1748210584465.0,23502.4,23532.4
1748210584744.0,23502.1,23532.1
1748210585243.0,23501.5,23531.5
1748210585563.0,23504.2,23534.2
1748210585690.0,23503.7,23533.7
1748210585787.0,23503.6,23533.6
1748210586822.0,23503.9,23533.9
1748210587144.0,23504.8,23534.8
1748210587554.0,23506.1,23536.1
1748210588155.0,23505.0,23535.0
1748210588247.0,23504.8,23534.8
1748210588684.0,23505.2,23535.2
1748210589198.0,23504.9,23534.9
1748210589294.0,23504.8,23534.8
1748210590297.0,23504.5,23534.5
1748210591275.0,23504.8,23534.8
1748210591942.0,23505.8,23535.8
1748210592166.0,23505.4,23535.4
1748210592541.0,23505.8,23535.8
1748210592764.0,23505.4,23535.4
1748210593799.0,23506.0,23536.0
1748210593895.0,23506.1,23536.1
1748210594119.0,23505.4,23535.4
1748210594452.0,23505.8,23535.8
1748210594676.0,23507.0,23537.0
1748210595289.0,23506.7,23536.7
1748210596212.0,23507.0,23537.0
1748210596438.0,23508.4,23538.4
1748210596660.0,23508.8,23538.8
1748210596758.0,23508.9,23538.9
1748210597010.0,23508.0,23538.0
1748210597108.0,23507.9,23537.9
1748210598269.0,23507.7,23537.7
1748210598588.0,23508.3,23538.3
1748210599563.0,23507.7,23537.7
1748210599931.0,23507.9,23537.9
1748210600334.0,23505.7,23535.7
1748210600431.0,23505.4,23535.4
1748210600654.0,23507.3,23537.3
1748210600933.0,23507.9,23537.9
1748210601255.0,23508.3,23538.3
1748210601751.0,23508.0,23538.0
1748210601848.0,23507.9,23537.9
1748210601971.0,23508.5,23538.5
1748210602070.0,23508.6,23538.6
1748210602517.0,23507.0,23537.0
1748210602643.0,23506.5,23536.5
1748210602868.0,23507.0,23537.0
1748210603190.0,23507.7,23537.7
1748210603319.0,23508.5,23538.5
1748210603415.0,23508.6,23538.6
1748210603828.0,23507.7,23537.7
1748210604054.0,23506.8,23536.8
1748210604150.0,23506.7,23536.7
1748210604611.0,23507.0,23537.0
1748210605009.0,23506.7,23536.7
1748210605470.0,23508.1,23538.1
1748210605567.0,23508.3,23538.3
1748210605935.0,23508.0,23538.0
1748210606032.0,23507.9,23537.9
1748210606730.0,23507.7,23537.7
1748210608139.0,23506.0,23536.0
1748210608358.0,23504.7,23534.7
1748210608455.0,23504.5,23534.5
1748210608679.0,23504.2,23534.2
1748210608807.0,23505.9,23535.9
1748210608904.0,23506.1,23536.1
1748210609315.0,23505.0,23535.0
1748210609412.0,23504.8,23534.8
1748210609772.0,23504.0,23534.0
1748210609869.0,23503.9,23533.9
1748210610091.0,23503.3,23533.3
1748210610217.0,23503.6,23533.6
1748210610541.0,23503.3,23533.3
1748210611300.0,23503.0,23533.0
1748210611522.0,23504.1,23534.1
1748210611620.0,23504.2,23534.2
1748210612569.0,23504.5,23534.5
1748210612796.0,23504.8,23534.8
1748210613338.0,23505.1,23535.1
1748210613434.0,23505.2,23535.2
1748210613562.0,23505.4,23535.4
1748210615236.0,23505.2,23535.2
1748210615459.0,23505.7,23535.7
1748210615556.0,23505.8,23535.8
1748210615986.0,23505.2,23535.2
1748210616255.0,23505.4,23535.4
1748210617560.0,23505.2,23535.2
1748210618425.0,23506.5,23536.5
1748210618519.0,23506.7,23536.7
1748210619364.0,23506.4,23536.4
1748210620025.0,23504.8,23534.8
1748210620122.0,23504.5,23534.5
1748210621775.0,23505.4,23535.4
1748210622528.0,23505.7,23535.7
1748210622625.0,23505.8,23535.8
1748210624130.0,23505.4,23535.4
1748210624256.0,23505.2,23535.2
1748210625922.0,23507.7,23537.7
1748210627082.0,23508.2,23538.2
1748210627180.0,23508.3,23538.3
1748210630224.0,23508.0,23538.0
1748210630320.0,23507.9,23537.9
1748210631563.0,23508.2,23538.2
1748210631885.0,23507.3,23537.3
1748210633517.0,23507.6,23537.6
1748210633613.0,23507.7,23537.7
1748210634874.0,23508.2,23538.2
1748210635093.0,23508.5,23538.5
1748210635192.0,23508.6,23538.6
1748210636014.0,23507.5,23537.5
1748210636335.0,23506.7,23536.7
1748210636460.0,23506.4,23536.4
1748210638196.0,23505.3,23535.3
1748210638291.0,23505.2,23535.2
1748210640556.0,23505.4,23535.4
1748210641553.0,23505.7,23535.7
1748210641649.0,23505.8,23535.8
1748210641776.0,23505.2,23535.2
1748210642914.0,23505.4,23535.4
1748210644402.0,23505.2,23535.2
1748210647413.0,23505.7,23535.7
1748210647509.0,23505.8,23535.8
1748210648574.0,23505.2,23535.2
1748210650821.0,23504.6,23534.6
1748210650915.0,23504.5,23534.5
1748210653488.0,23503.6,23533.6
1748210655455.0,23503.4,23533.4
1748210655551.0,23503.3,23533.3
1748210660693.0,23502.7,23532.7
1748210663502.0,23500.5,23530.5
1748210663599.0,23500.2,23530.2
1748210665864.0,23499.4,23529.4
1748210665960.0,23499.3,23529.3
1748210666522.0,23499.0,23529.0
1748210667318.0,23498.4,23528.4
1748210667414.0,23498.3,23528.3
1748210667849.0,23498.6,23528.6
1748210669017.0,23499.0,23529.0
1748210670287.0,23499.6,23529.6
1748210670412.0,23499.3,23529.3
1748210674593.0,23498.3,23528.3
1748210676929.0,23498.6,23528.6
1748210677251.0,23498.3,23528.3
1748210682098.0,23500.2,23530.2
1748210682226.0,23499.9,23529.9
1748210683666.0,23500.2,23530.2
1748210683888.0,23500.5,23530.5
1748210684392.0,23501.1,23531.1
1748210685331.0,23501.4,23531.4
1748210685428.0,23501.5,23531.5
1748210686741.0,23501.8,23531.8
1748210687043.0,23502.6,23532.6
1748210687140.0,23502.7,23532.7
1748210687365.0,23503.0,23533.0
1748210687857.0,23503.3,23533.3
1748210688961.0,23503.6,23533.6
1748210689598.0,23503.9,23533.9
1748210690692.0,23504.7,23534.7
1748210690789.0,23504.8,23534.8
1748210692860.0,23504.5,23534.5
1748210693640.0,23504.3,23534.3
1748210693865.0,23503.4,23533.4
1748210693962.0,23503.3,23533.3
1748210695411.0,23503.9,23533.9
1748210700505.0,23502.7,23532.7
1748210700633.0,23502.1,23532.1
1748210700857.0,23502.3,23532.3
1748210700954.0,23502.4,23532.4
1748210701298.0,23502.1,23532.1
1748210702004.0,23502.4,23532.4
1748210702403.0,23503.0,23533.0
1748210704404.0,23502.7,23532.7
1748210704622.0,23502.4,23532.4
1748210706476.0,23502.7,23532.7
1748210706879.0,23503.5,23533.5
1748210706973.0,23503.6,23533.6
1748210709418.0,23503.9,23533.9
1748210710047.0,23503.6,23533.6
1748210710283.0,23503.4,23533.4
1748210710380.0,23503.3,23533.3
1748210712406.0,23504.2,23534.2
1748210712534.0,23504.5,23534.5
1748210712756.0,23504.3,23534.3
1748210712854.0,23504.2,23534.2
1748210713737.0,23504.5,23534.5
1748210713960.0,23504.8,23534.8
1748210714828.0,23505.1,23535.1
1748210715054.0,23505.7,23535.7
1748210715152.0,23505.8,23535.8
1748210715440.0,23505.2,23535.2
1748210716215.0,23505.4,23535.4
1748210717952.0,23504.6,23534.6
1748210718172.0,23503.4,23533.4
1748210718269.0,23503.2,23533.2
1748210718399.0,23503.5,23533.5
1748210719576.0,23503.8,23533.8
1748210719673.0,23503.9,23533.9
1748210720070.0,23503.5,23533.5
1748210721275.0,23504.9,23534.9
1748210721370.0,23505.1,23535.1
1748210722751.0,23504.8,23534.8
1748210722976.0,23504.2,23534.2
1748210723595.0,23505.0,23535.0
1748210723691.0,23505.1,23535.1
1748210724727.0,23505.4,23535.4
1748210724954.0,23506.0,23536.0
1748210725546.0,23506.7,23536.7
1748210725671.0,23506.9,23536.9
1748210726570.0,23507.2,23537.2
1748210726891.0,23506.9,23536.9
1748210727954.0,23506.7,23536.7
1748210728455.0,23506.9,23536.9
1748210729044.0,23507.2,23537.2
1748210729268.0,23507.0,23537.0
1748210729365.0,23506.9,23536.9
1748210731125.0,23507.2,23537.2
1748210731221.0,23507.3,23537.3
1748210732917.0,23505.8,23535.8
1748210733143.0,23506.0,23536.0
1748210733365.0,23506.3,23536.3
1748210733898.0,23506.6,23536.6
1748210734122.0,23507.5,23537.5
1748210734219.0,23507.6,23537.6
1748210734353.0,23507.3,23537.3
1748210734678.0,23505.7,23535.7
1748210734997.0,23506.0,23536.0
1748210735221.0,23506.3,23536.3
1748210735675.0,23506.6,23536.6
1748210735773.0,23506.7,23536.7
1748210737158.0,23505.8,23535.8
1748210737253.0,23505.7,23535.7
1748210740253.0,23506.0,23536.0
1748210740568.0,23505.7,23535.7
1748210746236.0,23505.4,23535.4
1748210746815.0,23506.7,23536.7
1748210750529.0,23506.4,23536.4
1748210750624.0,23506.3,23536.3
1748210750749.0,23506.1,23536.1
1748210750848.0,23506.0,23536.0
1748210753726.0,23505.8,23535.8
1748210753823.0,23505.7,23535.7
1748210753951.0,23506.2,23536.2
1748210754048.0,23506.3,23536.3
1748210755799.0,23506.6,23536.6
1748210755894.0,23506.7,23536.7
1748210756540.0,23505.7,23535.7
1748210757637.0,23506.8,23536.8
1748210757734.0,23506.9,23536.9
1748210759740.0,23507.2,23537.2
1748210759962.0,23507.5,23537.5
1748210760060.0,23507.6,23537.6
1748210762204.0,23507.8,23537.8
1748210762429.0,23507.6,23537.6
1748210763498.0,23507.8,23537.8
1748210763593.0,23507.9,23537.9
1748210764161.0,23508.5,23538.5
1748210764480.0,23507.6,23537.6
1748210765490.0,23507.3,23537.3
1748210766895.0,23506.9,23536.9
1748210767168.0,23507.2,23537.2
1748210767393.0,23507.5,23537.5
1748210767491.0,23507.6,23537.6
1748210767715.0,23507.9,23537.9
1748210767843.0,23508.2,23538.2
1748210769247.0,23508.5,23538.5
1748210769466.0,23508.8,23538.8
1748210774500.0,23508.3,23538.3
1748210774596.0,23508.2,23538.2
1748210775052.0,23508.5,23538.5
1748210776908.0,23508.0,23538.0
1748210777003.0,23507.9,23537.9
1748210777442.0,23507.6,23537.6
1748210778104.0,23507.3,23537.3
1748210778327.0,23506.7,23536.7
1748210778793.0,23506.9,23536.9
1748210779335.0,23507.3,23537.3
1748210779562.0,23507.6,23537.6
1748210779787.0,23508.2,23538.2
1748210780659.0,23508.5,23538.5
1748210782082.0,23508.8,23538.8
1748210782570.0,23509.1,23539.1
1748210782795.0,23508.8,23538.8
1748210783410.0,23507.9,23537.9
1748210783537.0,23508.2,23538.2
1748210783759.0,23507.9,23537.9
1748210783988.0,23507.6,23537.6
1748210784581.0,23507.3,23537.3
1748210784898.0,23506.9,23536.9
1748210785261.0,23507.3,23537.3
1748210785483.0,23507.0,23537.0
1748210785580.0,23506.9,23536.9
1748210785804.0,23507.2,23537.2
1748210786028.0,23507.0,23537.0
1748210786126.0,23506.9,23536.9
1748210786768.0,23507.2,23537.2
1748210786866.0,23507.3,23537.3
1748210792112.0,23508.4,23538.4
1748210792206.0,23508.5,23538.5
1748210793458.0,23508.2,23538.2
1748210794149.0,23508.5,23538.5
1748210794373.0,23508.0,23538.0
1748210794469.0,23507.9,23537.9
1748210795716.0,23507.6,23537.6
1748210809584.0,23507.3,23537.3
1748210810091.0,23506.9,23536.9
1748210811430.0,23506.1,23536.1
1748210811526.0,23506.0,23536.0
1748210812262.0,23505.1,23535.1
1748210812671.0,23504.8,23534.8
1748210814763.0,23505.3,23535.3
1748210814859.0,23505.4,23535.4
1748210815896.0,23506.8,23536.8
1748210815992.0,23506.9,23536.9
1748210816220.0,23508.8,23538.8
1748210816346.0,23518.4,23548.4
1748210816571.0,23521.6,23551.6
1748210816667.0,23521.8,23551.8
1748210816892.0,23520.5,23550.5
1748210817102.0,23520.3,23550.3
1748210817329.0,23519.7,23549.7
1748210817555.0,23522.1,23552.1
1748210817651.0,23522.4,23552.4
1748210818175.0,23521.5,23551.5
1748210818300.0,23521.2,23551.2
1748210818784.0,23528.9,23558.9
1748210818910.0,23527.8,23557.8
1748210819008.0,23527.7,23557.7
1748210819235.0,23526.7,23556.7
1748210819432.0,23535.8,23565.8
1748210819683.0,23538.5,23568.5
1748210819809.0,23541.8,23571.8
1748210820037.0,23539.0,23569.0
1748210820132.0,23538.5,23568.5
1748210820358.0,23537.0,23567.0
1748210820486.0,23532.3,23562.3
1748210820582.0,23531.8,23561.8
1748210820807.0,23531.1,23561.1
1748210820933.0,23530.6,23560.6
1748210821032.0,23530.5,23560.5
1748210821258.0,23536.4,23566.4
1748210821387.0,23536.7,23566.7
1748210821610.0,23536.2,23566.2
1748210821707.0,23536.1,23566.1
1748210821933.0,23535.5,23565.5
1748210822159.0,23532.4,23562.4
1748210822385.0,23534.9,23564.9
1748210822513.0,23533.8,23563.8
1748210822608.0,23533.6,23563.6
1748210822736.0,23534.2,23564.2
1748210822959.0,23533.7,23563.7
1748210823188.0,23530.1,23560.1
1748210823282.0,23529.6,23559.6
1748210823507.0,23527.4,23557.4
1748210823634.0,23527.2,23557.2
1748210823732.0,23527.1,23557.1
1748210823956.0,23526.8,23556.8
1748210825030.0,23525.6,23555.6
1748210825758.0,23534.7,23564.7
1748210825979.0,23538.3,23568.3
1748210826078.0,23538.6,23568.6
1748210826302.0,23534.6,23564.6
1748210826432.0,23532.6,23562.6
1748210826528.0,23532.4,23562.4
1748210826755.0,23529.4,23559.4
1748210826853.0,23529.0,23559.0
1748210827078.0,23531.1,23561.1
1748210827203.0,23531.4,23561.4
1748210827302.0,23531.5,23561.5
1748210827584.0,23531.2,23561.2
1748210827680.0,23531.1,23561.1
1748210827907.0,23528.0,23558.0
1748210828465.0,23529.2,23559.2
1748210828560.0,23529.3,23559.3
1748210828785.0,23528.4,23558.4
1748210829295.0,23528.7,23558.7
1748210829982.0,23528.4,23558.4
1748210830209.0,23531.1,23561.1
1748210830306.0,23531.5,23561.5
1748210830531.0,23532.4,23562.4
1748210831021.0,23527.8,23557.8
1748210831654.0,23527.1,23557.1
1748210831781.0,23528.0,23558.0
1748210832103.0,23529.3,23559.3
1748210832228.0,23529.9,23559.9
1748210832458.0,23529.6,23559.6
1748210832683.0,23528.2,23558.2
1748210832777.0,23528.0,23558.0
1748210833022.0,23528.6,23558.6
1748210833243.0,23527.6,23557.6
1748210833341.0,23527.4,23557.4
1748210833987.0,23528.0,23558.0
1748210834287.0,23527.8,23557.8
1748210834511.0,23526.9,23556.9
1748210834610.0,23526.8,23556.8
1748210834957.0,23526.5,23556.5
1748210835185.0,23524.9,23554.9
1748210835281.0,23524.6,23554.6
1748210835683.0,23524.9,23554.9
1748210836008.0,23527.1,23557.1
1748210836134.0,23524.4,23554.4
1748210836358.0,23524.8,23554.8
1748210836455.0,23524.9,23554.9
1748210836680.0,23523.7,23553.7
1748210836807.0,23524.3,23554.3
1748210837290.0,23526.5,23556.5
1748210837386.0,23526.8,23556.8
1748210837611.0,23525.9,23555.9
1748210837738.0,23525.1,23555.1
1748210837835.0,23524.9,23554.9
1748210838082.0,23524.7,23554.7
1748210838179.0,23524.6,23554.6
1748210838306.0,23523.8,23553.8
1748210838530.0,23522.6,23552.6
1748210838629.0,23522.5,23552.5
1748210838881.0,23521.9,23551.9
1748210839808.0,23522.2,23552.2
1748210839936.0,23523.0,23553.0
1748210840033.0,23523.1,23553.1
1748210841102.0,23522.8,23552.8
1748210841834.0,23522.5,23552.5
1748210842059.0,23523.0,23553.0
1748210842284.0,23522.8,23552.8
1748210842607.0,23521.9,23551.9
1748210843023.0,23522.1,23552.1
1748210843247.0,23523.5,23553.5
1748210843346.0,23523.7,23553.7
1748210843901.0,23524.8,23554.8
1748210843996.0,23524.9,23554.9
1748210844216.0,23523.7,23553.7
1748210844346.0,23524.6,23554.6
1748210844568.0,23524.9,23554.9
1748210845112.0,23524.3,23554.3
1748210845559.0,23523.8,23553.8
1748210845784.0,23525.9,23555.9
1748210845881.0,23526.2,23556.2
1748210848129.0,23525.9,23555.9
1748210848452.0,23524.3,23554.3
1748210849113.0,23524.9,23554.9
1748210849209.0,23525.0,23555.0
1748210849512.0,23524.7,23554.7
1748210850329.0,23525.3,23555.3
1748210850730.0,23526.7,23556.7
1748210851052.0,23529.6,23559.6
1748210851277.0,23528.7,23558.7
1748210851406.0,23529.5,23559.5
1748210851631.0,23530.2,23560.2
1748210851986.0,23530.5,23560.5
1748210852308.0,23530.2,23560.2
1748210852534.0,23531.2,23561.2
1748210852662.0,23533.4,23563.4
1748210852888.0,23533.1,23563.1
1748210852983.0,23533.0,23563.0
1748210853110.0,23533.3,23563.3
1748210853432.0,23532.1,23562.1
1748210854139.0,23530.5,23560.5
1748210854443.0,23529.4,23559.4
1748210854539.0,23529.3,23559.3
1748210855833.0,23529.1,23559.1
1748210856057.0,23527.9,23557.9
1748210856283.0,23528.6,23558.6
1748210856379.0,23528.7,23558.7
1748210856507.0,23529.0,23559.0
1748210856951.0,23529.3,23559.3
1748210857179.0,23531.8,23561.8
1748210857401.0,23531.3,23561.3
1748210857499.0,23531.2,23561.2
1748210857868.0,23531.8,23561.8
1748210858453.0,23532.1,23562.1
1748210858672.0,23531.8,23561.8
1748210858900.0,23532.1,23562.1
1748210859221.0,23530.9,23560.9
1748210859492.0,23530.6,23560.6
1748210859590.0,23530.5,23560.5
1748210860035.0,23529.6,23559.6
1748210861351.0,23532.7,23562.7
1748210861665.0,23533.3,23563.3
1748210862610.0,23533.0,23563.0
1748210863126.0,23530.3,23560.3
1748210863224.0,23529.9,23559.9
1748210863773.0,23530.5,23560.5
1748210864298.0,23531.6,23561.6
1748210864395.0,23531.8,23561.8
1748210865296.0,23531.5,23561.5
1748210865513.0,23530.1,23560.1
1748210865739.0,23530.2,23560.2
1748210866061.0,23526.8,23556.8
1748210866862.0,23526.6,23556.6
1748210866959.0,23526.5,23556.5
1748210867086.0,23526.2,23556.2
1748210867957.0,23528.1,23558.1
1748210868257.0,23528.6,23558.6
1748210868355.0,23528.7,23558.7
1748210869317.0,23529.3,23559.3
1748210869445.0,23529.9,23559.9
1748210869668.0,23529.4,23559.4
1748210869767.0,23529.3,23559.3
1748210870396.0,23529.1,23559.1
1748210870619.0,23528.4,23558.4
1748210870940.0,23529.6,23559.6
1748210871286.0,23529.4,23559.4
1748210871514.0,23530.4,23560.4
1748210871612.0,23530.5,23560.5
1748210872522.0,23531.2,23561.2
1748210873457.0,23530.9,23560.9
1748210873779.0,23529.3,23559.3
1748210873906.0,23529.9,23559.9
1748210874757.0,23529.4,23559.4
1748210874854.0,23529.3,23559.3
1748210875364.0,23529.9,23559.9
1748210875586.0,23530.8,23560.8
1748210875683.0,23530.9,23560.9
1748210875961.0,23530.6,23560.6
1748210876286.0,23530.9,23560.9
1748210876511.0,23531.2,23561.2
1748210876642.0,23532.5,23562.5
1748210876865.0,23533.0,23563.0
1748210877467.0,23534.7,23564.7
1748210877561.0,23534.9,23564.9
1748210877687.0,23535.2,23565.2
1748210877912.0,23536.3,23566.3
1748210878010.0,23536.4,23566.4
1748210878465.0,23536.7,23566.7
1748210879097.0,23536.4,23566.4
1748210879652.0,23536.7,23566.7
1748210879977.0,23534.3,23564.3
1748210880353.0,23533.0,23563.0
1748210880626.0,23533.3,23563.3
1748210880851.0,23533.0,23563.0
1748210881594.0,23537.3,23567.3
1748210881946.0,23535.1,23565.1
1748210882172.0,23536.5,23566.5
1748210882270.0,23536.7,23566.7
1748210882396.0,23537.3,23567.3
1748210882835.0,23537.6,23567.6
1748210882931.0,23537.7,23567.7
1748210883157.0,23540.5,23570.5
1748210883382.0,23538.6,23568.6
1748210884108.0,23541.1,23571.1
1748210884235.0,23540.5,23570.5
1748210884708.0,23541.1,23571.1
1748210884837.0,23541.9,23571.9
1748210885059.0,23541.7,23571.7
1748210885383.0,23543.5,23573.5
1748210885686.0,23542.4,23572.4
1748210885907.0,23542.0,23572.0
1748210886231.0,23546.3,23576.3
1748210886360.0,23547.2,23577.2
1748210886459.0,23547.3,23577.3
1748210886956.0,23546.7,23576.7
1748210887278.0,23545.4,23575.4
1748210887505.0,23549.6,23579.6
1748210887631.0,23548.5,23578.5
1748210887857.0,23547.8,23577.8
1748210887955.0,23547.7,23577.7
1748210888180.0,23550.2,23580.2
1748210888534.0,23554.8,23584.8
1748210888857.0,23562.3,23592.3
1748210889080.0,23563.2,23593.2
1748210889204.0,23564.0,23594.0
1748210889418.0,23564.2,23594.2
1748210889517.0,23564.8,23594.8
1748210889656.0,23565.1,23595.1
1748210890055.0,23562.3,23592.3
1748210890408.0,23562.8,23592.8
1748210890731.0,23560.8,23590.8
1748210890956.0,23560.2,23590.2
1748210891177.0,23560.5,23590.5
1748210891402.0,23557.0,23587.0
1748210891625.0,23553.5,23583.5
1748210891722.0,23553.1,23583.1
1748210892279.0,23550.2,23580.2
1748210892500.0,23549.7,23579.7
1748210893274.0,23550.0,23580.0
1748210893498.0,23549.7,23579.7
1748210893823.0,23548.8,23578.8
1748210894176.0,23551.2,23581.2
1748210894497.0,23555.9,23585.9
1748210894723.0,23551.9,23581.9
1748210894851.0,23553.8,23583.8
1748210895077.0,23552.4,23582.4
1748210895175.0,23552.2,23582.2
1748210895300.0,23551.9,23581.9
1748210895621.0,23552.2,23582.2
1748210895919.0,23551.6,23581.6
1748210896240.0,23553.7,23583.7
1748210896518.0,23554.0,23584.0
1748210896740.0,23554.9,23584.9
1748210896968.0,23553.6,23583.6
1748210897065.0,23553.4,23583.4
1748210897291.0,23551.9,23581.9
1748210897641.0,23551.9,23581.9
1748210897867.0,23552.1,23582.1
1748210897965.0,23552.2,23582.2
1748210898190.0,23552.8,23582.8
1748210898463.0,23554.0,23584.0
1748210898592.0,23553.5,23583.5
1748210898815.0,23553.9,23583.9
1748210898913.0,23554.0,23584.0
1748210899139.0,23553.1,23583.1
1748210899266.0,23552.6,23582.6
1748210899493.0,23553.0,23583.0
1748210899813.0,23552.5,23582.5
1748210900039.0,23553.1,23583.1
1748210900167.0,23552.8,23582.8
1748210900568.0,23552.2,23582.2
1748210901404.0,23548.4,23578.4
1748210901631.0,23547.1,23577.1
1748210901727.0,23546.9,23576.9
1748210901853.0,23546.6,23576.6
1748210902081.0,23545.8,23575.8
1748210902305.0,23546.5,23576.5
1748210902402.0,23546.6,23576.6
1748210902533.0,23546.0,23576.0
1748210902853.0,23547.5,23577.5
1748210902979.0,23547.8,23577.8
1748210903204.0,23548.1,23578.1
1748210903302.0,23548.2,23578.2
1748210903526.0,23546.6,23576.6
1748210903655.0,23547.1,23577.1
1748210903880.0,23547.8,23577.8
1748210904203.0,23548.4,23578.4
1748210904428.0,23548.2,23578.2
1748210904752.0,23547.2,23577.2
1748210905097.0,23546.4,23576.4
1748210905195.0,23546.3,23576.3
1748210905320.0,23546.6,23576.6
1748210905698.0,23546.9,23576.9
1748210906021.0,23546.3,23576.3
1748210906147.0,23547.4,23577.4
1748210906372.0,23547.8,23577.8
1748210906696.0,23548.5,23578.5
1748210907050.0,23548.7,23578.7
1748210907371.0,23549.7,23579.7
1748210908905.0,23550.0,23580.0
1748210909552.0,23550.9,23580.9
1748210909776.0,23551.2,23581.2
1748210910098.0,23551.9,23581.9
1748210910228.0,23551.6,23581.6
1748210910453.0,23552.1,23582.1
1748210910551.0,23552.2,23582.2
1748210910679.0,23551.6,23581.6
1748210911118.0,23551.3,23581.3
1748210911218.0,23551.2,23581.2
1748210911444.0,23551.9,23581.9
1748210911669.0,23550.9,23580.9
1748210911797.0,23550.1,23580.1
1748210911895.0,23550.0,23580.0
1748210912596.0,23549.7,23579.7
1748210912918.0,23548.8,23578.8
1748210913437.0,23549.4,23579.4
1748210913565.0,23550.2,23580.2
1748210913662.0,23550.3,23580.3
1748210913790.0,23550.9,23580.9
1748210914262.0,23552.0,23582.0
1748210914358.0,23552.2,23582.2
1748210914583.0,23550.9,23580.9
1748210914807.0,23551.6,23581.6
1748210915115.0,23551.9,23581.9
1748210915441.0,23551.2,23581.2
1748210915569.0,23551.5,23581.5
1748210915792.0,23551.9,23581.9
1748210916115.0,23551.2,23581.2
1748210916242.0,23550.4,23580.4
1748210916340.0,23550.3,23580.3
1748210916742.0,23549.7,23579.7
1748210916868.0,23549.5,23579.5
1748210916967.0,23549.4,23579.4
1748210917531.0,23549.7,23579.7
1748210917963.0,23549.2,23579.2
1748210918059.0,23549.1,23579.1
1748210919519.0,23548.5,23578.5
1748210919757.0,23548.8,23578.8
1748210920155.0,23549.1,23579.1
1748210920480.0,23547.9,23577.9
1748210920606.0,23548.1,23578.1
1748210920703.0,23548.2,23578.2
1748210921132.0,23548.5,23578.5
1748210921467.0,23548.2,23578.2
1748210921788.0,23546.6,23576.6
1748210921919.0,23546.1,23576.1
1748210922015.0,23546.0,23576.0
1748210922507.0,23546.3,23576.3
1748210922730.0,23545.2,23575.2
1748210922830.0,23545.1,23575.1
1748210923107.0,23544.5,23574.5
1748210924394.0,23543.6,23573.6
1748210924619.0,23543.8,23573.8
1748210924942.0,23543.5,23573.5
1748210925200.0,23544.1,23574.1
1748210925519.0,23546.0,23576.0
1748210925647.0,23544.4,23574.4
1748210925872.0,23544.7,23574.7
1748210925968.0,23544.8,23574.8
1748210926096.0,23544.5,23574.5
1748210926512.0,23544.8,23574.8
1748210926739.0,23545.7,23575.7
1748210927676.0,23544.1,23574.1
1748210927803.0,23554.6,23584.6
1748210928028.0,23554.8,23584.8
1748210928127.0,23554.7,23584.7
1748210928954.0,23554.4,23584.4
1748210929274.0,23554.7,23584.7
1748210929705.0,23554.1,23584.1
1748210929929.0,23553.8,23583.8
1748210930253.0,23555.0,23585.0
1748210930378.0,23554.7,23584.7
1748210930808.0,23555.2,23585.2
1748210930906.0,23555.3,23585.3
1748210931129.0,23554.4,23584.4
1748210931909.0,23552.4,23582.4
1748210932134.0,23550.3,23580.3
1748210932231.0,23550.0,23580.0
1748210932455.0,23549.7,23579.7
1748210932680.0,23551.9,23581.9
1748210932811.0,23553.8,23583.8
1748210933032.0,23553.0,23583.0
1748210933130.0,23552.8,23582.8
1748210933355.0,23551.9,23581.9
1748210933483.0,23551.1,23581.1
1748210933581.0,23550.9,23580.9
1748210933795.0,23554.0,23584.0
1748210933892.0,23554.4,23584.4
1748210936014.0,23553.3,23583.3
1748210936111.0,23553.1,23583.1
1748210936660.0,23552.6,23582.6
1748210936757.0,23552.5,23582.5
1748210936885.0,23552.0,23582.0
1748210936982.0,23551.9,23581.9
1748210937462.0,23548.3,23578.3
1748210937557.0,23547.9,23577.9
1748210938366.0,23546.6,23576.6
1748210939461.0,23546.9,23576.9
1748210939684.0,23546.4,23576.4
1748210939782.0,23546.3,23576.3
1748210940543.0,23546.6,23576.6
1748210941896.0,23546.1,23576.1
1748210941993.0,23546.0,23576.0
1748210942217.0,23545.4,23575.4
1748210942868.0,23544.8,23574.8
1748210943093.0,23543.7,23573.7
1748210943189.0,23543.5,23573.5
1748210943413.0,23542.0,23572.0
1748210943541.0,23541.4,23571.4
1748210943766.0,23541.6,23571.6
1748210943864.0,23541.7,23571.7
1748210943989.0,23542.0,23572.0
1748210944313.0,23541.1,23571.1
1748210945048.0,23542.2,23572.2
1748210945146.0,23542.3,23572.3
1748210945273.0,23541.7,23571.7
1748210945666.0,23544.1,23574.1
1748210945763.0,23544.4,23574.4
1748210945987.0,23543.8,23573.8
1748210947771.0,23543.5,23573.5
1748210947895.0,23542.4,23572.4
1748210947993.0,23542.3,23572.3
1748210948409.0,23543.2,23573.2
1748210948739.0,23540.7,23570.7
1748210948836.0,23540.4,23570.4
1748210949950.0,23540.1,23570.1
1748210950175.0,23540.9,23570.9
1748210950272.0,23541.1,23571.1
1748210950496.0,23541.4,23571.4
1748210951595.0,23541.6,23571.6
1748210951690.0,23541.7,23571.7
1748210952192.0,23541.4,23571.4
1748210952514.0,23539.8,23569.8
1748210952641.0,23540.4,23570.4
1748210952866.0,23544.3,23574.3
1748210952963.0,23544.7,23574.7
1748210953567.0,23544.2,23574.2
1748210953790.0,23543.0,23573.0
1748210953887.0,23542.9,23572.9
1748210954372.0,23543.5,23573.5
1748210955857.0,23542.7,23572.7
1748210955956.0,23542.6,23572.6
1748210956082.0,23542.3,23572.3
1748210956825.0,23542.0,23572.0
1748210957146.0,23540.1,23570.1
1748210957511.0,23540.2,23570.2
1748210957735.0,23539.6,23569.6
1748210958508.0,23539.3,23569.3
1748210958730.0,23539.0,23569.0
1748210959054.0,23539.6,23569.6
1748210959512.0,23539.0,23569.0
1748210959833.0,23538.0,23568.0
1748210960140.0,23538.6,23568.6
1748210960362.0,23538.9,23568.9
1748210960460.0,23539.0,23569.0
1748210960686.0,23538.0,23568.0
1748210960909.0,23537.7,23567.7
1748210961136.0,23537.1,23567.1
1748210961862.0,23537.7,23567.7
1748210962083.0,23537.2,23567.2
1748210962182.0,23537.1,23567.1
1748210962405.0,23536.8,23566.8
1748210962790.0,23539.3,23569.3
1748210963012.0,23538.5,23568.5
1748210963337.0,23539.6,23569.6
1748210964751.0,23542.7,23572.7
1748210965838.0,23543.3,23573.3
1748210966062.0,23543.9,23573.9
1748210966414.0,23544.0,23574.0
1748210966512.0,23543.9,23573.9
1748210966888.0,23543.6,23573.6
1748210967013.0,23543.9,23573.9
1748210967698.0,23543.6,23573.6
1748210968109.0,23543.9,23573.9
1748210968560.0,23543.7,23573.7
1748210968657.0,23543.6,23573.6
1748210969705.0,23543.9,23573.9
1748210970328.0,23544.2,23574.2
1748210970826.0,23543.3,23573.3
1748210970951.0,23543.6,23573.6
1748210971177.0,23543.1,23573.1
1748210971275.0,23543.0,23573.0
1748210971402.0,23542.7,23572.7
1748210973266.0,23542.1,23572.1
1748210974683.0,23545.6,23575.6
1748210974778.0,23546.1,23576.1
1748210975089.0,23546.4,23576.4
1748210975312.0,23548.0,23578.0
1748210975540.0,23548.8,23578.8
1748210975637.0,23548.9,23578.9
1748210975862.0,23549.8,23579.8
1748210976087.0,23553.5,23583.5
1748210976213.0,23553.8,23583.8
1748210976438.0,23554.4,23584.4
1748210976762.0,23555.1,23585.1
1748210977125.0,23554.5,23584.5
1748210977220.0,23554.4,23584.4
1748210977444.0,23555.1,23585.1
1748210977879.0,23554.8,23584.8
1748210979024.0,23555.0,23585.0
1748210979121.0,23555.1,23585.1
1748210979757.0,23554.8,23584.8
1748210980162.0,23555.1,23585.1
1748210980289.0,23554.2,23584.2
1748210980512.0,23553.6,23583.6
1748210980610.0,23553.5,23583.5
1748210981049.0,23553.2,23583.2
1748210981619.0,23552.9,23582.9
1748210982048.0,23550.2,23580.2
1748210982145.0,23549.8,23579.8
1748210982770.0,23551.0,23581.0
1748210983072.0,23551.3,23581.3
1748210983393.0,23552.0,23582.0
1748210983540.0,23552.3,23582.3
1748210983763.0,23551.7,23581.7
1748210983989.0,23550.6,23580.6
1748210984088.0,23550.4,23580.4
1748210984212.0,23550.1,23580.1
1748210984544.0,23551.0,23581.0
1748210984960.0,23550.4,23580.4
1748210985090.0,23551.0,23581.0
1748210985398.0,23550.5,23580.5
1748210985493.0,23550.4,23580.4
1748210985622.0,23551.8,23581.8
1748210985720.0,23552.0,23582.0
1748210985996.0,23551.2,23581.2
1748210986223.0,23548.6,23578.6
1748210986318.0,23548.3,23578.3
1748210987170.0,23548.9,23578.9
1748210987539.0,23550.0,23580.0
1748210987635.0,23550.1,23580.1
1748210988035.0,23549.5,23579.5
1748210988880.0,23549.8,23579.8
1748210989102.0,23549.5,23579.5
1748210989885.0,23550.7,23580.7
1748210990013.0,23550.2,23580.2
1748210990236.0,23549.8,23579.8
1748210990565.0,23549.5,23579.5
1748210990961.0,23548.9,23578.9
1748210991185.0,23549.1,23579.1
1748210991284.0,23549.2,23579.2
1748210991511.0,23549.5,23579.5
1748210992083.0,23550.1,23580.1
1748210992211.0,23550.4,23580.4
1748210992434.0,23550.7,23580.7
1748210993313.0,23551.3,23581.3
1748210994387.0,23554.4,23584.4
1748210994610.0,23553.8,23583.8
1748210995889.0,23553.5,23583.5
1748210996210.0,23552.3,23582.3
1748210997510.0,23551.3,23581.3
1748210997727.0,23551.6,23581.6
1748210997951.0,23551.9,23581.9
1748210998049.0,23552.0,23582.0
1748210998274.0,23552.6,23582.6
1748210998400.0,23552.9,23582.9
1748210998627.0,23552.6,23582.6
1748211000019.0,23551.5,23581.5
1748211000116.0,23551.3,23581.3
1748211000340.0,23552.0,23582.0
1748211000468.0,23553.6,23583.6
1748211000565.0,23553.8,23583.8
1748211001109.0,23553.0,23583.0
1748211001205.0,23552.9,23582.9
1748211001430.0,23551.0,23581.0
1748211001559.0,23550.2,23580.2
1748211001657.0,23550.1,23580.1
1748211002239.0,23550.4,23580.4
1748211002461.0,23550.1,23580.1
1748211002687.0,23550.6,23580.6
1748211002785.0,23550.7,23580.7
1748211003008.0,23549.5,23579.5
1748211003319.0,23549.2,23579.2
1748211003642.0,23549.5,23579.5
1748211003771.0,23551.1,23581.1
1748211003868.0,23551.3,23581.3
1748211004637.0,23551.6,23581.6
1748211004858.0,23551.9,23581.9
1748211004955.0,23552.0,23582.0
1748211007518.0,23553.3,23583.3
1748211007614.0,23553.5,23583.5
1748211008187.0,23555.4,23585.4
1748211008281.0,23555.6,23585.6
1748211008504.0,23556.3,23586.3
1748211008634.0,23556.8,23586.8
1748211008856.0,23558.0,23588.0
1748211008954.0,23558.1,23588.1
1748211009181.0,23559.1,23589.1
1748211009306.0,23558.8,23588.8
1748211009879.0,23558.2,23588.2
1748211010103.0,23557.0,23587.0
1748211010200.0,23556.9,23586.9
1748211010425.0,23557.5,23587.5
1748211010552.0,23557.2,23587.2
1748211010778.0,23556.9,23586.9
1748211011003.0,23556.3,23586.3
1748211012235.0,23554.9,23584.9
1748211012322.0,23554.7,23584.7
1748211012884.0,23555.0,23585.0
1748211014022.0,23555.3,23585.3
1748211014121.0,23555.4,23585.4
1748211014346.0,23554.7,23584.7
1748211015422.0,23555.0,23585.0
1748211015916.0,23552.3,23582.3
1748211016794.0,23551.4,23581.4
1748211016891.0,23551.3,23581.3
1748211017327.0,23551.0,23581.0
1748211017453.0,23550.7,23580.7
1748211017777.0,23552.3,23582.3
1748211017904.0,23551.4,23581.4
1748211018003.0,23551.3,23581.3
1748211018555.0,23550.7,23580.7
1748211018684.0,23552.4,23582.4
1748211018907.0,23552.0,23582.0
1748211019539.0,23552.3,23582.3
1748211019664.0,23553.4,23583.4
1748211019762.0,23553.5,23583.5
1748211019888.0,23553.2,23583.2
1748211020331.0,23553.7,23583.7
1748211020430.0,23553.8,23583.8
1748211020556.0,23553.2,23583.2
1748211020782.0,23553.7,23583.7
1748211020880.0,23553.8,23583.8
1748211021549.0,23554.4,23584.4
1748211022123.0,23555.0,23585.0
1748211022512.0,23554.7,23584.7
1748211022639.0,23554.5,23584.5
1748211022738.0,23554.4,23584.4
1748211022963.0,23553.8,23583.8
1748211023657.0,23552.7,23582.7
1748211023754.0,23552.6,23582.6
1748211024652.0,23551.8,23581.8
1748211024972.0,23552.6,23582.6
1748211026843.0,23552.0,23582.0
1748211027063.0,23552.8,23582.8
1748211027290.0,23552.3,23582.3
1748211027618.0,23552.0,23582.0
1748211027942.0,23551.0,23581.0
1748211028285.0,23550.7,23580.7
1748211028783.0,23550.1,23580.1
1748211029606.0,23550.4,23580.4
1748211029831.0,23550.7,23580.7
1748211031145.0,23551.0,23581.0
1748211031369.0,23550.2,23580.2
1748211031467.0,23550.1,23580.1
1748211031775.0,23550.4,23580.4
1748211032000.0,23550.7,23580.7
1748211032605.0,23549.5,23579.5
1748211033539.0,23548.5,23578.5
1748211033667.0,23548.8,23578.8
1748211034876.0,23547.5,23577.5
1748211034971.0,23547.3,23577.3
1748211035971.0,23548.2,23578.2
1748211036097.0,23547.7,23577.7
1748211036323.0,23547.1,23577.1
1748211036419.0,23547.0,23577.0
1748211036965.0,23545.8,23575.8
1748211037090.0,23546.9,23576.9
1748211037187.0,23547.0,23577.0
1748211037650.0,23545.8,23575.8
1748211038574.0,23546.0,23576.0
1748211038672.0,23546.1,23576.1
1748211038798.0,23546.3,23576.3
1748211038896.0,23546.4,23576.4
1748211039985.0,23546.7,23576.7
1748211040208.0,23546.4,23576.4
1748211040699.0,23547.5,23577.5
1748211040794.0,23547.6,23577.6
1748211041259.0,23547.3,23577.3
1748211041385.0,23546.7,23576.7
1748211041772.0,23547.0,23577.0
1748211043231.0,23546.4,23576.4
1748211043452.0,23546.7,23576.7
1748211044052.0,23547.0,23577.0
1748211044273.0,23546.4,23576.4
1748211044498.0,23546.7,23576.7
1748211045048.0,23547.5,23577.5
1748211045145.0,23547.6,23577.6
1748211045370.0,23547.0,23577.0
1748211045595.0,23549.5,23579.5
1748211045721.0,23550.0,23580.0
1748211045819.0,23550.1,23580.1
1748211046048.0,23550.6,23580.6
1748211046147.0,23550.7,23580.7
1748211046611.0,23553.2,23583.2
1748211046706.0,23553.5,23583.5
1748211046834.0,23552.9,23582.9
1748211047057.0,23552.6,23582.6
1748211047736.0,23552.3,23582.3
1748211048425.0,23551.3,23581.3
1748211049126.0,23551.0,23581.0
1748211049351.0,23550.4,23580.4
1748211050078.0,23550.1,23580.1
1748211050574.0,23548.8,23578.8
1748211051004.0,23547.6,23577.6
1748211052258.0,23547.0,23577.0
1748211052766.0,23546.7,23576.7
1748211052989.0,23547.0,23577.0
1748211054182.0,23546.4,23576.4
1748211054613.0,23546.1,23576.1
1748211054836.0,23545.8,23575.8
1748211055061.0,23546.0,23576.0
1748211055160.0,23546.1,23576.1
1748211055385.0,23546.4,23576.4
1748211055637.0,23545.8,23575.8
1748211056268.0,23546.1,23576.1
1748211056394.0,23545.8,23575.8
1748211056904.0,23546.1,23576.1
1748211057036.0,23546.9,23576.9
1748211057132.0,23547.0,23577.0
1748211058495.0,23544.5,23574.5
1748211058590.0,23544.2,23574.2
1748211059139.0,23543.9,23573.9
1748211060106.0,23543.6,23573.6
1748211060328.0,23543.9,23573.9
1748211061630.0,23543.6,23573.6
1748211062027.0,23543.9,23573.9
1748211063192.0,23542.8,23572.8
1748211063290.0,23542.7,23572.7
1748211064523.0,23542.9,23572.9
1748211064743.0,23542.7,23572.7
1748211065340.0,23541.7,23571.7
1748211065683.0,23541.5,23571.5
1748211065781.0,23541.4,23571.4
1748211066819.0,23540.3,23570.3
1748211066914.0,23540.2,23570.2
1748211067276.0,23540.5,23570.5
1748211067493.0,23540.2,23570.2
1748211067721.0,23541.0,23571.0
1748211067817.0,23541.1,23571.1
1748211068098.0,23541.7,23571.7
1748211068322.0,23542.0,23572.0
1748211068546.0,23541.8,23571.8
1748211068643.0,23541.7,23571.7
1748211068958.0,23542.0,23572.0
1748211070138.0,23540.8,23570.8
1748211070514.0,23540.5,23570.5
1748211070740.0,23541.3,23571.3
1748211070837.0,23541.4,23571.4
1748211071060.0,23541.1,23571.1
1748211071184.0,23540.9,23570.9
1748211071414.0,23541.6,23571.6
1748211071511.0,23541.7,23571.7
1748211071638.0,23540.9,23570.9
1748211071735.0,23540.8,23570.8
1748211071906.0,23541.1,23571.1
1748211072913.0,23540.6,23570.6
1748211073010.0,23540.5,23570.5
1748211073236.0,23542.0,23572.0
1748211073895.0,23541.7,23571.7
1748211074199.0,23540.9,23570.9
1748211074296.0,23540.8,23570.8
1748211074828.0,23540.5,23570.5
1748211075153.0,23541.1,23571.1
1748211075279.0,23541.4,23571.4
1748211075601.0,23541.1,23571.1
1748211076858.0,23540.9,23570.9
1748211076957.0,23540.8,23570.8
1748211077665.0,23540.0,23570.0
1748211077886.0,23540.2,23570.2
1748211080080.0,23539.9,23569.9
1748211080637.0,23539.6,23569.6
1748211081423.0,23539.3,23569.3
1748211083097.0,23540.4,23570.4
1748211083417.0,23539.6,23569.6
1748211083947.0,23540.2,23570.2
1748211084443.0,23539.9,23569.9
1748211085164.0,23540.5,23570.5
1748211085290.0,23539.7,23569.7
1748211085387.0,23539.6,23569.6
1748211086419.0,23539.3,23569.3
1748211086644.0,23538.7,23568.7
1748211086740.0,23538.6,23568.6
1748211086869.0,23538.9,23568.9
1748211087754.0,23539.3,23569.3
1748211087875.0,23539.5,23569.5
1748211088103.0,23539.0,23569.0
1748211088200.0,23538.9,23568.9
1748211089689.0,23539.2,23569.2
1748211089912.0,23539.5,23569.5
1748211090010.0,23539.6,23569.6
1748211090673.0,23539.3,23569.3
1748211091499.0,23537.9,23567.9
1748211091592.0,23537.7,23567.7
1748211092099.0,23536.9,23566.9
1748211092323.0,23537.9,23567.9
1748211092546.0,23537.5,23567.5
1748211092645.0,23537.4,23567.4
1748211092772.0,23537.1,23567.1
1748211094250.0,23537.4,23567.4
1748211094472.0,23537.7,23567.7
1748211094698.0,23538.0,23568.0
1748211094921.0,23538.3,23568.3
1748211095247.0,23537.7,23567.7
1748211095677.0,23538.3,23568.3
1748211096816.0,23538.6,23568.6
1748211097040.0,23538.9,23568.9
1748211097362.0,23539.9,23569.9
1748211097692.0,23538.1,23568.1
1748211099129.0,23538.4,23568.4
1748211100120.0,23538.7,23568.7
1748211101388.0,23540.6,23570.6
1748211102501.0,23540.3,23570.3
1748211102724.0,23540.5,23570.5
1748211102823.0,23540.6,23570.6
1748211103735.0,23540.8,23570.8
1748211103831.0,23540.9,23570.9
1748211104134.0,23540.3,23570.3
1748211104786.0,23540.5,23570.5
1748211104883.0,23540.6,23570.6
1748211105461.0,23540.3,23570.3
1748211106204.0,23539.0,23569.0
1748211106328.0,23538.7,23568.7
1748211107864.0,23539.0,23569.0
1748211108609.0,23538.1,23568.1
1748211108834.0,23537.4,23567.4
1748211109153.0,23538.0,23568.0
1748211109248.0,23538.1,23568.1
1748211110183.0,23538.4,23568.4
1748211110407.0,23538.7,23568.7
1748211112623.0,23538.4,23568.4
1748211113697.0,23538.9,23568.9
1748211113790.0,23539.0,23569.0
1748211113916.0,23538.7,23568.7
1748211114728.0,23537.9,23567.9
1748211114825.0,23537.8,23567.8
1748211117378.0,23537.5,23567.5
1748211117474.0,23537.4,23567.4
1748211118179.0,23538.5,23568.5
1748211118273.0,23538.7,23568.7
1748211119447.0,23538.4,23568.4
1748211119940.0,23536.2,23566.2
1748211120353.0,23536.5,23566.5
1748211122224.0,23536.8,23566.8
1748211122622.0,23536.9,23566.9
1748211123176.0,23535.3,23565.3
1748211123839.0,23535.6,23565.6
1748211125336.0,23535.9,23565.9
1748211125804.0,23535.7,23565.7
1748211126032.0,23540.3,23570.3
1748211126128.0,23540.9,23570.9
1748211126356.0,23543.0,23573.0
1748211126642.0,23543.3,23573.3
1748211126740.0,23543.4,23573.4
1748211126964.0,23544.3,23574.3
1748211127702.0,23544.6,23574.6
1748211128105.0,23545.2,23575.2
1748211128331.0,23544.7,23574.7
1748211128429.0,23544.6,23574.6
1748211128907.0,23544.3,23574.3
1748211129761.0,23544.0,23574.0
1748211129985.0,23543.7,23573.7
1748211134171.0,23542.6,23572.6
1748211134266.0,23542.4,23572.4
1748211134492.0,23542.1,23572.1
1748211135070.0,23542.4,23572.4
1748211136426.0,23542.7,23572.7
1748211138914.0,23541.9,23571.9
1748211139137.0,23544.0,23574.0
1748211139235.0,23544.3,23574.3
1748211139360.0,23544.6,23574.6
1748211139583.0,23544.9,23574.9
1748211139841.0,23545.2,23575.2
1748211140066.0,23544.7,23574.7
1748211140164.0,23544.6,23574.6
1748211140595.0,23544.3,23574.3
1748211141772.0,23544.0,23574.0
1748211141993.0,23543.7,23573.7
1748211142219.0,23543.4,23573.4
1748211142542.0,23543.7,23573.7
1748211142841.0,23543.9,23573.9
1748211142940.0,23544.0,23574.0
1748211143986.0,23544.5,23574.5
1748211144203.0,23544.9,23574.9
1748211144645.0,23544.6,23574.6
1748211144868.0,23544.9,23574.9
1748211145563.0,23544.6,23574.6
1748211145788.0,23544.3,23574.3
1748211146600.0,23544.6,23574.6
1748211146823.0,23544.3,23574.3
1748211147893.0,23545.1,23575.1
1748211147989.0,23545.2,23575.2
1748211149291.0,23544.4,23574.4
1748211149386.0,23544.3,23574.3
1748211149967.0,23544.0,23574.0
1748211151091.0,23544.3,23574.3
1748211151980.0,23544.0,23574.0
1748211152302.0,23542.8,23572.8
1748211153799.0,23543.7,23573.7
1748211153929.0,23543.4,23573.4
1748211154605.0,23543.9,23573.9
1748211154850.0,23543.7,23573.7
1748211155362.0,23544.0,23574.0
1748211156733.0,23544.3,23574.3
1748211157485.0,23544.6,23574.6
1748211158400.0,23545.2,23575.2
1748211158720.0,23548.4,23578.4
1748211158944.0,23556.1,23586.1
1748211159169.0,23557.0,23587.0
1748211159298.0,23555.6,23585.6
1748211159521.0,23555.7,23585.7
1748211159618.0,23555.8,23585.8
1748211160271.0,23554.2,23584.2
1748211160498.0,23555.4,23585.4
1748211160624.0,23554.9,23584.9
1748211160721.0,23554.8,23584.8
1748211161123.0,23553.9,23583.9
1748211161347.0,23554.8,23584.8
1748211162148.0,23555.1,23585.1
1748211162372.0,23554.6,23584.6
1748211162694.0,23553.6,23583.6
1748211162921.0,23554.8,23584.8
1748211163146.0,23554.2,23584.2
1748211163273.0,23553.6,23583.6
1748211164594.0,23553.9,23583.9
1748211164816.0,23554.2,23584.2
1748211165513.0,23553.6,23583.6
1748211166153.0,23552.7,23582.7
1748211166377.0,23553.3,23583.3
1748211166504.0,23552.7,23582.7
1748211166916.0,23551.8,23581.8
1748211167138.0,23552.6,23582.6
1748211167236.0,23552.7,23582.7
1748211167972.0,23552.4,23582.4
1748211168070.0,23552.3,23582.3
1748211169695.0,23552.1,23582.1
1748211169793.0,23552.0,23582.0
1748211170018.0,23550.5,23580.5
1748211170147.0,23551.9,23581.9
1748211170245.0,23552.0,23582.0
1748211170652.0,23551.1,23581.1
1748211170779.0,23551.7,23581.7
1748211171152.0,23551.5,23581.5
1748211171252.0,23551.4,23581.4
1748211171379.0,23550.9,23580.9
1748211171477.0,23550.8,23580.8
1748211171878.0,23551.6,23581.6
1748211171974.0,23551.7,23581.7
1748211172483.0,23552.0,23582.0
1748211172707.0,23552.3,23582.3
1748211173473.0,23552.9,23582.9
1748211173571.0,23553.0,23583.0
1748211174993.0,23554.4,23584.4
1748211175087.0,23554.5,23584.5
1748211175310.0,23553.6,23583.6
1748211175993.0,23553.3,23583.3
1748211177170.0,23554.1,23584.1
1748211177266.0,23554.2,23584.2
1748211177390.0,23553.9,23583.9
1748211178001.0,23554.5,23584.5
1748211178225.0,23554.0,23584.0
1748211178450.0,23554.2,23584.2
1748211178802.0,23555.3,23585.3
1748211178898.0,23555.4,23585.4
1748211179023.0,23555.2,23585.2
1748211179345.0,23554.8,23584.8
1748211179472.0,23555.1,23585.1
1748211179572.0,23555.2,23585.2
1748211180297.0,23555.4,23585.4
1748211181331.0,23554.8,23584.8
1748211181458.0,23555.4,23585.4
1748211183703.0,23555.2,23585.2
1748211183801.0,23555.0,23585.0
1748211183924.0,23555.3,23585.3
1748211184151.0,23554.7,23584.7
1748211184377.0,23556.9,23586.9
1748211184477.0,23557.1,23587.1
1748211184702.0,23558.4,23588.4
1748211185394.0,23558.1,23588.1
1748211185615.0,23557.8,23587.8
1748211185844.0,23556.9,23586.9
1748211186349.0,23557.7,23587.7
1748211186445.0,23557.8,23587.8
1748211187436.0,23558.7,23588.7
1748211187565.0,23559.5,23589.5
1748211187663.0,23559.6,23589.6
1748211188788.0,23559.1,23589.1
1748211188884.0,23559.0,23589.0
1748211189105.0,23559.3,23589.3
1748211189329.0,23559.6,23589.6
1748211189654.0,23559.0,23589.0
1748211189782.0,23559.3,23589.3
1748211190001.0,23559.6,23589.6
1748211191346.0,23559.9,23589.9
1748211191797.0,23560.2,23590.2
1748211192364.0,23559.0,23589.0
1748211192530.0,23558.7,23588.7
1748211192757.0,23557.6,23587.6
1748211192855.0,23557.5,23587.5
1748211193295.0,23557.8,23587.8
1748211194672.0,23557.2,23587.2
1748211194770.0,23557.1,23587.1
1748211195553.0,23557.5,23587.5
1748211195899.0,23558.1,23588.1
1748211196894.0,23557.8,23587.8
1748211197651.0,23560.5,23590.5
1748211197775.0,23560.0,23590.0
1748211197873.0,23559.9,23589.9
1748211198231.0,23560.7,23590.7
1748211198327.0,23560.9,23590.9
1748211198551.0,23561.5,23591.5
1748211198677.0,23561.2,23591.2
1748211199135.0,23559.0,23589.0
1748211199261.0,23557.9,23587.9
1748211199358.0,23557.8,23587.8
1748211199915.0,23561.6,23591.6
1748211200136.0,23561.0,23591.0
1748211200233.0,23560.9,23590.9
1748211202315.0,23561.2,23591.2
1748211202538.0,23560.9,23590.9
1748211203531.0,23560.6,23590.6
1748211203627.0,23560.5,23590.5
1748211204169.0,23560.8,23590.8
1748211204265.0,23560.9,23590.9
1748211204666.0,23560.2,23590.2
1748211205946.0,23559.9,23589.9
1748211206246.0,23560.2,23590.2
1748211206468.0,23560.5,23590.5
1748211207067.0,23560.9,23590.9
1748211207192.0,23561.2,23591.2
1748211208771.0,23560.9,23590.9
1748211208867.0,23560.7,23590.7
1748211209091.0,23560.4,23590.4
1748211209313.0,23560.1,23590.1
1748211210891.0,23560.7,23590.7
1748211211648.0,23560.2,23590.2
1748211211925.0,23560.4,23590.4
1748211212150.0,23560.1,23590.1
1748211212375.0,23559.8,23589.8
1748211212598.0,23559.5,23589.5
1748211213275.0,23558.6,23588.6
1748211213597.0,23561.0,23591.0
1748211213872.0,23560.5,23590.5
1748211213970.0,23560.4,23590.4
1748211214640.0,23560.7,23590.7
1748211214768.0,23561.0,23591.0
1748211214991.0,23560.7,23590.7
1748211215215.0,23560.4,23590.4
1748211216044.0,23561.2,23591.2
1748211216140.0,23561.3,23591.3
1748211216535.0,23560.8,23590.8
1748211216760.0,23561.0,23591.0
1748211217177.0,23561.3,23591.3
1748211218212.0,23561.6,23591.6
1748211218531.0,23561.0,23591.0
1748211219318.0,23561.6,23591.6
1748211220195.0,23561.9,23591.9
1748211220987.0,23562.2,23592.2
1748211221214.0,23562.0,23592.0
1748211221311.0,23561.9,23591.9
1748211221781.0,23561.1,23591.1
1748211221882.0,23561.4,23591.4
1748211222089.0,23561.1,23591.1
1748211223410.0,23560.8,23590.8
1748211223733.0,23558.2,23588.2
1748211224234.0,23558.5,23588.5
1748211224552.0,23558.2,23588.2
1748211225393.0,23557.9,23587.9
1748211228392.0,23558.2,23588.2
1748211228786.0,23557.9,23587.9
1748211229836.0,23558.2,23588.2
1748211230327.0,23557.9,23587.9
1748211231227.0,23557.6,23587.6
1748211231451.0,23557.0,23587.0
1748211231676.0,23556.6,23586.6
1748211232118.0,23556.4,23586.4
1748211232216.0,23556.3,23586.3
1748211232519.0,23556.0,23586.0
1748211233181.0,23555.7,23585.7
1748211233644.0,23556.0,23586.0
1748211234448.0,23556.8,23586.8
1748211234545.0,23556.9,23586.9
1748211235392.0,23557.2,23587.2
1748211235488.0,23557.3,23587.3
1748211235715.0,23556.9,23586.9
1748211237473.0,23557.3,23587.3
1748211238237.0,23556.9,23586.9
1748211238422.0,23557.2,23587.2
1748211238520.0,23557.3,23587.3
1748211240436.0,23556.9,23586.9
1748211244895.0,23554.5,23584.5
1748211245118.0,23553.5,23583.5
1748211245246.0,23553.8,23583.8
1748211245468.0,23553.6,23583.6
1748211245566.0,23553.5,23583.5
1748211247321.0,23554.1,23584.1
1748211247937.0,23554.5,23584.5
1748211248064.0,23554.2,23584.2
1748211248290.0,23552.8,23582.8
1748211248388.0,23552.6,23582.6
1748211248514.0,23552.3,23582.3
1748211248739.0,23552.6,23582.6
1748211249775.0,23553.2,23583.2
1748211251077.0,23554.1,23584.1
1748211251612.0,23553.9,23583.9
1748211251837.0,23554.1,23584.1
1748211253122.0,23552.5,23582.5
1748211253219.0,23552.3,23582.3
1748211254239.0,23551.4,23581.4
1748211255723.0,23550.8,23580.8
1748211256447.0,23550.2,23580.2
1748211256544.0,23550.1,23580.1
1748211257291.0,23549.8,23579.8
1748211257682.0,23549.5,23579.5
1748211257809.0,23549.8,23579.8
1748211257907.0,23549.4,23579.4
1748211258717.0,23549.7,23579.7
1748211258941.0,23549.2,23579.2
1748211259038.0,23549.1,23579.1
1748211259168.0,23549.4,23579.4
1748211260860.0,23549.7,23579.7
1748211261181.0,23549.1,23579.1
1748211261311.0,23549.4,23579.4
1748211261884.0,23550.5,23580.5
1748211261981.0,23550.7,23580.7
1748211262442.0,23550.9,23580.9
1748211262541.0,23551.0,23581.0
1748211262667.0,23550.7,23580.7
1748211265524.0,23550.4,23580.4
1748211266527.0,23549.4,23579.4
1748211266655.0,23549.1,23579.1
1748211268074.0,23548.6,23578.6
1748211268170.0,23548.5,23578.5
1748211269086.0,23548.8,23578.8
1748211269429.0,23549.1,23579.1
1748211269652.0,23549.4,23579.4
1748211270211.0,23549.1,23579.1
1748211270821.0,23548.3,23578.3
1748211270918.0,23548.2,23578.2
1748211271179.0,23547.9,23577.9
1748211271405.0,23547.3,23577.3
1748211271629.0,23546.7,23576.7
1748211271727.0,23546.6,23576.6
1748211272115.0,23545.3,23575.3
1748211272212.0,23545.1,23575.1
1748211272976.0,23544.8,23574.8
1748211273197.0,23545.0,23575.0
1748211273295.0,23545.1,23575.1
1748211273686.0,23545.4,23575.4
1748211273909.0,23545.6,23575.6
1748211274008.0,23545.7,23575.7
1748211274685.0,23546.0,23576.0
1748211276753.0,23546.3,23576.3
1748211277301.0,23545.4,23575.4
1748211277968.0,23545.6,23575.6
1748211278067.0,23545.7,23575.7
1748211284243.0,23552.5,23582.5
1748211285080.0,23552.8,23582.8
1748211285302.0,23552.5,23582.5
1748211287404.0,23552.2,23582.2
1748211287629.0,23552.4,23582.4
1748211287727.0,23552.5,23582.5
1748211289835.0,23552.8,23582.8
1748211290059.0,23552.5,23582.5
1748211290283.0,23551.9,23581.9
1748211290641.0,23551.6,23581.6
1748211290863.0,23551.3,23581.3
1748211291585.0,23551.5,23581.5
1748211291807.0,23551.3,23581.3
1748211294005.0,23551.6,23581.6
1748211294232.0,23552.5,23582.5
1748211294706.0,23552.8,23582.8
1748211295469.0,23552.3,23582.3
1748211295566.0,23552.2,23582.2
1748211296030.0,23551.9,23581.9
1748211297354.0,23549.7,23579.7
1748211297449.0,23549.4,23579.4
1748211297805.0,23549.7,23579.7
1748211298333.0,23550.6,23580.6
1748211299203.0,23550.9,23580.9
1748211299301.0,23551.0,23581.0
1748211300114.0,23551.2,23581.2
1748211300209.0,23551.3,23581.3
1748211302150.0,23551.5,23581.5
1748211302246.0,23551.6,23581.6
1748211302375.0,23551.0,23581.0
1748211302596.0,23550.4,23580.4
1748211302823.0,23550.9,23580.9
1748211302920.0,23551.0,23581.0
1748211303534.0,23551.5,23581.5
1748211303630.0,23551.6,23581.6
1748211304156.0,23551.8,23581.8
1748211304253.0,23551.9,23581.9
1748211304984.0,23552.5,23582.5
1748211306713.0,23551.9,23581.9
1748211306936.0,23553.3,23583.3
1748211307033.0,23553.4,23583.4
1748211309620.0,23553.7,23583.7
1748211310017.0,23551.5,23581.5
1748211310116.0,23551.3,23581.3
1748211310240.0,23551.0,23581.0
1748211310466.0,23550.7,23580.7
1748211310565.0,23550.6,23580.6
1748211310840.0,23551.7,23581.7
1748211310937.0,23551.9,23581.9
1748211311900.0,23551.3,23581.3
1748211312829.0,23550.4,23580.4
1748211313147.0,23551.6,23581.6
1748211313277.0,23551.8,23581.8
1748211313373.0,23551.9,23581.9
1748211313765.0,23552.2,23582.2
1748211314421.0,23551.9,23581.9
1748211315302.0,23551.6,23581.6
1748211315529.0,23550.7,23580.7
1748211315627.0,23550.6,23580.6
1748211315992.0,23550.4,23580.4
1748211316317.0,23549.4,23579.4
1748211316701.0,23548.6,23578.6
1748211316798.0,23548.5,23578.5
1748211316962.0,23548.8,23578.8
1748211318105.0,23549.1,23579.1
1748211318327.0,23548.8,23578.8
1748211318550.0,23548.5,23578.5
1748211318948.0,23548.8,23578.8
1748211319285.0,23548.5,23578.5
1748211319609.0,23549.1,23579.1
1748211319738.0,23549.7,23579.7
1748211319960.0,23549.4,23579.4
1748211320357.0,23549.7,23579.7
1748211320584.0,23550.5,23580.5
1748211320682.0,23550.6,23580.6
1748211320907.0,23551.0,23581.0
1748211321257.0,23551.0,23581.0
1748211323119.0,23550.0,23580.0
1748211324809.0,23550.3,23580.3
1748211324905.0,23550.4,23580.4
1748211330386.0,23550.1,23580.1
1748211330484.0,23550.0,23580.0
1748211331841.0,23550.3,23580.3
1748211331937.0,23550.4,23580.4
1748211332159.0,23549.7,23579.7
1748211332783.0,23549.4,23579.4
1748211333106.0,23546.9,23576.9
1748211333245.0,23546.7,23576.7
1748211333345.0,23546.6,23576.6
1748211333742.0,23545.4,23575.4
1748211334345.0,23546.3,23576.3
1748211334471.0,23545.2,23575.2
1748211334695.0,23544.8,23574.8
1748211335919.0,23545.0,23575.0
1748211336015.0,23545.1,23575.1
1748211336604.0,23544.8,23574.8
1748211337255.0,23544.2,23574.2
1748211337652.0,23544.4,23574.4
1748211337750.0,23544.5,23574.5
1748211339161.0,23544.7,23574.7
1748211339386.0,23545.3,23575.3
1748211339482.0,23545.4,23575.4
1748211340118.0,23545.6,23575.6
1748211340214.0,23545.7,23575.7
1748211340643.0,23546.0,23576.0
1748211340868.0,23546.3,23576.3
1748211341381.0,23546.1,23576.1
1748211341479.0,23546.0,23576.0
1748211345111.0,23546.3,23576.3
1748211346339.0,23546.1,23576.1
1748211346565.0,23546.5,23576.5
1748211346664.0,23546.6,23576.6
1748211346888.0,23545.4,23575.4
1748211349704.0,23544.8,23574.8
1748211350269.0,23546.0,23576.0
1748211350575.0,23545.4,23575.4
1748211350898.0,23545.7,23575.7
1748211351284.0,23545.4,23575.4
1748211352767.0,23545.1,23575.1
1748211353858.0,23545.4,23575.4
1748211354426.0,23545.1,23575.1
1748211354935.0,23544.8,23574.8
1748211356706.0,23544.2,23574.2
1748211360124.0,23545.4,23575.4
1748211361227.0,23545.1,23575.1
1748211362125.0,23545.3,23575.3
1748211362223.0,23545.4,23575.4
1748211362588.0,23545.1,23575.1
1748211366999.0,23546.0,23576.0
1748211367126.0,23545.8,23575.8
1748211367224.0,23545.7,23575.7
1748211367596.0,23546.2,23576.2
1748211367691.0,23546.3,23576.3
1748211368764.0,23546.0,23576.0
1748211369503.0,23547.1,23577.1
1748211369600.0,23547.2,23577.2
1748211369826.0,23547.6,23577.6
1748211371087.0,23546.6,23576.6
1748211373098.0,23546.4,23576.4
1748211373194.0,23546.3,23576.3
1748211373321.0,23546.0,23576.0
1748211373545.0,23546.6,23576.6
1748211375642.0,23546.3,23576.3
1748211375767.0,23546.6,23576.6
1748211377426.0,23544.2,23574.2
1748211377773.0,23543.9,23573.9
1748211377998.0,23544.1,23574.1
1748211378224.0,23543.9,23573.9
1748211378548.0,23544.8,23574.8
1748211378831.0,23545.3,23575.3
1748211378930.0,23545.4,23575.4
1748211379157.0,23546.0,23576.0
1748211382126.0,23546.3,23576.3
1748211382684.0,23546.9,23576.9
1748211383264.0,23546.6,23576.6
1748211386717.0,23546.9,23576.9
1748211387217.0,23546.3,23576.3
1748211387340.0,23546.6,23576.6
1748211391309.0,23546.3,23576.3
1748211393206.0,23549.3,23579.3
1748211393304.0,23549.7,23579.7
1748211394264.0,23549.2,23579.2
1748211394487.0,23548.8,23578.8
1748211395569.0,23549.1,23579.1
1748211395794.0,23549.6,23579.6
1748211396019.0,23550.0,23580.0
1748211396116.0,23550.1,23580.1
1748211396341.0,23549.7,23579.7
1748211396782.0,23549.1,23579.1
1748211398924.0,23548.8,23578.8
1748211399150.0,23548.3,23578.3
1748211399247.0,23548.2,23578.2
1748211400500.0,23547.6,23577.6
1748211401134.0,23547.8,23577.8
1748211401865.0,23548.1,23578.1
1748211401963.0,23548.2,23578.2
1748211402263.0,23547.9,23577.9
1748211402364.0,23547.8,23577.8
1748211402495.0,23548.1,23578.1
1748211402594.0,23548.2,23578.2
1748211403927.0,23547.9,23577.9
1748211404024.0,23547.8,23577.8
1748211405369.0,23548.5,23578.5
1748211406506.0,23551.8,23581.8
1748211406603.0,23552.2,23582.2
1748211406935.0,23551.9,23581.9
1748211408029.0,23553.0,23583.0
1748211408126.0,23553.1,23583.1
1748211408348.0,23552.5,23582.5
1748211409614.0,23551.6,23581.6
1748211410369.0,23552.1,23582.1
1748211410466.0,23552.2,23582.2
1748211411741.0,23551.6,23581.6
1748211412154.0,23552.4,23582.4
1748211412250.0,23552.5,23582.5
1748211412647.0,23552.8,23582.8
1748211413986.0,23552.6,23582.6
1748211414083.0,23552.5,23582.5
1748211414307.0,23551.6,23581.6
1748211415093.0,23551.9,23581.9
1748211415411.0,23552.5,23582.5
1748211415537.0,23552.2,23582.2
1748211416749.0,23551.9,23581.9
1748211417147.0,23551.6,23581.6
1748211419721.0,23551.3,23581.3
1748211420045.0,23550.3,23580.3
1748211420177.0,23551.2,23581.2
1748211420272.0,23551.3,23581.3
1748211420648.0,23551.0,23581.0
1748211420873.0,23550.4,23580.4
1748211420971.0,23550.3,23580.3
1748211422237.0,23550.7,23580.7
1748211422999.0,23550.9,23580.9
1748211423098.0,23551.0,23581.0
1748211424022.0,23551.3,23581.3
1748211424647.0,23551.6,23581.6
1748211426320.0,23551.3,23581.3
1748211426569.0,23551.5,23581.5
1748211426667.0,23551.6,23581.6
1748211427539.0,23551.3,23581.3
1748211434664.0,23551.0,23581.0
1748211437406.0,23551.2,23581.2
1748211437629.0,23551.0,23581.0
1748211438406.0,23551.9,23581.9
1748211441029.0,23551.3,23581.3
1748211441347.0,23551.6,23581.6
1748211441745.0,23551.9,23581.9
1748211442511.0,23551.6,23581.6
1748211442908.0,23551.3,23581.3
1748211443232.0,23551.6,23581.6
1748211443627.0,23553.7,23583.7
1748211444288.0,23553.1,23583.1
1748211444944.0,23553.7,23583.7
1748211445628.0,23554.0,23584.0
1748211446808.0,23553.2,23583.2
1748211446905.0,23553.1,23583.1
1748211447462.0,23552.8,23582.8
1748211448105.0,23553.1,23583.1
1748211448328.0,23552.8,23582.8
1748211449418.0,23553.4,23583.4
1748211450718.0,23553.7,23583.7
1748211451038.0,23553.1,23583.1
1748211452560.0,23553.4,23583.4
1748211453897.0,23553.2,23583.2
1748211453992.0,23553.1,23583.1
1748211457439.0,23552.6,23582.6
1748211457536.0,23552.5,23582.5
1748211462961.0,23552.8,23582.8
1748211463885.0,23552.6,23582.6
1748211463983.0,23552.5,23582.5
1748211464112.0,23553.1,23583.1
1748211464336.0,23553.4,23583.4
1748211468493.0,23553.2,23583.2
1748211468591.0,23553.1,23583.1
1748211469623.0,23552.6,23582.6
1748211469720.0,23552.5,23582.5
1748211470788.0,23553.1,23583.1
1748211471762.0,23553.7,23583.7
1748211474212.0,23554.3,23584.3
1748211474306.0,23554.4,23584.4
1748211475957.0,23556.2,23586.2
1748211476902.0,23555.9,23585.9
1748211477350.0,23556.5,23586.5
1748211477824.0,23556.2,23586.2
1748211478176.0,23555.9,23585.9
1748211479906.0,23556.4,23586.4
1748211480002.0,23556.5,23586.5
1748211480473.0,23557.9,23587.9
1748211480569.0,23558.1,23588.1
1748211480979.0,23557.5,23587.5
1748211481205.0,23558.0,23588.0
1748211481303.0,23558.1,23588.1
1748211482024.0,23558.3,23588.3
1748211482247.0,23558.1,23588.1
1748211482908.0,23557.8,23587.8
1748211483677.0,23558.0,23588.0
1748211483774.0,23558.1,23588.1
1748211484242.0,23557.8,23587.8
1748211484563.0,23558.1,23588.1
1748211485044.0,23557.5,23587.5
1748211485533.0,23557.7,23587.7
1748211485631.0,23557.8,23587.8
1748211487265.0,23556.9,23586.9
1748211487486.0,23557.4,23587.4
1748211487712.0,23556.9,23586.9
1748211488035.0,23556.2,23586.2
1748211489041.0,23555.6,23585.6
1748211490698.0,23555.3,23585.3
1748211490921.0,23555.6,23585.6
1748211491247.0,23556.9,23586.9
1748211491566.0,23556.5,23586.5
1748211496671.0,23556.8,23586.8
1748211496769.0,23556.9,23586.9
1748211496991.0,23556.5,23586.5
1748211497403.0,23557.1,23587.1
1748211497943.0,23558.1,23588.1
1748211499051.0,23557.8,23587.8
1748211499886.0,23557.5,23587.5
1748211500284.0,23557.7,23587.7
1748211500382.0,23557.8,23587.8
1748211501421.0,23557.5,23587.5
1748211502831.0,23556.2,23586.2
1748211504607.0,23555.6,23585.6
1748211506779.0,23555.1,23585.1
1748211506876.0,23555.0,23585.0
1748211509877.0,23554.4,23584.4
1748211510098.0,23553.5,23583.5
1748211510195.0,23553.4,23583.4
1748211510399.0,23553.7,23583.7
1748211511364.0,23553.1,23583.1
1748211512264.0,23553.4,23583.4
1748211512484.0,23553.7,23583.7
1748211512793.0,23554.0,23584.0
1748211513019.0,23554.3,23584.3
1748211513116.0,23554.4,23584.4
1748211513341.0,23555.0,23585.0
1748211513729.0,23554.7,23584.7
1748211513954.0,23554.4,23584.4
1748211514277.0,23554.7,23584.7
1748211514406.0,23554.4,23584.4
1748211514629.0,23554.6,23584.6
1748211514853.0,23555.0,23585.0
1748211515323.0,23554.7,23584.7
1748211515546.0,23555.0,23585.0
1748211516510.0,23554.7,23584.7
1748211516845.0,23554.4,23584.4
1748211520578.0,23554.6,23584.6
1748211520674.0,23554.7,23584.7
1748211521414.0,23555.0,23585.0
1748211524838.0,23554.4,23584.4
1748211525562.0,23554.0,23584.0
1748211525688.0,23556.0,23586.0
1748211525915.0,23555.4,23585.4
1748211526012.0,23555.3,23585.3
1748211526262.0,23554.5,23584.5
1748211526360.0,23554.4,23584.4
1748211527165.0,23556.0,23586.0
1748211527258.0,23556.2,23586.2
1748211527385.0,23555.9,23585.9
1748211527783.0,23555.3,23585.3
1748211528238.0,23555.0,23585.0
1748211529412.0,23555.3,23585.3
1748211531183.0,23555.0,23585.0
1748211533850.0,23555.6,23585.6
1748211534716.0,23555.3,23585.3
1748211535165.0,23555.0,23585.0
1748211537300.0,23555.3,23585.3
1748211539099.0,23555.6,23585.6
1748211540246.0,23554.8,23584.8
1748211540341.0,23554.7,23584.7
1748211540464.0,23554.4,23584.4
1748211541078.0,23553.4,23583.4
1748211541334.0,23553.2,23583.2
1748211541561.0,23552.8,23582.8
1748211542132.0,23553.1,23583.1
1748211543306.0,23552.8,23582.8
1748211543527.0,23553.1,23583.1
1748211544200.0,23554.2,23584.2
1748211544297.0,23554.4,23584.4
1748211544520.0,23554.0,23584.0
1748211544647.0,23553.8,23583.8
1748211544747.0,23553.7,23583.7
1748211546761.0,23554.4,23584.4
1748211547987.0,23555.3,23585.3
1748211548112.0,23555.0,23585.0
1748211548566.0,23554.7,23584.7
1748211550044.0,23554.0,23584.0
1748211550174.0,23554.3,23584.3
1748211550270.0,23554.4,23584.4
1748211551118.0,23553.8,23583.8
1748211551216.0,23553.7,23583.7
1748211551588.0,23553.2,23583.2
1748211551685.0,23553.1,23583.1
1748211551811.0,23552.8,23582.8
1748211552034.0,23553.1,23583.1
1748211552699.0,23553.7,23583.7
1748211553546.0,23554.0,23584.0
1748211554270.0,23554.3,23584.3
1748211554366.0,23554.4,23584.4
1748211556673.0,23553.8,23583.8
1748211556895.0,23554.0,23584.0
1748211559981.0,23554.3,23584.3
1748211560202.0,23554.1,23584.1
1748211560301.0,23554.0,23584.0
1748211561821.0,23556.9,23586.9
1748211562899.0,23556.0,23586.0
1748211563119.0,23556.4,23586.4
1748211563217.0,23556.5,23586.5
1748211566154.0,23556.3,23586.3
1748211566251.0,23556.2,23586.2
1748211567384.0,23555.3,23585.3
1748211568131.0,23555.6,23585.6
1748211568365.0,23555.9,23585.9
1748211571118.0,23557.3,23587.3
1748211571212.0,23557.5,23587.5
1748211571934.0,23556.5,23586.5
1748211572661.0,23557.1,23587.1
1748211573029.0,23556.9,23586.9
1748211575091.0,23556.5,23586.5
1748211576793.0,23556.3,23586.3
1748211577016.0,23556.5,23586.5
1748211577339.0,23556.9,23586.9
1748211578331.0,23557.8,23587.8
1748211580577.0,23557.5,23587.5
1748211580895.0,23558.7,23588.7
1748211581144.0,23559.0,23589.0
1748211581552.0,23559.3,23589.3
1748211581776.0,23559.1,23589.1
1748211581874.0,23559.0,23589.0
1748211582134.0,23559.3,23589.3
1748211583936.0,23559.0,23589.0
1748211585034.0,23559.3,23589.3
1748211585452.0,23559.6,23589.6
1748211586444.0,23559.3,23589.3
1748211586572.0,23559.1,23589.1
1748211586670.0,23559.0,23589.0
1748211587501.0,23558.5,23588.5
1748211587724.0,23558.9,23588.9
1748211587821.0,23559.0,23589.0
1748211588724.0,23557.8,23587.8
1748211590049.0,23558.6,23588.6
1748211590145.0,23558.7,23588.7
1748211590584.0,23559.2,23589.2
1748211590682.0,23559.3,23589.3
1748211591067.0,23559.6,23589.6
1748211591290.0,23568.4,23598.4
1748211591515.0,23570.4,23600.4
1748211591614.0,23570.5,23600.5
1748211591838.0,23571.1,23601.1
1748211592065.0,23570.2,23600.2
1748211592200.0,23570.4,23600.4
1748211592416.0,23569.5,23599.5
1748211592513.0,23569.4,23599.4
1748211592740.0,23566.9,23596.9
1748211592907.0,23566.6,23596.6
1748211593130.0,23566.9,23596.9
1748211593357.0,23566.3,23596.3
1748211593679.0,23566.9,23596.9
1748211593807.0,23566.3,23596.3
1748211594306.0,23566.6,23596.6
1748211594708.0,23566.3,23596.3
1748211595252.0,23567.2,23597.2
1748211595602.0,23566.9,23596.9
1748211595923.0,23566.0,23596.0
1748211596050.0,23566.3,23596.3
1748211596896.0,23566.6,23596.6
1748211597122.0,23567.4,23597.4
1748211597222.0,23567.5,23597.5
1748211597349.0,23568.1,23598.1
1748211597595.0,23568.4,23598.4
1748211597693.0,23568.5,23598.5
1748211598093.0,23568.1,23598.1
1748211599317.0,23567.2,23597.2
1748211599443.0,23567.5,23597.5
1748211599669.0,23568.1,23598.1
1748211600024.0,23568.4,23598.4
1748211600250.0,23568.7,23598.7
1748211600348.0,23568.8,23598.8
1748211600573.0,23568.1,23598.1
1748211600701.0,23567.6,23597.6
1748211600924.0,23567.8,23597.8
1748211601024.0,23567.9,23597.9
1748211601239.0,23567.6,23597.6
1748211601337.0,23567.5,23597.5
1748211601469.0,23567.2,23597.2
1748211601689.0,23566.9,23596.9
1748211601916.0,23567.2,23597.2
1748211602139.0,23567.5,23597.5
1748211602462.0,23567.9,23597.9
1748211602737.0,23570.9,23600.9
1748211602862.0,23570.1,23600.1
1748211602961.0,23570.0,23600.0
1748211603300.0,23569.7,23599.7
1748211603701.0,23570.0,23600.0
1748211604598.0,23570.6,23600.6
1748211605007.0,23570.9,23600.9
1748211605329.0,23572.5,23602.5
1748211605455.0,23572.2,23602.2
1748211605678.0,23572.4,23602.4
1748211605776.0,23572.5,23602.5
1748211606293.0,23572.0,23602.0
1748211606389.0,23571.9,23601.9
1748211607165.0,23571.6,23601.6
1748211607488.0,23571.9,23601.9
1748211607614.0,23571.6,23601.6
1748211607839.0,23571.8,23601.8
1748211607938.0,23571.9,23601.9
1748211608066.0,23572.2,23602.2
1748211608735.0,23571.7,23601.7
1748211608831.0,23571.6,23601.6
1748211609053.0,23572.5,23602.5
1748211609177.0,23572.7,23602.7
1748211609679.0,23572.0,23602.0
1748211609983.0,23571.8,23601.8
1748211610082.0,23571.7,23601.7
1748211610227.0,23571.8,23601.8
1748211610465.0,23572.0,23602.0
1748211610691.0,23573.7,23603.7
1748211611016.0,23574.3,23604.3
1748211611239.0,23574.6,23604.6
1748211611366.0,23573.2,23603.2
1748211611466.0,23573.0,23603.0
1748211611886.0,23573.8,23603.8
1748211611983.0,23573.9,23603.9
1748211612344.0,23572.8,23602.8
1748211612439.0,23572.7,23602.7
1748211613104.0,23573.0,23603.0
1748211613425.0,23573.9,23603.9
1748211613840.0,23574.6,23604.6
1748211614068.0,23574.9,23604.9
1748211614294.0,23574.3,23604.3
1748211614517.0,23574.6,23604.6
1748211615616.0,23573.9,23603.9
1748211615743.0,23573.1,23603.1
1748211615965.0,23572.5,23602.5
1748211616062.0,23572.4,23602.4
1748211616290.0,23573.6,23603.6
1748211616419.0,23573.1,23603.1
1748211616640.0,23573.3,23603.3
1748211616962.0,23572.7,23602.7
1748211617149.0,23573.6,23603.6
1748211617613.0,23575.0,23605.0
1748211617837.0,23575.7,23605.7
1748211617935.0,23575.8,23605.8
1748211618162.0,23574.9,23604.9
1748211618285.0,23575.7,23605.7
1748211618526.0,23575.6,23605.6
1748211618624.0,23575.5,23605.5
1748211618850.0,23575.2,23605.2
1748211619075.0,23574.9,23604.9
1748211619355.0,23575.2,23605.2
1748211619677.0,23574.9,23604.9
1748211620127.0,23574.6,23604.6
1748211620542.0,23574.9,23604.9
1748211621144.0,23575.2,23605.2
1748211621766.0,23575.5,23605.5
1748211621989.0,23575.8,23605.8
1748211622217.0,23576.1,23606.1
1748211622539.0,23575.8,23605.8
1748211623327.0,23575.6,23605.6
1748211623549.0,23575.8,23605.8
1748211624124.0,23575.6,23605.6
1748211624223.0,23575.5,23605.5
1748211624447.0,23575.2,23605.2
1748211624574.0,23574.7,23604.7
1748211624798.0,23575.4,23605.4
1748211624897.0,23575.5,23605.5
1748211625172.0,23574.4,23604.4
1748211625397.0,23574.0,23604.0
1748211625835.0,23574.3,23604.3
1748211626057.0,23574.9,23604.9
1748211626284.0,23575.2,23605.2
1748211626608.0,23574.9,23604.9
1748211626736.0,23575.2,23605.2
1748211626958.0,23575.5,23605.5
1748211627555.0,23575.2,23605.2
1748211627912.0,23575.5,23605.5
1748211628238.0,23576.5,23606.5
1748211628907.0,23576.2,23606.2
1748211629129.0,23575.6,23605.6
1748211629227.0,23575.5,23605.5
1748211629451.0,23575.2,23605.2
1748211629578.0,23575.0,23605.0
1748211629806.0,23575.2,23605.2
1748211630396.0,23575.0,23605.0
1748211630494.0,23574.9,23604.9
1748211630718.0,23574.0,23604.0
1748211631399.0,23573.7,23603.7
1748211631619.0,23573.9,23603.9
1748211631720.0,23574.0,23604.0
1748211632059.0,23573.7,23603.7
1748211632282.0,23573.1,23603.1
1748211632655.0,23572.8,23602.8
1748211632880.0,23573.0,23603.0
1748211632978.0,23573.1,23603.1
1748211633206.0,23573.4,23603.4
1748211633961.0,23573.1,23603.1
1748211635093.0,23571.5,23601.5
1748211635684.0,23571.8,23601.8
1748211636008.0,23572.5,23602.5
1748211636384.0,23573.7,23603.7
1748211636509.0,23573.1,23603.1
1748211636832.0,23573.4,23603.4
1748211637501.0,23573.1,23603.1
1748211639213.0,23575.1,23605.1
1748211639650.0,23575.3,23605.3
1748211639748.0,23575.4,23605.4
1748211640052.0,23575.1,23605.1
1748211640824.0,23575.3,23605.3
1748211640921.0,23575.4,23605.4
1748211641050.0,23576.5,23606.5
1748211641148.0,23576.6,23606.6
1748211641413.0,23576.3,23606.3
1748211641537.0,23576.1,23606.1
1748211641764.0,23575.7,23605.7
1748211641986.0,23576.0,23606.0
1748211642213.0,23576.3,23606.3
1748211642696.0,23575.8,23605.8
1748211642793.0,23575.7,23605.7
1748211643407.0,23575.4,23605.4
1748211643953.0,23575.7,23605.7
1748211644177.0,23576.0,23606.0
1748211644658.0,23575.7,23605.7
1748211645469.0,23576.0,23606.0
1748211649186.0,23576.3,23606.3
1748211649407.0,23575.8,23605.8
1748211649635.0,23576.2,23606.2
1748211649732.0,23576.3,23606.3
1748211649955.0,23576.0,23606.0
1748211650308.0,23576.6,23606.6
1748211650613.0,23576.9,23606.9
1748211651012.0,23576.4,23606.4
1748211651109.0,23576.3,23606.3
1748211651502.0,23576.6,23606.6
1748211651910.0,23576.4,23606.4
1748211652009.0,23576.3,23606.3
1748211652880.0,23576.6,23606.6
1748211655038.0,23576.1,23606.1
1748211655261.0,23575.7,23605.7
1748211655484.0,23575.4,23605.4
1748211655711.0,23575.7,23605.7
1748211655937.0,23575.1,23605.1
1748211656160.0,23574.8,23604.8
1748211656943.0,23574.5,23604.5
1748211657168.0,23574.2,23604.2
1748211657390.0,23574.4,23604.4
1748211657490.0,23574.5,23604.5
1748211657715.0,23574.1,23604.1
1748211658352.0,23573.9,23603.9
1748211658448.0,23573.8,23603.8
1748211658673.0,23572.6,23602.6
1748211658798.0,23572.1,23602.1
1748211659025.0,23571.2,23601.2
1748211659124.0,23571.0,23601.0
1748211659252.0,23571.3,23601.3
1748211659349.0,23571.4,23601.4
1748211659572.0,23571.7,23601.7
1748211660329.0,23571.1,23601.1
1748211660426.0,23571.0,23601.0
1748211660830.0,23571.4,23601.4
1748211660956.0,23571.6,23601.6
1748211661182.0,23570.8,23600.8
1748211661405.0,23571.0,23601.0
1748211662163.0,23571.4,23601.4
1748211662487.0,23571.9,23601.9
1748211662585.0,23572.0,23602.0
1748211663246.0,23572.3,23602.3
1748211663664.0,23572.6,23602.6
1748211663889.0,23572.3,23602.3
1748211664417.0,23571.5,23601.5
1748211664642.0,23570.8,23600.8
1748211665994.0,23573.8,23603.8
1748211666215.0,23573.6,23603.6
1748211666313.0,23573.5,23603.5
1748211667290.0,23573.3,23603.3
1748211667511.0,23572.9,23602.9
1748211667854.0,23572.6,23602.6
1748211668081.0,23572.9,23602.9
1748211668306.0,23572.6,23602.6
1748211668531.0,23573.4,23603.4
1748211668627.0,23573.5,23603.5
1748211669375.0,23573.2,23603.2
1748211672609.0,23573.5,23603.5
1748211672831.0,23574.6,23604.6
1748211672929.0,23574.8,23604.8
1748211673444.0,23574.5,23604.5
1748211673763.0,23572.6,23602.6
1748211674366.0,23572.3,23602.3
1748211675591.0,23572.6,23602.6
1748211676747.0,23572.9,23602.9
1748211677650.0,23573.2,23603.2
1748211678653.0,23572.9,23602.9
1748211678879.0,23572.6,23602.6
1748211679102.0,23572.9,23602.9
1748211679329.0,23572.6,23602.6
1748211679552.0,23573.4,23603.4
1748211679649.0,23573.5,23603.5
1748211680130.0,23573.8,23603.8
1748211680354.0,23575.5,23605.5
1748211680453.0,23575.7,23605.7
1748211681026.0,23575.4,23605.4
1748211681249.0,23575.7,23605.7
1748211681473.0,23576.0,23606.0
1748211682081.0,23575.7,23605.7
1748211682479.0,23576.0,23606.0
1748211682803.0,23576.6,23606.6
1748211683884.0,23576.4,23606.4
1748211683980.0,23576.3,23606.3
1748211684205.0,23578.8,23608.8
1748211684331.0,23579.1,23609.1
1748211685184.0,23578.8,23608.8
1748211685404.0,23579.1,23609.1
1748211685748.0,23578.9,23608.9
1748211685973.0,23578.3,23608.3
1748211686265.0,23578.0,23608.0
1748211688343.0,23577.2,23607.2
1748211688438.0,23577.1,23607.1
1748211688620.0,23576.8,23606.8
1748211688844.0,23577.1,23607.1
1748211689903.0,23576.8,23606.8
1748211690126.0,23577.1,23607.1
1748211690350.0,23576.8,23606.8
1748211690674.0,23577.7,23607.7
1748211692019.0,23578.0,23608.0
1748211692242.0,23579.1,23609.1
1748211692339.0,23579.3,23609.3
1748211693020.0,23578.7,23608.7
1748211693928.0,23577.8,23607.8
1748211694150.0,23578.0,23608.0
1748211696158.0,23580.8,23610.8
1748211696329.0,23581.2,23611.2
1748211697136.0,23581.5,23611.5
1748211697262.0,23581.2,23611.2
1748211697843.0,23580.9,23610.9
1748211698105.0,23581.2,23611.2
1748211698334.0,23581.8,23611.8
1748211698962.0,23582.1,23612.1
1748211699184.0,23582.7,23612.7
1748211699411.0,23582.2,23612.2
1748211699635.0,23582.4,23612.4
1748211700329.0,23582.5,23612.5
1748211700624.0,23582.2,23612.2
1748211700852.0,23582.7,23612.7
1748211700949.0,23582.8,23612.8
1748211701174.0,23581.5,23611.5
1748211701882.0,23580.6,23610.6
1748211702327.0,23580.3,23610.3
1748211702825.0,23579.4,23609.4
1748211704072.0,23579.1,23609.1
1748211704297.0,23578.8,23608.8
1748211704711.0,23578.5,23608.5
1748211704807.0,23578.4,23608.4
1748211705436.0,23577.9,23607.9
1748211705661.0,23578.6,23608.6
1748211705759.0,23578.8,23608.8
1748211707329.0,23579.0,23609.0
1748211707552.0,23579.3,23609.3
1748211707650.0,23579.4,23609.4
1748211707874.0,23580.0,23610.0
1748211708461.0,23579.7,23609.7
1748211708685.0,23579.1,23609.1
1748211708911.0,23581.3,23611.3
1748211709009.0,23581.5,23611.5
1748211709416.0,23581.0,23611.0
1748211709512.0,23580.9,23610.9
1748211710119.0,23580.4,23610.4
1748211710342.0,23580.6,23610.6
1748211710565.0,23580.9,23610.9
1748211710791.0,23581.5,23611.5
1748211711303.0,23581.2,23611.2
1748211712942.0,23581.5,23611.5
1748211713265.0,23581.2,23611.2
1748211713488.0,23580.6,23610.6
1748211713615.0,23580.9,23610.9
1748211713839.0,23580.7,23610.7
1748211714066.0,23581.1,23611.1
1748211714164.0,23581.2,23611.2
1748211714576.0,23580.9,23610.9
1748211715358.0,23581.1,23611.1
1748211715565.0,23580.8,23610.8
1748211715885.0,23581.1,23611.1
1748211716112.0,23580.1,23610.1
1748211716475.0,23580.7,23610.7
1748211716699.0,23580.2,23610.2
1748211716797.0,23580.1,23610.1
1748211717298.0,23579.0,23609.0
1748211717521.0,23578.6,23608.6
1748211718301.0,23579.5,23609.5
1748211718429.0,23579.2,23609.2
1748211719654.0,23578.1,23608.1
1748211719879.0,23577.7,23607.7
1748211720363.0,23579.8,23609.8
1748211720985.0,23579.6,23609.6
1748211721209.0,23578.7,23608.7
1748211721306.0,23578.6,23608.6
1748211721447.0,23578.9,23608.9
1748211721769.0,23580.4,23610.4
1748211722893.0,23580.7,23610.7
1748211723116.0,23580.2,23610.2
1748211723213.0,23580.1,23610.1
1748211723591.0,23581.7,23611.7
1748211723817.0,23581.4,23611.4
1748211724141.0,23582.6,23612.6
1748211724268.0,23581.8,23611.8
1748211724492.0,23583.1,23613.1
1748211724716.0,23583.5,23613.5
1748211725348.0,23583.6,23613.6
1748211726324.0,23583.8,23613.8
1748211726422.0,23583.9,23613.9
1748211726645.0,23585.4,23615.4
1748211726774.0,23585.7,23615.7
1748211726997.0,23585.5,23615.5
1748211727097.0,23585.4,23615.4
1748211727226.0,23585.7,23615.7
1748211727446.0,23585.4,23615.4
1748211728336.0,23585.6,23615.6
1748211728432.0,23585.7,23615.7
1748211728732.0,23585.4,23615.4
1748211728956.0,23585.6,23615.6
1748211729055.0,23585.7,23615.7
1748211729898.0,23584.8,23614.8
1748211729994.0,23584.7,23614.7
1748211730410.0,23584.9,23614.9
1748211730535.0,23585.2,23615.2
1748211730761.0,23583.3,23613.3
1748211730859.0,23583.1,23613.1
1748211731085.0,23583.4,23613.4
1748211731620.0,23583.7,23613.7
1748211732450.0,23584.0,23614.0
1748211732676.0,23584.3,23614.3
1748211733261.0,23585.2,23615.2
1748211733611.0,23584.9,23614.9
1748211733738.0,23585.5,23615.5
1748211734567.0,23584.2,23614.2
1748211734663.0,23584.0,23614.0
1748211735170.0,23583.7,23613.7
1748211735491.0,23584.3,23614.3
1748211735716.0,23588.0,23618.0
1748211736444.0,23587.8,23617.8
1748211737058.0,23587.2,23617.2
1748211737382.0,23587.8,23617.8
1748211737605.0,23588.1,23618.1
1748211737929.0,23590.2,23620.2
1748211738373.0,23590.3,23620.3
1748211738686.0,23590.0,23620.0
1748211739280.0,23590.2,23620.2
1748211739502.0,23590.0,23620.0
1748211739963.0,23589.2,23619.2
1748211740189.0,23590.1,23620.1
1748211740290.0,23590.3,23620.3
1748211740565.0,23590.6,23620.6
1748211740784.0,23590.9,23620.9
1748211741009.0,23590.6,23620.6
1748211741749.0,23590.0,23620.0
1748211741875.0,23589.7,23619.7
1748211742101.0,23589.4,23619.4
1748211742549.0,23589.7,23619.7
1748211743551.0,23589.4,23619.4
1748211743774.0,23589.1,23619.1
1748211743997.0,23588.8,23618.8
1748211744222.0,23589.0,23619.0
1748211744321.0,23589.1,23619.1
1748211744548.0,23589.4,23619.4
1748211744671.0,23589.1,23619.1
1748211745228.0,23588.8,23618.8
1748211745550.0,23589.7,23619.7
1748211745678.0,23589.4,23619.4
1748211745926.0,23589.7,23619.7
1748211746029.0,23590.0,23620.0
1748211746255.0,23589.7,23619.7
1748211747108.0,23591.6,23621.6
1748211748027.0,23591.9,23621.9
1748211748349.0,23590.6,23620.6
1748211748449.0,23590.7,23620.7
1748211748714.0,23591.0,23621.0
1748211749113.0,23591.3,23621.3
1748211749337.0,23591.0,23621.0
1748211749563.0,23591.3,23621.3
1748211749788.0,23591.0,23621.0
1748211750015.0,23590.7,23620.7
1748211750238.0,23590.4,23620.4
1748211750560.0,23590.7,23620.7
1748211750690.0,23591.0,23621.0
1748211750912.0,23591.3,23621.3
1748211751137.0,23591.0,23621.0
1748211751519.0,23590.7,23620.7
1748211751846.0,23593.1,23623.1
1748211752118.0,23592.9,23622.9
1748211752218.0,23592.8,23622.8
1748211752389.0,23592.9,23622.9
1748211752570.0,23593.2,23623.2
1748211752969.0,23592.6,23622.6
1748211753193.0,23593.1,23623.1
1748211753291.0,23593.2,23623.2
1748211753419.0,23592.4,23622.4
1748211753644.0,23591.7,23621.7
1748211753966.0,23592.6,23622.6
1748211754091.0,23592.3,23622.3
1748211754732.0,23591.7,23621.7
1748211754954.0,23592.2,23622.2
1748211755051.0,23592.3,23622.3
1748211755276.0,23592.9,23622.9
1748211755406.0,23592.6,23622.6
1748211756792.0,23593.2,23623.2
1748211757048.0,23593.5,23623.5
1748211757373.0,23594.1,23624.1
1748211757497.0,23593.5,23623.5
1748211757720.0,23593.2,23623.2
1748211758045.0,23594.1,23624.1
1748211758172.0,23593.9,23623.9
1748211758270.0,23593.8,23623.8
1748211758464.0,23593.5,23623.5
1748211758930.0,23593.8,23623.8
1748211759253.0,23593.2,23623.2
1748211759377.0,23592.9,23622.9
1748211759475.0,23593.2,23623.2
1748211759894.0,23593.5,23623.5
1748211760218.0,23594.2,23624.2
1748211760346.0,23591.4,23621.4
1748211760571.0,23591.3,23621.3
1748211760669.0,23591.4,23621.4
1748211761015.0,23591.1,23621.1
1748211761240.0,23591.6,23621.6
1748211761339.0,23591.7,23621.7
1748211761619.0,23590.9,23620.9
1748211761843.0,23591.9,23621.9
1748211761940.0,23592.0,23622.0
1748211762067.0,23591.4,23621.4
1748211762440.0,23591.7,23621.7
1748211762844.0,23592.5,23622.5
1748211762941.0,23592.6,23622.6
1748211763960.0,23592.3,23622.3
1748211764086.0,23592.9,23622.9
1748211764311.0,23592.7,23622.7
1748211764407.0,23592.6,23622.6
1748211764744.0,23592.9,23622.9
1748211765242.0,23592.6,23622.6
1748211765366.0,23592.9,23622.9
1748211766022.0,23592.7,23622.7
1748211766248.0,23591.8,23621.8
1748211766344.0,23591.7,23621.7
1748211767135.0,23590.1,23620.1
1748211767436.0,23591.0,23621.0
1748211767534.0,23591.1,23621.1
1748211768049.0,23590.1,23620.1
1748211768172.0,23589.9,23619.9
1748211768401.0,23590.9,23620.9
1748211768496.0,23591.1,23621.1
1748211768890.0,23590.8,23620.8
1748211769652.0,23591.0,23621.0
1748211769749.0,23591.1,23621.1
1748211769974.0,23591.7,23621.7
1748211770454.0,23592.0,23622.0
1748211770675.0,23591.7,23621.7
1748211771592.0,23593.2,23623.2
1748211771816.0,23592.3,23622.3
1748211772589.0,23592.0,23622.0
1748211772960.0,23592.3,23622.3
1748211773619.0,23592.0,23622.0
1748211774397.0,23593.2,23623.2
1748211774498.0,23593.1,23623.1
1748211775142.0,23593.4,23623.4
1748211775367.0,23593.9,23623.9
1748211775592.0,23594.3,23624.3
1748211775914.0,23591.2,23621.2
1748211776144.0,23591.8,23621.8
1748211776857.0,23592.2,23622.2
1748211777446.0,23592.5,23622.5
1748211777572.0,23593.6,23623.6
1748211777800.0,23593.4,23623.4
1748211778180.0,23593.7,23623.7
1748211778407.0,23594.2,23624.2
1748211778506.0,23594.3,23624.3
1748211780619.0,23595.3,23625.3
1748211780742.0,23594.1,23624.1
1748211780967.0,23594.8,23624.8
1748211781064.0,23594.9,23624.9
1748211781288.0,23594.6,23624.6
1748211781414.0,23594.9,23624.9
1748211781518.0,23595.1,23625.1
1748211781944.0,23595.4,23625.4
1748211782166.0,23594.9,23624.9
1748211782264.0,23594.8,23624.8
1748211783228.0,23594.3,23624.3
1748211783451.0,23594.5,23624.5
1748211783850.0,23594.2,23624.2
1748211784076.0,23594.5,23624.5
1748211784537.0,23594.8,23624.8
1748211784762.0,23594.5,23624.5
1748211784989.0,23599.2,23629.2
1748211785085.0,23599.8,23629.8
1748211785309.0,23600.1,23630.1
1748211785631.0,23599.5,23629.5
1748211785951.0,23598.8,23628.8
1748211786079.0,23598.6,23628.6
1748211786304.0,23599.1,23629.1
1748211786401.0,23599.2,23629.2
1748211786630.0,23598.9,23628.9
1748211786727.0,23598.8,23628.8
1748211786953.0,23598.5,23628.5
1748211787077.0,23598.2,23628.2
1748211787303.0,23597.9,23627.9
1748211787528.0,23597.4,23627.4
1748211787627.0,23597.3,23627.3
1748211787753.0,23597.0,23627.0
1748211787978.0,23596.7,23626.7
1748211788322.0,23597.0,23627.0
1748211788820.0,23596.3,23626.3
1748211789200.0,23597.2,23627.2
1748211789296.0,23597.3,23627.3
1748211789869.0,23597.9,23627.9
1748211790532.0,23597.6,23627.6
1748211790753.0,23597.9,23627.9
1748211790980.0,23598.2,23628.2
1748211791208.0,23598.8,23628.8
1748211791431.0,23599.1,23629.1
1748211791530.0,23599.2,23629.2
1748211791735.0,23600.0,23630.0
1748211791832.0,23600.1,23630.1
1748211792132.0,23600.4,23630.4
1748211792355.0,23599.3,23629.3
1748211792588.0,23599.7,23629.7
1748211792681.0,23599.8,23629.8
1748211792905.0,23600.1,23630.1
1748211793525.0,23601.2,23631.2
1748211793752.0,23603.7,23633.7
1748211793875.0,23603.4,23633.4
1748211794278.0,23603.7,23633.7
1748211794427.0,23603.8,23633.8
1748211794529.0,23602.5,23632.5
1748211794727.0,23602.8,23632.8
1748211795049.0,23602.2,23632.2
1748211795178.0,23602.8,23632.8
1748211795404.0,23602.3,23632.3
1748211795501.0,23602.2,23632.2
1748211795724.0,23601.9,23631.9
1748211795950.0,23602.8,23632.8
1748211796081.0,23602.6,23632.6
1748211796304.0,23601.7,23631.7
1748211796403.0,23601.6,23631.6
1748211796528.0,23601.3,23631.3
1748211796753.0,23601.5,23631.5
1748211796851.0,23601.6,23631.6
1748211797087.0,23602.1,23632.1
1748211797309.0,23602.5,23632.5
1748211797632.0,23598.2,23628.2
1748211797758.0,23598.8,23628.8
1748211797983.0,23599.1,23629.1
1748211798210.0,23599.4,23629.4
1748211798435.0,23599.1,23629.1
1748211798659.0,23599.7,23629.7
1748211798885.0,23598.9,23628.9
1748211798981.0,23598.8,23628.8
1748211799362.0,23599.1,23629.1
1748211799587.0,23598.3,23628.3
1748211799816.0,23597.4,23627.4
1748211799912.0,23597.2,23627.2
1748211800138.0,23596.0,23626.0
1748211800462.0,23595.8,23625.8
1748211800686.0,23593.5,23623.5
1748211800783.0,23593.3,23623.3
1748211801010.0,23593.9,23623.9
1748211801140.0,23593.6,23623.6
1748211801359.0,23593.8,23623.8
1748211801458.0,23593.9,23623.9
1748211801665.0,23594.1,23624.1
1748211801763.0,23594.2,23624.2
1748211802067.0,23594.7,23624.7
1748211802292.0,23595.1,23625.1
1748211802543.0,23595.6,23625.6
1748211802740.0,23596.1,23626.1
1748211802838.0,23596.2,23626.2
1748211803162.0,23596.5,23626.5
1748211803660.0,23596.2,23626.2
1748211803881.0,23595.9,23625.9
1748211804208.0,23597.1,23627.1
1748211804462.0,23596.8,23626.8
1748211804984.0,23597.1,23627.1
1748211805206.0,23597.4,23627.4
1748211805431.0,23597.7,23627.7
1748211806451.0,23598.0,23628.0
1748211806950.0,23597.4,23627.4
1748211807252.0,23597.7,23627.7
1748211807475.0,23598.3,23628.3
1748211807702.0,23598.6,23628.6
1748211807925.0,23598.9,23628.9
1748211808250.0,23598.3,23628.3
1748211809142.0,23598.0,23628.0
1748211809272.0,23598.9,23628.9
1748211809497.0,23600.3,23630.3
1748211809596.0,23600.5,23630.5
1748211809819.0,23599.3,23629.3
1748211809945.0,23599.5,23629.5
1748211810173.0,23599.3,23629.3
1748211810416.0,23599.5,23629.5
1748211810513.0,23599.6,23629.6
1748211810639.0,23599.3,23629.3
1748211811498.0,23599.0,23629.0
1748211811595.0,23598.9,23628.9
1748211812325.0,23598.7,23628.7
1748211812820.0,23598.3,23628.3
1748211813352.0,23598.1,23628.1
1748211813449.0,23598.0,23628.0
1748211814485.0,23598.6,23628.6
1748211814582.0,23598.7,23628.7
1748211815460.0,23598.2,23628.2
1748211815561.0,23597.6,23627.6
1748211815721.0,23598.2,23628.2
1748211815945.0,23597.9,23627.9
1748211816464.0,23596.9,23626.9
1748211816829.0,23597.2,23627.2
1748211817054.0,23597.8,23627.8
1748211817619.0,23598.4,23628.4
1748211817716.0,23598.5,23628.5
1748211817940.0,23601.5,23631.5
1748211818067.0,23602.1,23632.1
1748211818389.0,23601.8,23631.8
1748211818489.0,23601.9,23631.9
1748211818617.0,23601.6,23631.6
1748211819848.0,23601.9,23631.9
1748211820073.0,23600.7,23630.7
1748211820200.0,23601.8,23631.8
1748211820424.0,23601.1,23631.1
1748211820522.0,23601.0,23631.0
1748211820749.0,23601.9,23631.9
1748211820875.0,23601.6,23631.6
1748211821099.0,23601.3,23631.3
1748211821424.0,23601.9,23631.9
1748211821552.0,23601.3,23631.3
1748211822150.0,23601.0,23631.0
1748211822765.0,23601.2,23631.2
1748211822863.0,23601.3,23631.3
1748211823495.0,23601.6,23631.6
1748211824857.0,23601.3,23631.3
1748211825247.0,23601.6,23631.6
1748211825470.0,23601.8,23631.8
1748211825569.0,23601.9,23631.9
1748211826351.0,23602.2,23632.2
1748211826570.0,23601.9,23631.9
1748211827703.0,23607.5,23637.5
1748211827925.0,23606.8,23636.8
1748211828393.0,23605.7,23635.7
1748211828616.0,23606.1,23636.1
1748211828713.0,23606.2,23636.2
1748211829274.0,23605.9,23635.9
1748211829581.0,23605.4,23635.4
1748211829896.0,23605.1,23635.1
1748211830024.0,23604.9,23634.9
1748211830124.0,23604.8,23634.8
1748211830248.0,23604.6,23634.6
1748211830475.0,23604.8,23634.8
1748211831848.0,23604.3,23634.3
1748211832071.0,23604.5,23634.5
1748211832294.0,23604.2,23634.2
1748211832744.0,23604.8,23634.8
1748211833475.0,23605.6,23635.6
1748211833708.0,23606.4,23636.4
1748211833932.0,23605.7,23635.7
1748211834028.0,23605.6,23635.6
1748211834155.0,23605.9,23635.9
1748211834721.0,23605.6,23635.6
1748211834943.0,23604.8,23634.8
1748211835041.0,23604.6,23634.6
1748211835168.0,23604.9,23634.9
1748211835811.0,23605.8,23635.8
1748211835907.0,23605.9,23635.9
1748211836133.0,23606.2,23636.2
1748211836791.0,23605.6,23635.6
1748211837088.0,23605.3,23635.3
1748211837408.0,23604.9,23634.9
1748211838312.0,23604.7,23634.7
1748211838410.0,23604.6,23634.6
1748211838935.0,23603.2,23633.2
1748211839031.0,23603.1,23633.1
1748211840565.0,23602.8,23632.8
1748211841834.0,23601.2,23631.2
1748211841959.0,23601.8,23631.8
1748211843412.0,23602.8,23632.8
1748211844155.0,23603.9,23633.9
1748211844250.0,23604.0,23634.0
1748211844473.0,23601.8,23631.8
1748211845029.0,23602.4,23632.4
1748211845125.0,23602.5,23632.5
1748211845416.0,23602.2,23632.2
1748211845896.0,23602.4,23632.4
1748211845994.0,23602.5,23632.5
1748211846297.0,23601.9,23631.9
1748211846522.0,23602.1,23632.1
1748211846619.0,23602.2,23632.2
1748211846845.0,23601.8,23631.8
1748211846971.0,23601.6,23631.6
1748211847197.0,23601.8,23631.8
1748211847500.0,23601.6,23631.6
1748211848397.0,23605.3,23635.3
1748211848787.0,23602.5,23632.5
1748211849016.0,23602.4,23632.4
1748211849110.0,23602.5,23632.5
1748211850187.0,23602.2,23632.2
1748211850410.0,23601.9,23631.9
1748211850635.0,23601.6,23631.6
1748211850960.0,23602.5,23632.5
1748211851088.0,23601.6,23631.6
1748211851757.0,23601.8,23631.8
1748211852156.0,23602.1,23632.1
1748211852253.0,23602.2,23632.2
1748211853618.0,23601.9,23631.9
1748211853714.0,23601.8,23631.8
1748211854516.0,23601.6,23631.6
1748211855118.0,23601.0,23631.0
1748211855216.0,23600.9,23630.9
1748211855914.0,23600.0,23630.0
1748211856829.0,23599.7,23629.7
1748211857993.0,23601.1,23631.1
1748211858088.0,23601.3,23631.3
1748211858217.0,23601.0,23631.0
1748211859837.0,23600.4,23630.4
1748211859933.0,23600.3,23630.3
1748211860494.0,23599.5,23629.5
1748211860590.0,23599.4,23629.4
1748211860816.0,23597.3,23627.3
1748211860942.0,23595.6,23625.6
1748211861040.0,23595.4,23625.4
1748211861266.0,23596.3,23626.3
1748211861395.0,23596.9,23626.9
1748211861665.0,23596.7,23626.7
1748211861888.0,23596.9,23626.9
1748211862114.0,23596.7,23626.7
1748211862536.0,23597.5,23627.5
1748211862633.0,23597.6,23627.6
1748211862760.0,23596.7,23626.7
1748211862981.0,23596.9,23626.9
1748211863207.0,23596.7,23626.7
1748211863532.0,23597.3,23627.3
1748211863657.0,23597.5,23627.5
1748211863756.0,23597.6,23627.6
1748211864442.0,23598.8,23628.8
1748211864567.0,23598.5,23628.5
1748211864792.0,23597.9,23627.9
1748211865116.0,23598.8,23628.8
1748211865244.0,23599.1,23629.1
1748211865470.0,23599.4,23629.4
1748211866096.0,23598.1,23628.1
1748211866314.0,23598.1,23628.1
1748211866414.0,23598.2,23628.2
1748211866720.0,23598.5,23628.5
1748211866946.0,23597.9,23627.9
1748211867270.0,23598.8,23628.8
1748211867392.0,23598.3,23628.3
1748211867620.0,23598.5,23628.5
1748211867919.0,23598.7,23628.7
1748211868017.0,23598.8,23628.8
1748211868414.0,23599.1,23629.1
1748211868639.0,23599.4,23629.4
1748211869017.0,23599.7,23629.7
1748211869241.0,23598.6,23628.6
1748211869466.0,23598.7,23628.7
1748211869564.0,23598.8,23628.8
1748211869691.0,23598.5,23628.5
1748211869915.0,23598.2,23628.2
1748211870143.0,23598.7,23628.7
1748211870365.0,23598.0,23628.0
1748211870464.0,23597.9,23627.9
1748211870735.0,23598.1,23628.1
1748211870835.0,23598.2,23628.2
1748211871697.0,23604.4,23634.4
1748211872295.0,23603.8,23633.8
1748211872393.0,23603.7,23633.7
1748211873179.0,23604.4,23634.4
1748211873520.0,23604.7,23634.7
1748211873647.0,23604.4,23634.4
1748211876989.0,23603.7,23633.7
1748211877478.0,23603.6,23633.6
1748211878043.0,23603.3,23633.3
1748211878268.0,23604.1,23634.1
1748211878366.0,23604.2,23634.2
1748211878935.0,23603.6,23633.6
1748211879367.0,23603.3,23633.3
1748211880797.0,23604.2,23634.2
1748211881740.0,23604.8,23634.8
1748211882024.0,23604.5,23634.5
1748211882347.0,23603.9,23633.9
1748211882471.0,23604.2,23634.2
1748211883558.0,23603.6,23633.6
1748211883782.0,23603.9,23633.9
1748211884264.0,23604.5,23634.5
1748211884810.0,23605.2,23635.2
1748211884937.0,23604.9,23634.9
1748211885034.0,23604.8,23634.8
1748211886434.0,23604.5,23634.5
1748211887335.0,23604.2,23634.2
1748211888203.0,23604.5,23634.5
1748211892160.0,23608.4,23638.4
1748211892254.0,23608.8,23638.8
1748211894026.0,23609.8,23639.8
1748211894638.0,23609.5,23639.5
1748211894860.0,23609.7,23639.7
1748211894959.0,23609.8,23639.8
1748211895188.0,23610.1,23640.1
1748211895409.0,23610.4,23640.4
1748211895861.0,23611.9,23641.9
1748211895958.0,23612.0,23642.0
1748211896391.0,23619.4,23649.4
1748211896589.0,23622.3,23652.3
1748211896689.0,23621.1,23651.1
1748211896937.0,23622.3,23652.3
1748211897162.0,23621.7,23651.7
1748211897388.0,23625.1,23655.1
1748211897514.0,23623.2,23653.2
1748211897740.0,23622.5,23652.5
1748211897962.0,23622.5,23652.5
1748211898254.0,23622.7,23652.7
1748211898753.0,23622.4,23652.4
1748211898880.0,23622.1,23652.1
1748211899105.0,23621.3,23651.3
1748211899332.0,23622.0,23652.0
1748211899429.0,23622.1,23652.1
1748211899755.0,23621.5,23651.5
1748211899881.0,23621.8,23651.8
1748211900106.0,23622.1,23652.1
1748211900461.0,23622.7,23652.7
1748211900683.0,23622.5,23652.5
1748211900908.0,23624.0,23654.0
1748211901134.0,23623.2,23653.2
1748211901232.0,23623.0,23653.0
1748211901455.0,23622.1,23652.1
1748211901679.0,23620.9,23650.9
1748211901806.0,23620.6,23650.6
1748211902257.0,23620.3,23650.3
1748211902480.0,23620.5,23650.5
1748211902577.0,23620.6,23650.6
1748211902973.0,23622.0,23652.0
1748211903068.0,23622.1,23652.1
1748211903194.0,23621.8,23651.8
1748211903635.0,23622.1,23652.1
1748211903957.0,23623.7,23653.7
1748211904254.0,23624.0,23654.0
1748211904574.0,23624.9,23654.9
1748211904799.0,23623.4,23653.4
1748211904925.0,23624.5,23654.5
1748211905023.0,23624.6,23654.6
1748211905295.0,23624.3,23654.3
1748211905518.0,23624.0,23654.0
1748211905743.0,23624.3,23654.3
1748211905972.0,23621.8,23651.8
1748211906194.0,23621.8,23651.8
1748211906422.0,23622.1,23652.1
1748211906745.0,23619.1,23649.1
1748211906968.0,23618.7,23648.7
1748211907193.0,23619.1,23649.1
1748211907420.0,23618.4,23648.4
1748211907675.0,23618.7,23648.7
1748211907898.0,23619.3,23649.3
1748211908122.0,23619.9,23649.9
1748211908348.0,23620.5,23650.5
1748211908573.0,23620.0,23650.0
1748211908795.0,23620.2,23650.2
1748211908894.0,23620.3,23650.3
1748211909022.0,23620.0,23650.0
1748211909250.0,23619.7,23649.7
1748211909591.0,23619.1,23649.1
1748211909915.0,23619.7,23649.7
1748211910142.0,23620.6,23650.6
1748211910269.0,23620.3,23650.3
1748211910886.0,23621.5,23651.5
1748211911016.0,23620.7,23650.7
1748211911240.0,23621.7,23651.7
1748211911336.0,23621.8,23651.8
1748211911701.0,23622.1,23652.1
1748211912023.0,23621.5,23651.5
1748211912151.0,23621.2,23651.2
1748211912615.0,23621.5,23651.5
1748211912842.0,23623.2,23653.2
1748211913067.0,23622.8,23652.8
1748211913386.0,23623.1,23653.1
1748211913614.0,23622.8,23652.8
1748211913840.0,23623.6,23653.6
1748211913936.0,23623.7,23653.7
1748211914064.0,23623.4,23653.4
1748211914291.0,23623.1,23653.1
1748211914612.0,23623.7,23653.7
1748211914940.0,23624.5,23654.5
1748211915167.0,23625.2,23655.2
1748211915489.0,23626.8,23656.8
1748211915715.0,23624.3,23654.3
1748211915939.0,23625.2,23655.2
1748211916067.0,23625.0,23655.0
1748211916164.0,23624.9,23654.9
1748211916568.0,23623.1,23653.1
1748211917039.0,23620.6,23650.6
1748211917305.0,23620.9,23650.9
1748211917629.0,23621.8,23651.8
1748211917854.0,23622.2,23652.2
1748211918079.0,23621.8,23651.8
1748211918206.0,23621.3,23651.3
1748211918429.0,23621.5,23651.5
1748211918997.0,23621.0,23651.0
1748211919223.0,23621.5,23651.5
1748211919450.0,23620.7,23650.7
1748211919546.0,23620.6,23650.6
1748211919674.0,23620.9,23650.9
1748211919997.0,23621.5,23651.5
1748211920470.0,23621.8,23651.8
1748211922664.0,23621.6,23651.6
1748211922760.0,23621.5,23651.5
1748211923690.0,23618.1,23648.1
1748211923915.0,23619.7,23649.7
1748211924040.0,23619.9,23649.9
1748211924268.0,23618.9,23648.9
1748211924365.0,23618.8,23648.8
1748211924643.0,23624.5,23654.5
1748211924913.0,23623.2,23653.2
1748211925469.0,23622.9,23652.9
1748211926054.0,23622.6,23652.6
1748211926183.0,23622.9,23652.9
1748211926747.0,23623.2,23653.2
1748211926972.0,23624.0,23654.0
1748211927070.0,23624.1,23654.1
1748211927422.0,23624.1,23654.1
1748211927647.0,23623.9,23653.9
1748211927745.0,23623.8,23653.8
1748211928441.0,23624.1,23654.1
1748211929227.0,23623.8,23653.8
1748211929356.0,23625.2,23655.2
1748211929453.0,23625.4,23655.4
1748211929734.0,23624.8,23654.8
1748211930053.0,23624.1,23654.1
1748211930278.0,23623.5,23653.5
1748211930437.0,23623.8,23653.8
1748211930660.0,23624.7,23654.7
1748211930886.0,23624.2,23654.2
1748211931115.0,23624.4,23654.4
1748211931212.0,23624.5,23654.5
1748211931339.0,23624.2,23654.2
1748211931661.0,23623.8,23653.8
1748211931887.0,23626.6,23656.6
1748211932205.0,23626.9,23656.9
1748211932301.0,23627.0,23657.0
1748211932700.0,23626.6,23656.6
1748211932886.0,23626.3,23656.3
1748211933112.0,23626.0,23656.0
1748211933705.0,23632.2,23662.2
1748211933929.0,23633.1,23663.1
1748211934342.0,23637.5,23667.5
1748211934565.0,23637.1,23667.1
1748211934666.0,23636.9,23666.9
1748211934766.0,23637.6,23667.6
1748211934918.0,23637.3,23667.3
1748211935142.0,23637.0,23667.0
1748211935373.0,23636.1,23666.1
1748211935595.0,23633.8,23663.8
1748211935691.0,23633.5,23663.5
1748211935918.0,23632.9,23662.9
1748211936043.0,23633.2,23663.2
1748211936365.0,23629.5,23659.5
1748211936645.0,23628.4,23658.4
1748211936742.0,23628.3,23658.3
1748211937143.0,23627.6,23657.6
1748211937445.0,23626.5,23656.5
1748211937768.0,23627.0,23657.0
1748211938255.0,23626.4,23656.4
1748211938858.0,23625.0,23655.0
1748211938951.0,23624.9,23654.9
1748211939597.0,23625.4,23655.4
1748211939694.0,23625.5,23655.5
1748211940421.0,23625.2,23655.2
1748211940645.0,23625.7,23655.7
1748211940743.0,23625.8,23655.8
1748211941240.0,23625.5,23655.5
1748211942017.0,23626.4,23656.4
1748211942142.0,23626.7,23656.7
1748211942522.0,23626.5,23656.5
1748211942620.0,23626.4,23656.4
1748211942924.0,23625.8,23655.8
1748211943149.0,23624.7,23654.7
1748211943246.0,23624.6,23654.6
1748211943624.0,23625.0,23655.0
1748211943922.0,23624.8,23654.8
1748211944148.0,23625.0,23655.0
1748211944376.0,23624.2,23654.2
1748211944472.0,23624.1,23654.1
1748211944697.0,23624.4,23654.4
1748211944824.0,23624.1,23654.1
1748211945147.0,23625.0,23655.0
1748211945275.0,23624.8,23654.8
1748211945372.0,23624.7,23654.7
1748211945946.0,23624.4,23654.4
1748211946176.0,23624.7,23654.7
1748211946605.0,23625.0,23655.0
1748211946927.0,23624.4,23654.4
1748211947303.0,23625.6,23655.6
1748211948655.0,23625.3,23655.3
1748211948782.0,23625.0,23655.0
1748211949103.0,23624.7,23654.7
1748211949351.0,23625.0,23655.0
1748211949673.0,23624.4,23654.4
1748211949944.0,23624.1,23654.1
1748211950442.0,23624.4,23654.4
1748211950746.0,23624.1,23654.1
1748211950970.0,23624.3,23654.3
1748211951068.0,23624.4,23654.4
1748211951917.0,23624.7,23654.7
1748211952365.0,23625.4,23655.4
1748211952463.0,23625.3,23655.3
1748211953338.0,23625.0,23655.0
1748211953661.0,23624.1,23654.1
1748211955045.0,23623.5,23653.5
1748211955269.0,23624.8,23654.8
1748211955492.0,23624.5,23654.5
1748211955591.0,23624.4,23654.4
1748211955757.0,23624.1,23654.1
1748211956492.0,23623.5,23653.5
1748211957708.0,23622.6,23652.6
1748211957805.0,23622.5,23652.5
1748211958133.0,23622.3,23652.3
1748211958355.0,23622.5,23652.5
1748211958587.0,23622.6,23652.6
1748211958726.0,23622.3,23652.3
1748211959021.0,23622.6,23652.6
1748211960124.0,23622.3,23652.3
1748211961107.0,23623.4,23653.4
1748211961203.0,23623.5,23653.5
1748211961935.0,23623.0,23653.0
1748211962162.0,23623.2,23653.2
1748211962385.0,23622.6,23652.6
1748211963268.0,23622.9,23652.9
1748211963494.0,23621.8,23651.8
1748211963591.0,23621.7,23651.7
1748211964161.0,23621.9,23651.9
1748211964505.0,23622.3,23652.3
1748211964632.0,23622.6,23652.6
1748211964859.0,23621.8,23651.8
1748211965084.0,23621.1,23651.1
1748211965182.0,23621.0,23651.0
1748211965477.0,23621.3,23651.3
1748211965872.0,23621.1,23651.1
1748211965971.0,23621.0,23651.0
1748211966101.0,23621.3,23651.3
1748211966424.0,23621.7,23651.7
1748211966648.0,23620.7,23650.7
1748211966774.0,23621.0,23651.0
1748211966999.0,23620.8,23650.8
