None,,
None,,
None,,
None,,
None,,
None,,
None,,
None,,
None,,
None,,
None,,
None,,
None,,
None,,
None,,
1748210525478.0,8733.8,8737.8
1748210526189.0,8733.7,8737.7
1748210526434.0,8733.9,8737.9
1748210526657.0,8733.8,8737.8
1748210527340.0,8733.9,8737.9
1748210527581.0,8734.4,8738.4
1748210527939.0,8734.6,8738.6
1748210527958.0,8734.9,8738.9
1748210528184.0,8735.6,8739.6
1748210529130.0,8735.8,8739.8
1748210529387.0,8735.9,8739.9
1748210529613.0,8736.2,8740.2
1748210529814.0,8736.1,8740.1
1748210529837.0,8735.9,8739.9
1748210530061.0,8735.8,8739.8
1748210531482.0,8735.5,8739.5
1748210531686.0,8735.6,8739.6
1748210532278.0,8735.8,8739.8
1748210532504.0,8735.5,8739.5
1748210533043.0,8735.8,8739.8
1748210534012.0,8736.7,8740.7
1748210534449.0,8736.6,8740.6
1748210534695.0,8736.8,8740.8
1748210534921.0,8737.0,8741.0
1748210535145.0,8733.8,8737.8
1748210535370.0,8734.0,8738.0
1748210536013.0,8733.8,8737.8
1748210536381.0,8733.9,8737.9
1748210536951.0,8734.2,8738.2
1748210537176.0,8734.9,8738.9
1748210537723.0,8735.0,8739.0
1748210537950.0,8735.6,8739.6
1748210538089.0,8736.6,8740.6
1748210539014.0,8737.1,8741.1
1748210539490.0,8737.2,8741.2
1748210540054.0,8736.8,8740.8
1748210540838.0,8737.5,8741.5
1748210541719.0,8737.4,8741.4
1748210541958.0,8737.4,8741.4
1748210542183.0,8737.0,8741.0
1748210542408.0,8737.5,8741.5
1748210542634.0,8737.0,8741.0
1748210543025.0,8736.9,8740.9
1748210543600.0,8737.3,8741.3
1748210543828.0,8737.1,8741.1
1748210544035.0,8736.8,8740.8
1748210544053.0,8736.2,8740.2
1748210544374.0,8736.1,8740.1
1748210544600.0,8736.4,8740.4
1748210545513.0,8736.7,8740.7
1748210545739.0,8736.5,8740.5
1748210546018.0,8736.4,8740.4
1748210546884.0,8736.9,8740.9
1748210548404.0,8736.8,8740.8
1748210548422.0,8736.7,8740.7
1748210548759.0,8736.5,8740.5
1748210550332.0,8736.7,8740.7
1748210550558.0,8737.0,8741.0
1748210551004.0,8736.7,8740.7
1748210551989.0,8736.6,8740.6
1748210552007.0,8736.4,8740.4
1748210552593.0,8736.7,8740.7
1748210553165.0,8736.9,8740.9
1748210553393.0,8736.7,8740.7
1748210554067.0,8736.8,8740.8
1748210554291.0,8736.3,8740.3
1748210557053.0,8736.8,8740.8
1748210558059.0,8736.3,8740.3
1748210562007.0,8736.8,8740.8
1748210562875.0,8736.7,8740.7
1748210563829.0,8736.6,8740.6
1748210563848.0,8736.5,8740.5
1748210564748.0,8736.7,8740.7
1748210565862.0,8736.5,8740.5
1748210566277.0,8736.7,8740.7
1748210566502.0,8736.3,8740.3
1748210568434.0,8736.5,8740.5
1748210569943.0,8736.3,8740.3
1748210571281.0,8736.6,8740.6
1748210571297.0,8737.2,8741.2
1748210571522.0,8737.4,8741.4
1748210571748.0,8737.1,8741.1
1748210572525.0,8737.0,8741.0
1748210572768.0,8735.6,8739.6
1748210572994.0,8735.1,8739.1
1748210573225.0,8735.3,8739.3
1748210577009.0,8735.4,8739.4
1748210577238.0,8735.9,8739.9
1748210577441.0,8736.0,8740.0
1748210577685.0,8737.0,8741.0
1748210577910.0,8737.1,8741.1
1748210579066.0,8737.0,8741.0
1748210579311.0,8737.1,8741.1
1748210581229.0,8737.9,8741.9
1748210581455.0,8738.3,8742.3
1748210581878.0,8738.4,8742.4
1748210582273.0,8738.1,8742.1
1748210582714.0,8738.3,8742.3
1748210583350.0,8739.1,8743.1
1748210583559.0,8739.0,8743.0
1748210583576.0,8738.9,8742.9
1748210584158.0,8739.1,8743.1
1748210584385.0,8739.2,8743.2
1748210584739.0,8739.1,8743.1
1748210585070.0,8739.0,8743.0
1748210585255.0,8738.8,8742.8
1748210585481.0,8740.1,8744.1
1748210585707.0,8739.8,8743.8
1748210586838.0,8739.9,8743.9
1748210587062.0,8740.3,8744.3
1748210587473.0,8741.0,8745.0
1748210588166.0,8740.3,8744.3
1748210588584.0,8740.4,8744.4
1748210589212.0,8740.3,8744.3
1748210590214.0,8740.1,8744.1
1748210591073.0,8740.0,8744.0
1748210591288.0,8740.2,8744.2
1748210591861.0,8740.7,8744.7
1748210592086.0,8740.4,8744.4
1748210592459.0,8740.7,8744.7
1748210592683.0,8740.4,8744.4
1748210593813.0,8740.8,8744.8
1748210594037.0,8740.4,8744.4
1748210594368.0,8740.7,8744.7
1748210594592.0,8741.2,8745.2
1748210595304.0,8741.1,8745.1
1748210596228.0,8741.2,8745.2
1748210596455.0,8742.0,8746.0
1748210596679.0,8742.1,8746.1
1748210597007.0,8742.0,8746.0
1748210597026.0,8741.7,8745.7
1748210598264.0,8741.6,8745.6
1748210598506.0,8741.8,8745.8
1748210599559.0,8741.7,8745.7
1748210599578.0,8741.6,8745.6
1748210599951.0,8741.7,8745.7
1748210600348.0,8740.4,8744.4
1748210600575.0,8741.3,8745.3
1748210600948.0,8741.7,8745.7
1748210601173.0,8741.8,8745.8
1748210601762.0,8741.7,8745.7
1748210601986.0,8742.0,8746.0
1748210602434.0,8741.2,8745.2
1748210602659.0,8740.9,8744.9
1748210602864.0,8741.0,8745.0
1748210602885.0,8741.2,8745.2
1748210603110.0,8741.6,8745.6
1748210603313.0,8741.7,8745.7
1748210603335.0,8742.0,8746.0
1748210603823.0,8741.8,8745.8
1748210603847.0,8741.6,8745.6
1748210604067.0,8741.1,8745.1
1748210604627.0,8741.2,8745.2
1748210605007.0,8741.1,8745.1
1748210605487.0,8741.8,8745.8
1748210605952.0,8741.7,8745.7
1748210606727.0,8741.6,8745.6
1748210608151.0,8740.6,8744.6
1748210608373.0,8740.0,8744.0
1748210608598.0,8739.9,8743.9
1748210608825.0,8740.8,8744.8
1748210609329.0,8740.1,8744.1
1748210609788.0,8739.7,8743.7
1748210609989.0,8739.6,8743.6
1748210610011.0,8739.4,8743.4
1748210610240.0,8739.6,8743.6
1748210610461.0,8739.4,8743.4
1748210611313.0,8739.2,8743.2
1748210611539.0,8739.9,8743.9
1748210612593.0,8740.0,8744.0
1748210612794.0,8740.1,8744.1
1748210613355.0,8740.3,8744.3
1748210613581.0,8740.4,8744.4
1748210615251.0,8740.3,8744.3
1748210615476.0,8740.6,8744.6
1748210616002.0,8740.3,8744.3
1748210616273.0,8740.4,8744.4
1748210617575.0,8740.3,8744.3
1748210618439.0,8741.1,8745.1
1748210619379.0,8740.9,8744.9
1748210620039.0,8740.0,8744.0
1748210621770.0,8740.2,8744.2
1748210621788.0,8740.4,8744.4
1748210622544.0,8740.6,8744.6
1748210624049.0,8740.4,8744.4
1748210624275.0,8740.2,8744.2
1748210625839.0,8741.5,8745.5
1748210627098.0,8741.8,8745.8
1748210629067.0,8741.7,8745.7
1748210630240.0,8741.6,8745.6
1748210631580.0,8741.7,8745.7
1748210631806.0,8741.2,8745.2
1748210633533.0,8741.5,8745.5
1748210634888.0,8741.7,8745.7
1748210635113.0,8741.8,8745.8
1748210636027.0,8741.2,8745.2
1748210636253.0,8740.9,8744.9
1748210636478.0,8740.8,8744.8
1748210638211.0,8740.1,8744.1
1748210640571.0,8740.3,8744.3
1748210641077.0,8740.2,8744.2
1748210641567.0,8740.4,8744.4
1748210641792.0,8740.1,8744.1
1748210642930.0,8740.2,8744.2
1748210644418.0,8740.1,8744.1
1748210647429.0,8740.4,8744.4
1748210648592.0,8740.1,8744.1
1748210650833.0,8739.8,8743.8
1748210653406.0,8739.4,8743.4
1748210655451.0,8739.3,8743.3
1748210655469.0,8739.2,8743.2
1748210660708.0,8738.9,8742.9
1748210663517.0,8737.7,8741.7
1748210665881.0,8737.3,8741.3
1748210666112.0,8737.1,8741.1
1748210666541.0,8736.9,8740.9
1748210667314.0,8736.8,8740.8
1748210667333.0,8736.6,8740.6
1748210667865.0,8736.8,8740.8
1748210668937.0,8736.9,8740.9
1748210670207.0,8737.3,8741.3
1748210670430.0,8737.1,8741.1
1748210674509.0,8736.6,8740.6
1748210676947.0,8736.7,8740.7
1748210677171.0,8736.6,8740.6
1748210682018.0,8737.5,8741.5
1748210682223.0,8737.4,8741.4
1748210683687.0,8737.5,8741.5
1748210683913.0,8737.6,8741.6
1748210684389.0,8737.7,8741.7
1748210684407.0,8737.9,8741.9
1748210685327.0,8738.0,8742.0
1748210685346.0,8738.1,8742.1
1748210686660.0,8738.3,8742.3
1748210687060.0,8738.7,8742.7
1748210687284.0,8738.8,8742.8
1748210687851.0,8738.9,8742.9
1748210687869.0,8739.0,8743.0
1748210688977.0,8739.2,8743.2
1748210689615.0,8739.3,8743.3
1748210690708.0,8739.7,8743.7
1748210692778.0,8739.6,8743.6
1748210693639.0,8739.5,8743.5
1748210693881.0,8739.0,8743.0
1748210695330.0,8739.3,8743.3
1748210700425.0,8738.7,8742.7
1748210700628.0,8738.6,8742.6
1748210700853.0,8738.5,8742.5
1748210701315.0,8738.4,8742.4
1748210701904.0,8738.5,8742.5
1748210702322.0,8738.8,8742.8
1748210704399.0,8738.7,8742.7
1748210704416.0,8738.6,8742.6
1748210704641.0,8738.5,8742.5
1748210706491.0,8738.6,8742.6
1748210706872.0,8738.8,8742.8
1748210706892.0,8739.1,8743.1
1748210709430.0,8739.3,8743.3
1748210710063.0,8739.1,8743.1
1748210710300.0,8738.9,8742.9
1748210712324.0,8739.4,8743.4
1748210712530.0,8739.5,8743.5
1748210712775.0,8739.4,8743.4
1748210713731.0,8739.5,8743.5
1748210713978.0,8739.7,8743.7
1748210715069.0,8740.2,8744.2
1748210715455.0,8739.8,8743.8
1748210717962.0,8739.4,8743.4
1748210718188.0,8738.8,8742.8
1748210718418.0,8738.9,8742.9
1748210719571.0,8739.0,8743.0
1748210719591.0,8739.1,8743.1
1748210719993.0,8738.9,8742.9
1748210721290.0,8739.7,8743.7
1748210722765.0,8739.5,8743.5
1748210722992.0,8739.3,8743.3
1748210723611.0,8739.7,8743.7
1748210724743.0,8739.8,8743.8
1748210724969.0,8740.2,8744.2
1748210725465.0,8740.5,8744.5
1748210725690.0,8740.6,8744.6
1748210726587.0,8740.7,8744.7
1748210726812.0,8740.6,8744.6
1748210727950.0,8740.5,8744.5
1748210727969.0,8740.4,8744.4
1748210728468.0,8740.6,8744.6
1748210729061.0,8740.7,8744.7
1748210729286.0,8740.6,8744.6
1748210731140.0,8740.7,8744.7
1748210732914.0,8740.4,8744.4
1748210732932.0,8739.9,8743.9
1748210733157.0,8740.2,8744.2
1748210733384.0,8740.3,8744.3
1748210733894.0,8740.4,8744.4
1748210734139.0,8740.9,8744.9
1748210734369.0,8740.7,8744.7
1748210734593.0,8739.9,8743.9
1748210735012.0,8740.2,8744.2
1748210735239.0,8740.3,8744.3
1748210735674.0,8740.4,8744.4
1748210737153.0,8740.3,8744.3
1748210737173.0,8739.9,8743.9
1748210740263.0,8740.2,8744.2
1748210740489.0,8739.9,8743.9
1748210742200.0,8740.0,8744.0
1748210746254.0,8739.8,8743.8
1748210746734.0,8740.5,8744.5
1748210750544.0,8740.3,8744.3
1748210750769.0,8740.2,8744.2
1748210753724.0,8740.1,8744.1
1748210753741.0,8740.0,8744.0
1748210753967.0,8740.3,8744.3
1748210755799.0,8740.4,8744.4
1748210755817.0,8740.5,8744.5
1748210756456.0,8740.0,8744.0
1748210757654.0,8740.6,8744.6
1748210759737.0,8740.7,8744.7
1748210759981.0,8740.9,8744.9
1748210762447.0,8740.9,8744.9
1748210763513.0,8741.1,8745.1
1748210764176.0,8741.4,8745.4
1748210764400.0,8740.9,8744.9
1748210765502.0,8740.7,8744.7
1748210766813.0,8740.6,8744.6
1748210767165.0,8740.7,8744.7
1748210767409.0,8740.9,8744.9
1748210767636.0,8741.1,8745.1
1748210767840.0,8741.2,8745.2
1748210769242.0,8741.3,8745.3
1748210769487.0,8741.5,8745.5
1748210774517.0,8741.2,8745.2
1748210775070.0,8741.4,8745.4
1748210776924.0,8741.1,8745.1
1748210777457.0,8740.9,8744.9
1748210778098.0,8740.8,8744.8
1748210778346.0,8740.5,8744.5
1748210778810.0,8740.6,8744.6
1748210779237.0,8740.7,8744.7
1748210779480.0,8740.9,8744.9
1748210779707.0,8741.2,8745.2
1748210780654.0,8741.3,8745.3
1748210780675.0,8741.4,8745.4
1748210782097.0,8741.5,8745.5
1748210782586.0,8741.7,8745.7
1748210782811.0,8741.5,8745.5
1748210783329.0,8741.1,8745.1
1748210783555.0,8741.2,8745.2
1748210783780.0,8741.1,8745.1
1748210783985.0,8741.0,8745.0
1748210784005.0,8740.9,8744.9
1748210784594.0,8740.7,8744.7
1748210784819.0,8740.6,8744.6
1748210785257.0,8740.8,8744.8
1748210785275.0,8740.7,8744.7
1748210785500.0,8740.6,8744.6
1748210785821.0,8740.7,8744.7
1748210786046.0,8740.6,8744.6
1748210786786.0,8740.7,8744.7
1748210792126.0,8741.4,8745.4
1748210793252.0,8741.3,8745.3
1748210793473.0,8741.2,8745.2
1748210794146.0,8741.3,8745.3
1748210794388.0,8741.1,8745.1
1748210795712.0,8741.0,8745.0
1748210795728.0,8740.8,8744.8
1748210809600.0,8740.7,8744.7
1748210810012.0,8740.6,8744.6
1748210811444.0,8740.2,8744.2
1748210812179.0,8739.7,8743.7
1748210812667.0,8739.6,8743.6
1748210812687.0,8739.5,8743.5
1748210814779.0,8739.8,8743.8
1748210815914.0,8740.6,8744.6
1748210816137.0,8741.5,8745.5
1748210816364.0,8746.7,8750.7
1748210816586.0,8747.8,8751.8
1748210816812.0,8747.1,8751.1
1748210817121.0,8747.0,8751.0
1748210817346.0,8746.9,8750.9
1748210817552.0,8747.3,8751.3
1748210817573.0,8748.2,8752.2
1748210818092.0,8747.8,8751.8
1748210818298.0,8747.7,8751.7
1748210818318.0,8747.6,8751.6
1748210818701.0,8751.3,8755.3
1748210818926.0,8750.8,8754.8
1748210819150.0,8750.3,8754.3
1748210819376.0,8754.6,8758.6
1748210819601.0,8755.9,8759.9
1748210819826.0,8757.8,8761.8
1748210820051.0,8755.9,8759.9
1748210820331.0,8754.9,8758.9
1748210820503.0,8752.4,8756.4
1748210820726.0,8752.1,8756.1
1748210820952.0,8751.8,8755.8
1748210821287.0,8754.6,8758.6
1748210821401.0,8754.8,8758.8
1748210821627.0,8754.5,8758.5
1748210821853.0,8754.1,8758.1
1748210822056.0,8753.6,8757.6
1748210822077.0,8752.7,8756.7
1748210822320.0,8753.8,8757.8
1748210822528.0,8753.2,8757.2
1748210822752.0,8753.5,8757.5
1748210822977.0,8753.2,8757.2
1748210823201.0,8751.3,8755.3
1748210823428.0,8750.2,8754.2
1748210823653.0,8750.1,8754.1
1748210823879.0,8749.9,8753.9
1748210824948.0,8749.3,8753.3
1748210825774.0,8754.3,8758.3
1748210825997.0,8755.6,8759.6
1748210826335.0,8753.7,8757.7
1748210826449.0,8752.6,8756.6
1748210826771.0,8750.9,8754.9
1748210827006.0,8752.0,8756.0
1748210827232.0,8752.2,8756.2
1748210827600.0,8752.0,8756.0
1748210827825.0,8750.5,8754.5
1748210828478.0,8751.1,8755.1
1748210828705.0,8750.6,8754.6
1748210829292.0,8750.7,8754.7
1748210830000.0,8750.6,8754.6
1748210830225.0,8752.1,8756.1
1748210830431.0,8752.3,8756.3
1748210830450.0,8752.5,8756.5
1748210830940.0,8750.3,8754.3
1748210831573.0,8750.0,8754.0
1748210831798.0,8750.4,8754.4
1748210832003.0,8750.6,8754.6
1748210832023.0,8751.1,8755.1
1748210832247.0,8751.3,8755.3
1748210832349.0,8751.4,8755.4
1748210832473.0,8751.2,8755.2
1748210832698.0,8750.4,8754.4
1748210833035.0,8750.7,8754.7
1748210833241.0,8750.5,8754.5
1748210833261.0,8750.2,8754.2
1748210834003.0,8750.4,8754.4
1748210834305.0,8750.3,8754.3
1748210834510.0,8750.2,8754.2
1748210834532.0,8749.8,8753.8
1748210834977.0,8749.7,8753.7
1748210835201.0,8748.8,8752.8
1748210835700.0,8748.9,8752.9
1748210835923.0,8750.0,8754.0
1748210836151.0,8748.5,8752.5
1748210836374.0,8748.9,8752.9
1748210836600.0,8748.3,8752.3
1748210836828.0,8748.6,8752.6
1748210837305.0,8749.8,8753.8
1748210837532.0,8749.4,8753.4
1748210837755.0,8748.9,8752.9
1748210838077.0,8748.8,8752.8
1748210838340.0,8748.3,8752.3
1748210838549.0,8747.6,8751.6
1748210838879.0,8747.5,8751.5
1748210838898.0,8747.4,8751.4
1748210839351.0,8747.3,8751.3
1748210839726.0,8747.5,8751.5
1748210839953.0,8748.0,8752.0
1748210841117.0,8747.8,8751.8
1748210841853.0,8747.6,8751.6
1748210842075.0,8748.0,8752.0
1748210842301.0,8747.8,8751.8
1748210842527.0,8747.3,8751.3
1748210843040.0,8747.5,8751.5
1748210843267.0,8748.2,8752.2
1748210843892.0,8748.4,8752.4
1748210843911.0,8748.8,8752.8
1748210844135.0,8748.2,8752.2
1748210844343.0,8748.4,8752.4
1748210844362.0,8748.7,8752.7
1748210844586.0,8748.8,8752.8
1748210845032.0,8748.5,8752.5
1748210845577.0,8748.2,8752.2
1748210845779.0,8748.6,8752.6
1748210845802.0,8749.4,8753.4
1748210848146.0,8749.3,8753.3
1748210848372.0,8748.5,8752.5
1748210849129.0,8748.8,8752.8
1748210849531.0,8748.7,8752.7
1748210850248.0,8749.0,8753.0
1748210850748.0,8749.7,8753.7
1748210850971.0,8751.1,8755.1
1748210851205.0,8750.6,8754.6
1748210851430.0,8751.1,8755.1
1748210851656.0,8751.4,8755.4
1748210851982.0,8751.5,8755.5
1748210852313.0,8751.3,8755.3
1748210852453.0,8751.7,8755.7
1748210852679.0,8753.0,8757.0
1748210852914.0,8752.7,8756.7
1748210853140.0,8752.8,8756.8
1748210853365.0,8752.2,8756.2
1748210854059.0,8751.5,8755.5
1748210854458.0,8750.9,8754.9
1748210855847.0,8750.7,8754.7
1748210856073.0,8750.1,8754.1
1748210856300.0,8750.5,8754.5
1748210856525.0,8750.7,8754.7
1748210856996.0,8750.9,8754.9
1748210857175.0,8751.4,8755.4
1748210857399.0,8752.1,8756.1
1748210857448.0,8751.7,8755.7
1748210857787.0,8752.1,8756.1
1748210858445.0,8752.2,8756.2
1748210858693.0,8752.1,8756.1
1748210858898.0,8752.2,8756.2
1748210859141.0,8751.6,8755.6
1748210859494.0,8751.5,8755.5
1748210859954.0,8751.1,8755.1
1748210861268.0,8752.5,8756.5
1748210861661.0,8752.6,8756.6
1748210861682.0,8752.8,8756.8
1748210862628.0,8752.6,8756.6
1748210863142.0,8751.2,8755.2
1748210863768.0,8751.3,8755.3
1748210863787.0,8751.5,8755.5
1748210864294.0,8751.7,8755.7
1748210864313.0,8752.1,8756.1
1748210865288.0,8752.0,8756.0
1748210865531.0,8751.2,8755.2
1748210865758.0,8751.3,8755.3
1748210865983.0,8749.6,8753.6
1748210866879.0,8749.5,8753.5
1748210867109.0,8749.3,8753.3
1748210867873.0,8750.3,8754.3
1748210868274.0,8750.5,8754.5
1748210869236.0,8750.9,8754.9
1748210869463.0,8751.2,8755.2
1748210869688.0,8750.9,8754.9
1748210870635.0,8750.4,8754.4
1748210870859.0,8751.0,8755.0
1748210871304.0,8750.9,8754.9
1748210871530.0,8751.5,8755.5
1748210872441.0,8751.7,8755.7
1748210873475.0,8751.6,8755.6
1748210873699.0,8750.9,8754.9
1748210873924.0,8751.2,8755.2
1748210874772.0,8750.9,8754.9
1748210875359.0,8751.0,8755.0
1748210875380.0,8751.2,8755.2
1748210875605.0,8751.6,8755.6
1748210875962.0,8751.5,8755.5
1748210876204.0,8751.6,8755.6
1748210876433.0,8751.7,8755.7
1748210876656.0,8752.5,8756.5
1748210876860.0,8752.6,8756.6
1748210877479.0,8753.6,8757.6
1748210877704.0,8753.7,8757.7
1748210877929.0,8754.3,8758.3
1748210878480.0,8754.5,8758.5
1748210879018.0,8754.3,8758.3
1748210879395.0,8754.4,8758.4
1748210879673.0,8754.5,8758.5
1748210879895.0,8753.3,8757.3
1748210880271.0,8752.7,8756.7
1748210880644.0,8752.8,8756.8
1748210880869.0,8752.7,8756.7
1748210881511.0,8754.8,8758.8
1748210881944.0,8754.2,8758.2
1748210881963.0,8753.6,8757.6
1748210882188.0,8754.5,8758.5
1748210882413.0,8754.8,8758.8
1748210882852.0,8754.9,8758.9
1748210883075.0,8756.3,8760.3
1748210883302.0,8755.4,8759.4
1748210884026.0,8756.6,8760.6
1748210884252.0,8756.3,8760.3
1748210884628.0,8756.6,8760.6
1748210884832.0,8756.8,8760.8
1748210885077.0,8756.9,8760.9
1748210885303.0,8757.8,8761.8
1748210885701.0,8757.2,8761.2
1748210885926.0,8757.1,8761.1
1748210886152.0,8759.2,8763.2
1748210886377.0,8759.6,8763.6
1748210886954.0,8758.6,8762.6
1748210887216.0,8757.9,8761.9
1748210887442.0,8760.0,8764.0
1748210887629.0,8759.8,8763.8
1748210887853.0,8758.5,8762.5
1748210888118.0,8759.6,8763.6
1748210888527.0,8760.7,8764.7
1748210888569.0,8761.7,8765.7
1748210888792.0,8765.1,8769.1
1748210889017.0,8765.6,8769.6
1748210889204.0,8765.8,8769.8
1748210889466.0,8765.9,8769.9
1748210889691.0,8766.1,8770.1
1748210889976.0,8764.6,8768.6
1748210890406.0,8765.3,8769.3
1748210890426.0,8764.9,8768.9
1748210890650.0,8764.2,8768.2
1748210890876.0,8764.0,8768.0
1748210891192.0,8764.1,8768.1
1748210891421.0,8762.1,8766.1
1748210891643.0,8760.4,8764.4
1748210892049.0,8760.2,8764.2
1748210892294.0,8758.9,8762.9
1748210892519.0,8758.8,8762.8
1748210893291.0,8758.9,8762.9
1748210893516.0,8758.8,8762.8
1748210893742.0,8758.3,8762.3
1748210894171.0,8759.3,8763.3
1748210894192.0,8759.5,8763.5
1748210894417.0,8761.8,8765.8
1748210894643.0,8759.9,8763.9
1748210894867.0,8760.9,8764.9
1748210895092.0,8760.0,8764.0
1748210895296.0,8759.9,8763.9
1748210895542.0,8760.0,8764.0
1748210895934.0,8759.7,8763.7
1748210896160.0,8760.8,8764.8
1748210896422.0,8760.4,8764.4
1748210896534.0,8760.6,8764.6
1748210896758.0,8761.0,8765.0
1748210896985.0,8760.2,8764.2
1748210897209.0,8759.5,8763.5
1748210897436.0,8759.4,8763.4
1748210897661.0,8759.5,8763.5
1748210897865.0,8759.6,8763.6
1748210898111.0,8759.9,8763.9
1748210898383.0,8760.6,8764.6
1748210898608.0,8760.2,8764.2
1748210898835.0,8760.6,8764.6
1748210899058.0,8760.1,8764.1
1748210899264.0,8760.0,8764.0
1748210899508.0,8760.1,8764.1
1748210899732.0,8759.8,8763.8
1748210899959.0,8760.1,8764.1
1748210900183.0,8759.9,8763.9
1748210900583.0,8759.6,8763.6
1748210901401.0,8757.6,8761.6
1748210901428.0,8757.8,8761.8
1748210901654.0,8757.0,8761.0
1748210901881.0,8756.9,8760.9
1748210902077.0,8756.7,8760.7
1748210902329.0,8756.9,8760.9
1748210902553.0,8756.6,8760.6
1748210902779.0,8757.4,8761.4
1748210903004.0,8757.5,8761.5
1748210903227.0,8757.7,8761.7
1748210903465.0,8757.0,8761.0
1748210903651.0,8757.1,8761.1
1748210903905.0,8757.6,8761.6
1748210904219.0,8757.9,8761.9
1748210904444.0,8757.7,8761.7
1748210904671.0,8757.3,8761.3
1748210905115.0,8756.8,8760.8
1748210905338.0,8757.0,8761.0
1748210905714.0,8757.1,8761.1
1748210905939.0,8756.8,8760.8
1748210906165.0,8757.5,8761.5
1748210906391.0,8757.6,8761.6
1748210906614.0,8757.9,8761.9
1748210907047.0,8757.8,8761.8
1748210907067.0,8758.0,8762.0
1748210907290.0,8758.5,8762.5
1748210908899.0,8758.6,8762.6
1748210909471.0,8759.1,8763.1
1748210909794.0,8759.2,8763.2
1748210910018.0,8759.6,8763.6
1748210910243.0,8759.4,8763.4
1748210910470.0,8759.7,8763.7
1748210910694.0,8759.4,8763.4
1748210911137.0,8759.2,8763.2
1748210911364.0,8759.6,8763.6
1748210911589.0,8759.1,8763.1
1748210911813.0,8758.6,8762.6
1748210912615.0,8758.5,8762.5
1748210912839.0,8758.0,8762.0
1748210913358.0,8758.4,8762.4
1748210913581.0,8758.8,8762.8
1748210913808.0,8759.0,8763.0
1748210914259.0,8759.2,8763.2
1748210914277.0,8759.7,8763.7
1748210914501.0,8752.7,8756.7
1748210914727.0,8753.1,8757.1
1748210915134.0,8753.2,8757.2
1748210915359.0,8752.8,8756.8
1748210915585.0,8753.1,8757.1
1748210915809.0,8753.2,8757.2
1748210916034.0,8752.8,8756.8
1748210916259.0,8752.4,8756.4
1748210916664.0,8752.1,8756.1
1748210916888.0,8752.0,8756.0
1748210917401.0,8751.9,8755.9
1748210917526.0,8752.0,8756.0
1748210917981.0,8751.7,8755.7
1748210919529.0,8751.4,8755.4
1748210919774.0,8751.6,8755.6
1748210920174.0,8751.7,8755.7
1748210920407.0,8751.1,8755.1
1748210920624.0,8751.3,8755.3
1748210921052.0,8751.4,8755.4
1748210921463.0,8751.3,8755.3
1748210921708.0,8750.5,8754.5
1748210921915.0,8750.4,8754.4
1748210921934.0,8750.2,8754.2
1748210922505.0,8750.3,8754.3
1748210922749.0,8749.8,8753.8
1748210923124.0,8749.4,8753.4
1748210923428.0,8751.4,8755.4
1748210924410.0,8751.0,8755.0
1748210924635.0,8752.2,8756.2
1748210924861.0,8752.0,8756.0
1748210925224.0,8752.3,8756.3
1748210925452.0,8753.2,8757.2
1748210925674.0,8752.3,8756.3
1748210925867.0,8752.4,8756.4
1748210925899.0,8752.6,8756.6
1748210926125.0,8752.4,8756.4
1748210926432.0,8752.6,8756.6
1748210926657.0,8753.1,8757.1
1748210927157.0,8755.1,8759.1
1748210927593.0,8754.3,8758.3
1748210927823.0,8760.0,8764.0
1748210928047.0,8759.4,8763.4
1748210928971.0,8759.3,8763.3
1748210929194.0,8759.4,8763.4
1748210929722.0,8759.1,8763.1
1748210929948.0,8759.0,8763.0
1748210930174.0,8759.5,8763.5
1748210930399.0,8759.4,8763.4
1748210930824.0,8759.7,8763.7
1748210931046.0,8759.3,8763.3
1748210931925.0,8758.2,8762.2
1748210932148.0,8757.2,8761.2
1748210932375.0,8757.0,8761.0
1748210932599.0,8758.1,8762.1
1748210932826.0,8759.1,8763.1
1748210933051.0,8758.5,8762.5
1748210933275.0,8758.1,8762.1
1748210933500.0,8757.6,8761.6
1748210933813.0,8759.3,8763.3
1748210934458.0,8759.2,8763.2
1748210936032.0,8758.5,8762.5
1748210936662.0,8758.4,8762.4
1748210936679.0,8758.2,8762.2
1748210936902.0,8758.0,8762.0
1748210937475.0,8756.0,8760.0
1748210938291.0,8755.4,8759.4
1748210939477.0,8755.5,8759.5
1748210939704.0,8755.2,8759.2
1748210940558.0,8755.4,8759.4
1748210941893.0,8755.3,8759.3
1748210941914.0,8755.1,8759.1
1748210942140.0,8754.8,8758.8
1748210942885.0,8754.5,8758.5
1748210943107.0,8753.9,8757.9
1748210943336.0,8753.1,8757.1
1748210943559.0,8752.9,8756.9
1748210943785.0,8753.0,8757.0
1748210944011.0,8753.1,8757.1
1748210944234.0,8752.7,8756.7
1748210944425.0,8752.6,8756.6
1748210945050.0,8752.8,8756.8
1748210945068.0,8753.2,8757.2
1748210945291.0,8752.9,8756.9
1748210945426.0,8752.8,8756.8
1748210945663.0,8753.3,8757.3
1748210945681.0,8754.2,8758.2
1748210945905.0,8753.9,8757.9
1748210947670.0,8753.8,8757.8
1748210947917.0,8753.1,8757.1
1748210948327.0,8753.6,8757.6
1748210948753.0,8752.2,8756.2
1748210949481.0,8752.0,8756.0
1748210949947.0,8751.9,8755.9
1748210950172.0,8752.0,8756.0
1748210950192.0,8752.4,8756.4
1748210950417.0,8752.5,8756.5
1748210951611.0,8752.6,8756.6
1748210952189.0,8752.5,8756.5
1748210952434.0,8751.7,8755.7
1748210952660.0,8752.0,8756.0
1748210952884.0,8754.1,8758.1
1748210953582.0,8753.8,8757.8
1748210953806.0,8753.1,8757.1
1748210954290.0,8753.5,8757.5
1748210955873.0,8753.0,8757.0
1748210956077.0,8752.9,8756.9
1748210956844.0,8752.7,8756.7
1748210957065.0,8751.8,8755.8
1748210957431.0,8751.7,8755.7
1748210957654.0,8751.4,8755.4
1748210958506.0,8751.3,8755.3
1748210958750.0,8751.0,8755.0
1748210958976.0,8751.4,8755.4
1748210959528.0,8751.0,8755.0
1748210959752.0,8750.6,8754.6
1748210960156.0,8750.9,8754.9
1748210960381.0,8751.0,8755.0
1748210960604.0,8750.6,8754.6
1748210960831.0,8750.5,8754.5
1748210961055.0,8750.2,8754.2
1748210961874.0,8750.5,8754.5
1748210962079.0,8750.4,8754.4
1748210962100.0,8750.2,8754.2
1748210962326.0,8750.0,8754.0
1748210962807.0,8751.4,8755.4
1748210963030.0,8750.8,8754.8
1748210963256.0,8751.4,8755.4
1748210964669.0,8752.9,8756.9
1748210965756.0,8753.1,8757.1
1748210965982.0,8753.5,8757.5
1748210966432.0,8753.5,8757.5
1748210966788.0,8753.4,8757.4
1748210967033.0,8753.5,8757.5
1748210967597.0,8753.4,8757.4
1748210968126.0,8753.5,8757.5
1748210968558.0,8753.5,8757.5
1748210968579.0,8753.4,8757.4
1748210969722.0,8753.5,8757.5
1748210970346.0,8753.6,8757.6
1748210970748.0,8753.1,8757.1
1748210970970.0,8753.4,8757.4
1748210971176.0,8753.3,8757.3
1748210971196.0,8753.0,8757.0
1748210971399.0,8752.9,8756.9
1748210973284.0,8752.6,8756.6
1748210974698.0,8754.5,8758.5
1748210975106.0,8754.7,8758.7
1748210975330.0,8755.6,8759.6
1748210975535.0,8755.7,8759.7
1748210975556.0,8755.9,8759.9
1748210975781.0,8756.4,8760.4
1748210976006.0,8758.1,8762.1
1748210976211.0,8758.2,8762.2
1748210976457.0,8758.6,8762.6
1748210976681.0,8758.9,8762.9
1748210977121.0,8758.8,8762.8
1748210977139.0,8758.6,8762.6
1748210977365.0,8758.9,8762.9
1748210977894.0,8758.7,8762.7
1748210979041.0,8758.9,8762.9
1748210979773.0,8758.7,8762.7
1748210980084.0,8758.9,8762.9
1748210980308.0,8758.5,8762.5
1748210980535.0,8758.1,8762.1
1748210981069.0,8758.0,8762.0
1748210981614.0,8757.9,8761.9
1748210981635.0,8757.8,8761.8
1748210982063.0,8756.4,8760.4
1748210982688.0,8756.9,8760.9
1748210983090.0,8757.1,8761.1
1748210983314.0,8757.4,8761.4
1748210983558.0,8757.6,8761.6
1748210983783.0,8757.2,8761.2
1748210984008.0,8756.6,8760.6
1748210984236.0,8756.5,8760.5
1748210984562.0,8756.9,8760.9
1748210984881.0,8756.6,8760.6
1748210985086.0,8756.7,8760.7
1748210985105.0,8756.9,8760.9
1748210985396.0,8756.8,8760.8
1748210985411.0,8756.6,8760.6
1748210985638.0,8757.4,8761.4
1748210986013.0,8756.9,8760.9
1748210986218.0,8756.5,8760.5
1748210986237.0,8755.6,8759.6
1748210987090.0,8755.9,8759.9
1748210987556.0,8756.5,8760.5
1748210987955.0,8756.1,8760.1
1748210988893.0,8756.4,8760.4
1748210989117.0,8756.1,8760.1
1748210989805.0,8756.8,8760.8
1748210990031.0,8756.5,8760.5
1748210990256.0,8756.4,8760.4
1748210990581.0,8756.1,8760.1
1748210990981.0,8755.9,8759.9
1748210991204.0,8756.0,8760.0
1748210991410.0,8756.1,8760.1
1748210992005.0,8756.5,8760.5
1748210992208.0,8756.6,8760.6
1748210992453.0,8756.8,8760.8
1748210993324.0,8757.1,8761.1
1748210994305.0,8758.6,8762.6
1748210994532.0,8758.2,8762.2
1748210995907.0,8758.1,8762.1
1748210996130.0,8757.6,8761.6
1748210997433.0,8757.1,8761.1
1748210997745.0,8757.2,8761.2
1748210997970.0,8757.4,8761.4
1748210998194.0,8757.7,8761.7
1748210998421.0,8757.8,8761.8
1748210998645.0,8757.7,8761.7
1748211000036.0,8757.0,8761.0
1748211000260.0,8757.4,8761.4
1748211000488.0,8758.2,8762.2
1748211001126.0,8757.8,8761.8
1748211001351.0,8756.9,8760.9
1748211001576.0,8756.5,8760.5
1748211002233.0,8756.6,8760.6
1748211002480.0,8756.5,8760.5
1748211002705.0,8756.8,8760.8
1748211002932.0,8756.1,8760.1
1748211003336.0,8756.0,8760.0
1748211003563.0,8756.1,8760.1
1748211003787.0,8757.0,8761.0
1748211004651.0,8757.2,8761.2
1748211004877.0,8757.4,8761.4
1748211007536.0,8758.1,8762.1
1748211008200.0,8759.2,8763.2
1748211008425.0,8759.5,8763.5
1748211008649.0,8759.8,8763.8
1748211008854.0,8760.0,8764.0
1748211008874.0,8760.3,8764.3
1748211009099.0,8760.8,8764.8
1748211009325.0,8760.7,8764.7
1748211009896.0,8760.3,8764.3
1748211010119.0,8759.8,8763.8
1748211010345.0,8760.0,8764.0
1748211010570.0,8759.9,8763.9
1748211010775.0,8759.8,8763.8
1748211011020.0,8759.5,8763.5
1748211011503.0,8759.4,8763.4
1748211012245.0,8758.6,8762.6
1748211012900.0,8758.8,8762.8
1748211014042.0,8758.9,8762.9
1748211014265.0,8758.6,8762.6
1748211015439.0,8758.8,8762.8
1748211015838.0,8757.5,8761.5
1748211016809.0,8756.9,8760.9
1748211017248.0,8756.8,8760.8
1748211017504.0,8756.6,8760.6
1748211017699.0,8757.3,8761.3
1748211017924.0,8756.8,8760.8
1748211018474.0,8756.6,8760.6
1748211018700.0,8757.5,8761.5
1748211018903.0,8757.4,8761.4
1748211018928.0,8757.2,8761.2
1748211019436.0,8757.3,8761.3
1748211019682.0,8757.9,8761.9
1748211019886.0,8757.8,8761.8
1748211020330.0,8757.9,8761.9
1748211020350.0,8758.0,8762.0
1748211020577.0,8757.8,8761.8
1748211020800.0,8758.0,8762.0
1748211021469.0,8758.4,8762.4
1748211022141.0,8758.7,8762.7
1748211022431.0,8758.5,8762.5
1748211022658.0,8758.4,8762.4
1748211022884.0,8758.0,8762.0
1748211023687.0,8757.5,8761.5
1748211024669.0,8756.9,8760.9
1748211024892.0,8757.4,8761.4
1748211026857.0,8757.1,8761.1
1748211027081.0,8757.5,8761.5
1748211027305.0,8757.2,8761.2
1748211027635.0,8757.1,8761.1
1748211027859.0,8756.6,8760.6
1748211028281.0,8756.5,8760.5
1748211028681.0,8756.4,8760.4
1748211028702.0,8756.2,8760.2
1748211029622.0,8756.3,8760.3
1748211029827.0,8756.4,8760.4
1748211029849.0,8756.5,8760.5
1748211031161.0,8756.6,8760.6
1748211031366.0,8756.4,8760.4
1748211031388.0,8756.2,8760.2
1748211031792.0,8756.3,8760.3
1748211031997.0,8756.4,8760.4
1748211032017.0,8756.5,8760.5
1748211032524.0,8755.8,8759.8
1748211033457.0,8755.4,8759.4
1748211033666.0,8755.5,8759.5
1748211034891.0,8754.8,8758.8
1748211035871.0,8754.9,8758.9
1748211036094.0,8755.2,8759.2
1748211036114.0,8755.0,8759.0
1748211036338.0,8754.6,8758.6
1748211036882.0,8754.1,8758.1
1748211037105.0,8754.6,8758.6
1748211037569.0,8754.1,8758.1
1748211038592.0,8754.2,8758.2
1748211038819.0,8754.4,8758.4
1748211040001.0,8754.5,8758.5
1748211040226.0,8754.4,8758.4
1748211040714.0,8755.0,8759.0
1748211041180.0,8754.8,8758.8
1748211041405.0,8754.5,8758.5
1748211041768.0,8754.6,8758.6
1748211043248.0,8754.4,8758.4
1748211043474.0,8754.5,8758.5
1748211044049.0,8754.6,8758.6
1748211044292.0,8754.4,8758.4
1748211044589.0,8754.2,8758.2
1748211045064.0,8754.7,8758.7
1748211045289.0,8754.4,8758.4
1748211045513.0,8755.6,8759.6
1748211045738.0,8755.9,8759.9
1748211046065.0,8756.2,8760.2
1748211046625.0,8757.5,8761.5
1748211046851.0,8757.3,8761.3
1748211047075.0,8757.1,8761.1
1748211047756.0,8757.0,8761.0
1748211048345.0,8756.5,8760.5
1748211049046.0,8756.3,8760.3
1748211049271.0,8756.1,8760.1
1748211049587.0,8756.0,8760.0
1748211050094.0,8755.9,8759.9
1748211050474.0,8755.7,8759.7
1748211050493.0,8755.3,8759.3
1748211050921.0,8754.7,8758.7
1748211052176.0,8754.3,8758.3
1748211052786.0,8754.2,8758.2
1748211053011.0,8754.3,8758.3
1748211054198.0,8754.1,8758.1
1748211054631.0,8753.9,8757.9
1748211054855.0,8753.8,8757.8
1748211055082.0,8753.9,8757.9
1748211055305.0,8754.1,8758.1
1748211055653.0,8753.8,8757.8
1748211056189.0,8753.9,8757.9
1748211056414.0,8753.8,8757.8
1748211056826.0,8753.9,8757.9
1748211057051.0,8754.3,8758.3
1748211058507.0,8753.0,8757.0
1748211059156.0,8752.9,8756.9
1748211060101.0,8752.8,8756.8
1748211060121.0,8752.7,8756.7
1748211060347.0,8752.9,8756.9
1748211061646.0,8752.7,8756.7
1748211062047.0,8752.9,8756.9
1748211063210.0,8752.2,8756.2
1748211064537.0,8752.4,8756.4
1748211064761.0,8752.2,8756.2
1748211065266.0,8751.8,8755.8
1748211065702.0,8751.7,8755.7
1748211066834.0,8751.0,8755.0
1748211067286.0,8751.2,8755.2
1748211067514.0,8751.0,8755.0
1748211067741.0,8751.5,8755.5
1748211068115.0,8751.8,8755.8
1748211068341.0,8751.9,8755.9
1748211068567.0,8751.8,8755.8
1748211068979.0,8751.9,8755.9
1748211070061.0,8751.3,8755.3
1748211070510.0,8751.2,8755.2
1748211070754.0,8751.7,8755.7
1748211070978.0,8751.5,8755.5
1748211071202.0,8751.3,8755.3
1748211071410.0,8751.4,8755.4
1748211071429.0,8751.8,8755.8
1748211071655.0,8751.3,8755.3
1748211071926.0,8751.5,8755.5
1748211072206.0,8750.5,8754.5
1748211072927.0,8750.2,8754.2
1748211073155.0,8750.9,8754.9
1748211073817.0,8750.8,8754.8
1748211074216.0,8750.3,8754.3
1748211074825.0,8750.2,8754.2
1748211075073.0,8750.5,8754.5
1748211075296.0,8750.7,8754.7
1748211075524.0,8750.5,8754.5
1748211076855.0,8750.6,8754.6
1748211076877.0,8750.3,8754.3
1748211077680.0,8749.9,8753.9
1748211077905.0,8750.0,8754.0
1748211080097.0,8749.9,8753.9
1748211080653.0,8749.7,8753.7
1748211081441.0,8749.6,8753.6
1748211083117.0,8750.2,8754.2
1748211083337.0,8749.7,8753.7
1748211083744.0,8749.9,8753.9
1748211083968.0,8750.0,8754.0
1748211084461.0,8749.9,8753.9
1748211085080.0,8750.1,8754.1
1748211085306.0,8749.7,8753.7
1748211086436.0,8749.6,8753.6
1748211086661.0,8749.2,8753.2
1748211086887.0,8749.4,8753.4
1748211087670.0,8749.6,8753.6
1748211087895.0,8749.7,8753.7
1748211088100.0,8749.6,8753.6
1748211088120.0,8749.4,8753.4
1748211089706.0,8749.6,8753.6
1748211089932.0,8749.7,8753.7
1748211090693.0,8749.6,8753.6
1748211091512.0,8748.8,8752.8
1748211092096.0,8748.7,8752.7
1748211092338.0,8749.0,8753.0
1748211092563.0,8748.7,8752.7
1748211092790.0,8748.5,8752.5
1748211094247.0,8748.6,8752.6
1748211094491.0,8748.8,8752.8
1748211094714.0,8749.0,8753.0
1748211094942.0,8749.1,8753.1
1748211095166.0,8748.8,8752.8
1748211095693.0,8749.1,8753.1
1748211096833.0,8749.2,8753.2
1748211097058.0,8749.4,8753.4
1748211097282.0,8749.9,8753.9
1748211097630.0,8749.7,8753.7
1748211099146.0,8749.9,8753.9
1748211100135.0,8750.0,8754.0
1748211101308.0,8750.9,8754.9
1748211102517.0,8750.8,8754.8
1748211102742.0,8750.9,8754.9
1748211103749.0,8751.1,8755.1
1748211104148.0,8750.8,8754.8
1748211104801.0,8750.9,8754.9
1748211105478.0,8750.8,8754.8
1748211106123.0,8750.1,8754.1
1748211106347.0,8750.0,8754.0
1748211107883.0,8750.1,8754.1
1748211108530.0,8749.7,8753.7
1748211108754.0,8749.4,8753.4
1748211109170.0,8749.7,8753.7
1748211110180.0,8749.8,8753.8
1748211110426.0,8750.0,8754.0
1748211112618.0,8749.9,8753.9
1748211113712.0,8750.1,8754.1
1748211113936.0,8750.0,8754.0
1748211114745.0,8749.6,8753.6
1748211116619.0,8749.5,8753.5
1748211117391.0,8749.3,8753.3
1748211118173.0,8749.5,8753.5
1748211118191.0,8750.0,8754.0
1748211118667.0,8749.9,8753.9
1748211119443.0,8749.8,8753.8
1748211119863.0,8748.7,8752.7
1748211120350.0,8748.8,8752.8
1748211122250.0,8749.0,8753.0
1748211123095.0,8748.2,8752.2
1748211123856.0,8748.4,8752.4
1748211125352.0,8748.6,8752.6
1748211125820.0,8748.4,8752.4
1748211126047.0,8750.9,8754.9
1748211126272.0,8752.0,8756.0
1748211126677.0,8752.1,8756.1
1748211126885.0,8752.6,8756.6
1748211127721.0,8752.7,8756.7
1748211128122.0,8753.0,8757.0
1748211128347.0,8752.7,8756.7
1748211128904.0,8752.6,8756.6
1748211129780.0,8752.4,8756.4
1748211130008.0,8752.2,8756.2
1748211134189.0,8751.6,8755.6
1748211134413.0,8751.5,8755.5
1748211135063.0,8751.6,8755.6
1748211136442.0,8751.8,8755.8
1748211138930.0,8751.3,8755.3
1748211139154.0,8752.6,8756.6
1748211139381.0,8752.7,8756.7
1748211139605.0,8752.8,8756.8
1748211139859.0,8753.0,8757.0
1748211140084.0,8752.7,8756.7
1748211140589.0,8752.6,8756.6
1748211141789.0,8752.4,8756.4
1748211142017.0,8752.2,8756.2
1748211142219.0,8752.1,8756.1
1748211142464.0,8752.2,8756.2
1748211142861.0,8752.4,8756.4
1748211143977.0,8752.5,8756.5
1748211144227.0,8752.8,8756.8
1748211144664.0,8752.7,8756.7
1748211144888.0,8752.8,8756.8
1748211145579.0,8752.7,8756.7
1748211145785.0,8752.6,8756.6
1748211146822.0,8752.6,8756.6
1748211147909.0,8753.0,8757.0
1748211149306.0,8752.6,8756.6
1748211149985.0,8752.4,8756.4
1748211151111.0,8752.6,8756.6
1748211151978.0,8752.5,8756.5
1748211151998.0,8752.4,8756.4
1748211152227.0,8751.8,8755.8
1748211153721.0,8752.2,8756.2
1748211153926.0,8752.1,8756.1
1748211154602.0,8752.2,8756.2
1748211154869.0,8752.2,8756.2
1748211155379.0,8752.4,8756.4
1748211156752.0,8752.6,8756.6
1748211157503.0,8752.7,8756.7
1748211158414.0,8753.0,8757.0
1748211158639.0,8754.5,8758.5
1748211158864.0,8758.2,8762.2
1748211159088.0,8758.7,8762.7
1748211159315.0,8757.9,8761.9
1748211159518.0,8758.0,8762.0
1748211159539.0,8758.1,8762.1
1748211160192.0,8757.3,8761.3
1748211160418.0,8757.9,8761.9
1748211160641.0,8757.7,8761.7
1748211161042.0,8757.2,8761.2
1748211161267.0,8757.7,8761.7
1748211162166.0,8757.8,8761.8
1748211162390.0,8757.5,8761.5
1748211162617.0,8757.0,8761.0
1748211162841.0,8757.7,8761.7
1748211163066.0,8757.3,8761.3
1748211163291.0,8757.0,8761.0
1748211164592.0,8757.1,8761.1
1748211164842.0,8757.3,8761.3
1748211165531.0,8757.0,8761.0
1748211166074.0,8756.6,8760.6
1748211166298.0,8756.9,8760.9
1748211166522.0,8756.6,8760.6
1748211166930.0,8756.1,8760.1
1748211167156.0,8756.6,8760.6
1748211167991.0,8756.4,8760.4
1748211169693.0,8756.3,8760.3
1748211169938.0,8755.6,8759.6
1748211170163.0,8756.3,8760.3
1748211170570.0,8755.8,8759.8
1748211170795.0,8756.1,8760.1
1748211171168.0,8756.0,8760.0
1748211171397.0,8755.7,8759.7
1748211171894.0,8756.1,8760.1
1748211172500.0,8756.3,8760.3
1748211172726.0,8756.4,8760.4
1748211173497.0,8756.8,8760.8
1748211175004.0,8757.5,8761.5
1748211175229.0,8757.0,8761.0
1748211176009.0,8756.9,8760.9
1748211177187.0,8757.3,8761.3
1748211177411.0,8757.2,8761.2
1748211178019.0,8757.5,8761.5
1748211178247.0,8757.2,8761.2
1748211178469.0,8757.3,8761.3
1748211178817.0,8757.9,8761.9
1748211179041.0,8757.8,8761.8
1748211179247.0,8757.7,8761.7
1748211179495.0,8757.8,8761.8
1748211180312.0,8757.9,8761.9
1748211181253.0,8757.7,8761.7
1748211181476.0,8757.9,8761.9
1748211183123.0,8756.9,8760.9
1748211183721.0,8756.8,8760.8
1748211183948.0,8756.9,8760.9
1748211184149.0,8756.8,8760.8
1748211184376.0,8757.1,8761.1
1748211184398.0,8757.8,8761.8
1748211184623.0,8758.4,8762.4
1748211185390.0,8758.3,8762.3
1748211185633.0,8758.1,8762.1
1748211185858.0,8757.7,8761.7
1748211186365.0,8758.1,8762.1
1748211187560.0,8758.8,8762.8
1748211187579.0,8759.0,8763.0
1748211188804.0,8758.7,8762.7
1748211189124.0,8758.9,8762.9
1748211189349.0,8759.0,8763.0
1748211189574.0,8758.7,8762.7
1748211189799.0,8758.9,8762.9
1748211190027.0,8759.0,8763.0
1748211191362.0,8759.1,8763.1
1748211191794.0,8759.1,8763.1
1748211191815.0,8759.3,8763.3
1748211192283.0,8758.7,8762.7
1748211192755.0,8758.4,8762.4
1748211192773.0,8757.9,8761.9
1748211193214.0,8758.1,8762.1
1748211194690.0,8757.8,8761.8
1748211195470.0,8757.9,8761.9
1748211195694.0,8758.3,8762.3
1748211195920.0,8758.2,8762.2
1748211196913.0,8758.1,8762.1
1748211197572.0,8759.4,8763.4
1748211197774.0,8759.3,8763.3
1748211197793.0,8759.1,8763.1
1748211198246.0,8759.6,8763.6
1748211198474.0,8759.9,8763.9
1748211198675.0,8759.8,8763.8
1748211198767.0,8759.7,8763.7
1748211199053.0,8758.6,8762.6
1748211199279.0,8758.0,8762.0
1748211199929.0,8760.1,8764.1
1748211200153.0,8759.5,8763.5
1748211202333.0,8759.7,8763.7
1748211202558.0,8759.5,8763.5
1748211203547.0,8759.3,8763.3
1748211204186.0,8759.5,8763.5
1748211204586.0,8759.2,8763.2
1748211205866.0,8759.0,8763.0
1748211206263.0,8759.2,8763.2
1748211206488.0,8759.3,8763.3
1748211206984.0,8759.5,8763.5
1748211207209.0,8759.7,8763.7
1748211208786.0,8759.5,8763.5
1748211209106.0,8759.3,8763.3
1748211209335.0,8759.2,8763.2
1748211210814.0,8759.5,8763.5
1748211211662.0,8759.2,8763.2
1748211211946.0,8759.3,8763.3
1748211212168.0,8759.2,8763.2
1748211212507.0,8757.0,8761.0
1748211212622.0,8756.9,8760.9
1748211213292.0,8756.5,8760.5
1748211213516.0,8757.7,8761.7
1748211213871.0,8757.6,8761.6
1748211213890.0,8757.3,8761.3
1748211214558.0,8757.5,8761.5
1748211214783.0,8757.7,8761.7
1748211215007.0,8757.5,8761.5
1748211215234.0,8757.3,8761.3
1748211216041.0,8757.5,8761.5
1748211216060.0,8757.8,8761.8
1748211216551.0,8757.5,8761.5
1748211216775.0,8757.7,8761.7
1748211217193.0,8757.8,8761.8
1748211218226.0,8758.0,8762.0
1748211218450.0,8757.7,8761.7
1748211219332.0,8758.0,8762.0
1748211220209.0,8758.1,8762.1
1748211221006.0,8758.2,8762.2
1748211221235.0,8758.1,8762.1
1748211221887.0,8758.2,8762.2
1748211222109.0,8758.1,8762.1
1748211223427.0,8757.9,8761.9
1748211224154.0,8758.1,8762.1
1748211224569.0,8757.9,8761.9
1748211225413.0,8757.8,8761.8
1748211228389.0,8757.9,8761.9
1748211228807.0,8757.8,8761.8
1748211229832.0,8757.9,8761.9
1748211230346.0,8757.8,8761.8
1748211231243.0,8757.7,8761.7
1748211231469.0,8757.3,8761.3
1748211231694.0,8757.2,8761.2
1748211231785.0,8757.1,8761.1
1748211232137.0,8757.0,8761.0
1748211232535.0,8756.9,8760.9
1748211233195.0,8756.7,8760.7
1748211233665.0,8756.9,8760.9
1748211234463.0,8757.3,8761.3
1748211235416.0,8757.5,8761.5
1748211235642.0,8757.3,8761.3
1748211237394.0,8757.5,8761.5
1748211238163.0,8757.3,8761.3
1748211238440.0,8757.5,8761.5
1748211240358.0,8757.3,8761.3
1748211242807.0,8757.1,8761.1
1748211244814.0,8755.9,8759.9
1748211245037.0,8755.5,8759.5
1748211245240.0,8755.6,8759.6
1748211245489.0,8755.5,8759.5
1748211247332.0,8755.8,8759.8
1748211247856.0,8755.9,8759.9
1748211248082.0,8755.8,8759.8
1748211248307.0,8755.0,8759.0
1748211248534.0,8754.9,8758.9
1748211248758.0,8755.0,8759.0
1748211249793.0,8755.4,8759.4
1748211251095.0,8755.8,8759.8
1748211251629.0,8755.6,8759.6
1748211251856.0,8755.8,8759.8
1748211253140.0,8754.9,8758.9
1748211254158.0,8754.5,8758.5
1748211255738.0,8754.2,8758.2
1748211256466.0,8753.8,8757.8
1748211257309.0,8753.7,8757.7
1748211257602.0,8753.5,8757.5
1748211257827.0,8753.7,8757.7
1748211258733.0,8753.8,8757.8
1748211258960.0,8753.5,8757.5
1748211259183.0,8753.7,8757.7
1748211260878.0,8753.8,8757.8
1748211261109.0,8753.5,8757.5
1748211261308.0,8753.6,8757.6
1748211261337.0,8753.7,8757.7
1748211261902.0,8754.3,8758.3
1748211262459.0,8754.5,8758.5
1748211262687.0,8754.3,8758.3
1748211265541.0,8754.2,8758.2
1748211266461.0,8753.7,8757.7
1748211266684.0,8753.5,8757.5
1748211268089.0,8753.3,8757.3
1748211269103.0,8753.4,8757.4
1748211269427.0,8753.5,8757.5
1748211269670.0,8753.7,8757.7
1748211270226.0,8753.5,8757.5
1748211270840.0,8753.0,8757.0
1748211271197.0,8752.9,8756.9
1748211271431.0,8752.6,8756.6
1748211271656.0,8752.4,8756.4
1748211272131.0,8751.6,8755.6
1748211272990.0,8751.4,8755.4
1748211273216.0,8751.6,8755.6
1748211273702.0,8751.7,8755.7
1748211273907.0,8751.8,8755.8
1748211274702.0,8752.0,8756.0
1748211276769.0,8752.2,8756.2
1748211277220.0,8751.7,8755.7
1748211277966.0,8751.8,8755.8
1748211284163.0,8755.1,8759.1
1748211285077.0,8755.2,8759.2
1748211285321.0,8755.1,8759.1
1748211287421.0,8755.0,8759.0
1748211287626.0,8755.1,8759.1
1748211289851.0,8755.4,8759.4
1748211290076.0,8755.1,8759.1
1748211290304.0,8754.9,8758.9
1748211290656.0,8754.7,8758.7
1748211290882.0,8754.6,8758.6
1748211291600.0,8754.7,8758.7
1748211291827.0,8754.6,8758.6
1748211293926.0,8754.7,8758.7
1748211294152.0,8755.1,8759.1
1748211294720.0,8755.3,8759.3
1748211295488.0,8755.0,8759.0
1748211296047.0,8754.8,8758.8
1748211296826.0,8754.9,8758.9
1748211297370.0,8753.7,8757.7
1748211297822.0,8753.9,8757.9
1748211298254.0,8754.4,8758.4
1748211299221.0,8754.5,8758.5
1748211300110.0,8754.6,8758.6
1748211302167.0,8754.8,8758.8
1748211302390.0,8754.5,8758.5
1748211302617.0,8754.2,8758.2
1748211302820.0,8754.3,8758.3
1748211302840.0,8754.5,8758.5
1748211303551.0,8754.8,8758.8
1748211304174.0,8754.9,8758.9
1748211304907.0,8755.2,8759.2
1748211306708.0,8755.1,8759.1
1748211306728.0,8754.9,8758.9
1748211306954.0,8755.7,8759.7
1748211309638.0,8755.8,8759.8
1748211310038.0,8754.6,8758.6
1748211310262.0,8754.5,8758.5
1748211310484.0,8754.3,8758.3
1748211310836.0,8754.5,8758.5
1748211310858.0,8754.9,8758.9
1748211311915.0,8754.6,8758.6
1748211312844.0,8754.2,8758.2
1748211313069.0,8754.7,8758.7
1748211313294.0,8754.9,8758.9
1748211313786.0,8755.0,8759.0
1748211314436.0,8754.8,8758.8
1748211315321.0,8754.7,8758.7
1748211315526.0,8754.5,8758.5
1748211315546.0,8754.3,8758.3
1748211316010.0,8754.1,8758.1
1748211316234.0,8753.6,8757.6
1748211316716.0,8753.2,8757.2
1748211316958.0,8753.3,8757.3
1748211318120.0,8753.5,8757.5
1748211318346.0,8753.3,8757.3
1748211318571.0,8753.2,8757.2
1748211318966.0,8753.3,8757.3
1748211319304.0,8753.2,8757.2
1748211319530.0,8753.4,8757.4
1748211319754.0,8753.7,8757.7
1748211319981.0,8753.6,8757.6
1748211320376.0,8753.7,8757.7
1748211320602.0,8754.2,8758.2
1748211320828.0,8754.4,8758.4
1748211321051.0,8754.5,8758.5
1748211321277.0,8754.4,8758.4
1748211321856.0,8754.3,8758.3
1748211323038.0,8753.8,8757.8
1748211324806.0,8753.9,8757.9
1748211324826.0,8754.0,8758.0
1748211330403.0,8753.8,8757.8
1748211331856.0,8754.0,8758.0
1748211332080.0,8753.7,8757.7
1748211332801.0,8753.5,8757.5
1748211333026.0,8752.3,8756.3
1748211333264.0,8752.2,8756.2
1748211333660.0,8751.6,8755.6
1748211334263.0,8752.1,8756.1
1748211334488.0,8751.4,8755.4
1748211334714.0,8751.3,8755.3
1748211335916.0,8751.4,8755.4
1748211336621.0,8751.3,8755.3
1748211337268.0,8751.0,8755.0
1748211337651.0,8751.1,8755.1
1748211337670.0,8751.2,8755.2
1748211339177.0,8751.3,8755.3
1748211339403.0,8751.6,8755.6
1748211340134.0,8751.7,8755.7
1748211340664.0,8751.9,8755.9
1748211340890.0,8752.1,8756.1
1748211341397.0,8751.9,8755.9
1748211341920.0,8751.8,8755.8
1748211344752.0,8752.8,8756.8
1748211345108.0,8752.9,8756.9
1748211345127.0,8753.0,8757.0
1748211346357.0,8752.8,8756.8
1748211346580.0,8753.2,8757.2
1748211346807.0,8752.5,8756.5
1748211348398.0,8751.5,8755.5
1748211349719.0,8751.3,8755.3
1748211350188.0,8751.8,8755.8
1748211350595.0,8751.5,8755.5
1748211350820.0,8751.7,8755.7
1748211351302.0,8751.5,8755.5
1748211352784.0,8751.4,8755.4
1748211353854.0,8751.5,8755.5
1748211354424.0,8750.7,8754.7
1748211354951.0,8750.5,8754.5
1748211356724.0,8750.3,8754.3
1748211360049.0,8750.8,8754.8
1748211361245.0,8750.7,8754.7
1748211362141.0,8750.8,8754.8
1748211362608.0,8750.7,8754.7
1748211366921.0,8751.2,8755.2
1748211367144.0,8750.9,8754.9
1748211367609.0,8751.3,8755.3
1748211368760.0,8751.2,8755.2
1748211369520.0,8751.7,8755.7
1748211369724.0,8751.8,8755.8
1748211371008.0,8751.4,8755.4
1748211373115.0,8751.3,8755.3
1748211373319.0,8751.2,8755.2
1748211373564.0,8751.4,8755.4
1748211374615.0,8752.4,8756.4
1748211375563.0,8752.3,8756.3
1748211375791.0,8752.4,8756.4
1748211377344.0,8751.2,8755.2
1748211377791.0,8751.1,8755.1
1748211377996.0,8751.2,8755.2
1748211378242.0,8751.1,8755.1
1748211378465.0,8751.5,8755.5
1748211378849.0,8751.8,8755.8
1748211379078.0,8752.2,8756.2
1748211382146.0,8752.3,8756.3
1748211382696.0,8752.6,8756.6
1748211383182.0,8752.4,8756.4
1748211386733.0,8752.6,8756.6
1748211387137.0,8752.3,8756.3
1748211387363.0,8752.4,8756.4
1748211391229.0,8752.3,8756.3
1748211393221.0,8753.9,8757.9
1748211394281.0,8753.6,8757.6
1748211394508.0,8753.5,8757.5
1748211395586.0,8753.6,8757.6
1748211395811.0,8753.9,8757.9
1748211396037.0,8754.1,8758.1
1748211396264.0,8753.9,8757.9
1748211396701.0,8753.6,8757.6
1748211398942.0,8753.5,8757.5
1748211399168.0,8753.2,8757.2
1748211400516.0,8752.8,8756.8
1748211401153.0,8753.0,8757.0
1748211401885.0,8753.2,8757.2
1748211402280.0,8753.0,8757.0
1748211402515.0,8753.2,8757.2
1748211403943.0,8753.0,8757.0
1748211405290.0,8753.3,8757.3
1748211406505.0,8753.9,8757.9
1748211406522.0,8755.1,8759.1
1748211406959.0,8754.9,8758.9
1748211408046.0,8755.6,8759.6
1748211408269.0,8755.3,8759.3
1748211409536.0,8754.8,8758.8
1748211410386.0,8755.1,8759.1
1748211411756.0,8754.8,8758.8
1748211412151.0,8755.0,8759.0
1748211412174.0,8755.3,8759.3
1748211412645.0,8755.4,8759.4
1748211414003.0,8755.3,8759.3
1748211414227.0,8754.8,8758.8
1748211415086.0,8754.9,8758.9
1748211415331.0,8755.3,8759.3
1748211415558.0,8755.1,8759.1
1748211416765.0,8754.9,8758.9
1748211417165.0,8754.8,8758.8
1748211419748.0,8754.7,8758.7
1748211419973.0,8754.3,8758.3
1748211420195.0,8754.7,8758.7
1748211420669.0,8754.5,8758.5
1748211420871.0,8754.4,8758.4
1748211420891.0,8754.3,8758.3
1748211422156.0,8754.4,8758.4
1748211423018.0,8754.5,8758.5
1748211423943.0,8754.7,8758.7
1748211424566.0,8754.8,8758.8
1748211426337.0,8754.7,8758.7
1748211426596.0,8754.8,8758.8
1748211427556.0,8754.7,8758.7
1748211434684.0,8754.5,8758.5
1748211437421.0,8754.7,8758.7
1748211437626.0,8754.6,8758.6
1748211437656.0,8754.5,8758.5
1748211438328.0,8754.9,8758.9
1748211441044.0,8754.7,8758.7
1748211441268.0,8754.8,8758.8
1748211441741.0,8754.9,8758.9
1748211442530.0,8754.8,8758.8
1748211442929.0,8754.7,8758.7
1748211443153.0,8754.8,8758.8
1748211443526.0,8755.1,8759.1
1748211443546.0,8755.8,8759.8
1748211444206.0,8755.6,8759.6
1748211444959.0,8755.8,8759.8
1748211445622.0,8755.9,8759.9
1748211445641.0,8756.0,8760.0
1748211446824.0,8755.6,8759.6
1748211447460.0,8755.5,8759.5
1748211447480.0,8755.4,8759.4
1748211448123.0,8755.6,8759.6
1748211448347.0,8755.4,8759.4
1748211449439.0,8755.7,8759.7
1748211450713.0,8755.8,8759.8
1748211450961.0,8755.6,8759.6
1748211452577.0,8755.7,8759.7
1748211453913.0,8755.6,8759.6
1748211457458.0,8755.3,8759.3
1748211462980.0,8755.4,8759.4
1748211463904.0,8755.3,8759.3
1748211464129.0,8755.6,8759.6
1748211464356.0,8755.7,8759.7
1748211468511.0,8755.6,8759.6
1748211469639.0,8755.3,8759.3
1748211470805.0,8755.6,8759.6
1748211471776.0,8755.8,8759.8
1748211474209.0,8755.9,8759.9
1748211474227.0,8756.1,8760.1
1748211475876.0,8756.9,8760.9
1748211477124.0,8756.9,8760.9
1748211477370.0,8757.2,8761.2
1748211477746.0,8756.9,8760.9
1748211477970.0,8756.7,8760.7
1748211478194.0,8756.8,8760.8
1748211479924.0,8757.2,8761.2
1748211480488.0,8757.9,8761.9
1748211480998.0,8757.6,8761.6
1748211481223.0,8757.9,8761.9
1748211482046.0,8758.0,8762.0
1748211482270.0,8757.9,8761.9
1748211482905.0,8757.8,8761.8
1748211482929.0,8757.7,8761.7
1748211483694.0,8757.9,8761.9
1748211484260.0,8757.7,8761.7
1748211484485.0,8757.9,8761.9
1748211485062.0,8757.6,8761.6
1748211485552.0,8757.7,8761.7
1748211487259.0,8757.6,8761.6
1748211487484.0,8757.4,8761.4
1748211487504.0,8757.6,8761.6
1748211487731.0,8757.3,8761.3
1748211487956.0,8756.9,8760.9
1748211488964.0,8756.7,8760.7
1748211490716.0,8756.5,8760.5
1748211490941.0,8756.7,8760.7
1748211491166.0,8757.3,8761.3
1748211491486.0,8757.2,8761.2
1748211494049.0,8757.0,8761.0
1748211496690.0,8757.2,8761.2
1748211496916.0,8757.0,8761.0
1748211497421.0,8757.3,8761.3
1748211497863.0,8757.7,8761.7
1748211499071.0,8757.6,8761.6
1748211499884.0,8757.5,8761.5
1748211499905.0,8757.4,8761.4
1748211500301.0,8757.6,8761.6
1748211501436.0,8757.4,8761.4
1748211502751.0,8756.8,8760.8
1748211504528.0,8756.5,8760.5
1748211506795.0,8756.2,8760.2
1748211509890.0,8756.0,8760.0
1748211510118.0,8755.5,8759.5
1748211510417.0,8755.6,8759.6
1748211511284.0,8755.3,8759.3
1748211512261.0,8755.4,8759.4
1748211512280.0,8755.5,8759.5
1748211512505.0,8755.6,8759.6
1748211512791.0,8755.7,8759.7
1748211513036.0,8756.0,8760.0
1748211513261.0,8756.2,8760.2
1748211513746.0,8756.1,8760.1
1748211513973.0,8756.0,8760.0
1748211514070.0,8755.9,8759.9
1748211514197.0,8756.1,8760.1
1748211514422.0,8755.9,8759.9
1748211514627.0,8756.0,8760.0
1748211514873.0,8756.2,8760.2
1748211515343.0,8756.1,8760.1
1748211515569.0,8756.2,8760.2
1748211516526.0,8756.1,8760.1
1748211516861.0,8755.9,8759.9
1748211520595.0,8756.1,8760.1
1748211521432.0,8756.2,8760.2
1748211524853.0,8755.9,8759.9
1748211525481.0,8755.7,8759.7
1748211525706.0,8756.8,8760.8
1748211525934.0,8756.3,8760.3
1748211526259.0,8756.2,8760.2
1748211526278.0,8755.9,8759.9
1748211527176.0,8756.8,8760.8
1748211527404.0,8756.6,8760.6
1748211527800.0,8756.3,8760.3
1748211528255.0,8756.2,8760.2
1748211529409.0,8756.3,8760.3
1748211531203.0,8756.2,8760.2
1748211533769.0,8756.5,8760.5
1748211534733.0,8756.3,8760.3
1748211535190.0,8756.2,8760.2
1748211537296.0,8756.3,8760.3
1748211539115.0,8756.5,8760.5
1748211540259.0,8756.1,8760.1
1748211540483.0,8755.9,8759.9
1748211540997.0,8755.4,8759.4
1748211541354.0,8755.3,8759.3
1748211541557.0,8755.2,8759.2
1748211542148.0,8755.3,8759.3
1748211543303.0,8755.2,8759.2
1748211543547.0,8755.3,8759.3
1748211544216.0,8755.9,8759.9
1748211544443.0,8755.7,8759.7
1748211544667.0,8755.6,8759.6
1748211546689.0,8755.9,8759.9
1748211547907.0,8756.3,8760.3
1748211548130.0,8756.2,8760.2
1748211548594.0,8756.1,8760.1
1748211549966.0,8755.7,8759.7
1748211550190.0,8755.9,8759.9
1748211551142.0,8755.6,8759.6
1748211551606.0,8755.3,8759.3
1748211551809.0,8755.2,8759.2
1748211552054.0,8755.3,8759.3
1748211552716.0,8755.6,8759.6
1748211553563.0,8755.7,8759.7
1748211554288.0,8755.9,8759.9
1748211556690.0,8755.6,8759.6
1748211556917.0,8755.7,8759.7
1748211559975.0,8755.8,8759.8
1748211560229.0,8755.7,8759.7
1748211561740.0,8757.1,8761.1
1748211562915.0,8756.6,8760.6
1748211563118.0,8756.7,8760.7
1748211563139.0,8757.0,8761.0
1748211566157.0,8756.9,8760.9
1748211566177.0,8756.8,8760.8
1748211567315.0,8756.3,8760.3
1748211568157.0,8756.5,8760.5
1748211568392.0,8756.6,8760.6
1748211571135.0,8757.4,8761.4
1748211571852.0,8757.0,8761.0
1748211572678.0,8757.3,8761.3
1748211573052.0,8757.1,8761.1
1748211575011.0,8757.0,8761.0
1748211576791.0,8756.9,8760.9
1748211576817.0,8756.8,8760.8
1748211577040.0,8757.0,8761.0
1748211577268.0,8757.1,8761.1
1748211578256.0,8757.5,8761.5
1748211580592.0,8757.4,8761.4
1748211580819.0,8758.0,8762.0
1748211581585.0,8758.2,8762.2
1748211581809.0,8758.0,8762.0
1748211582137.0,8758.1,8762.1
1748211582168.0,8758.2,8762.2
1748211583861.0,8758.0,8762.0
1748211585058.0,8758.2,8762.2
1748211585475.0,8758.3,8762.3
1748211586362.0,8758.2,8762.2
1748211586590.0,8758.0,8762.0
1748211587518.0,8757.7,8761.7
1748211587745.0,8758.0,8762.0
1748211588644.0,8757.4,8761.4
1748211589154.0,8757.3,8761.3
1748211590048.0,8757.4,8761.4
1748211590065.0,8757.7,8761.7
1748211590603.0,8758.1,8762.1
1748211591083.0,8758.2,8762.2
1748211591294.0,8759.8,8763.8
1748211591518.0,8763.2,8767.2
1748211591568.0,8763.5,8767.5
1748211591790.0,8763.7,8767.7
1748211592014.0,8763.3,8767.3
1748211592240.0,8763.5,8767.5
1748211592465.0,8762.8,8766.8
1748211592687.0,8761.6,8765.6
1748211592925.0,8761.5,8765.5
1748211593148.0,8761.6,8765.6
1748211593374.0,8761.4,8765.4
1748211593598.0,8761.6,8765.6
1748211593803.0,8761.5,8765.5
1748211593831.0,8761.4,8765.4
1748211594331.0,8761.5,8765.5
1748211594707.0,8761.4,8765.4
1748211595173.0,8761.8,8765.8
1748211595625.0,8761.6,8765.6
1748211595849.0,8761.2,8765.2
1748211596075.0,8761.4,8765.4
1748211596926.0,8761.5,8765.5
1748211597145.0,8761.9,8765.9
1748211597369.0,8762.3,8766.3
1748211597619.0,8762.4,8766.4
1748211598019.0,8762.3,8766.3
1748211599236.0,8761.8,8765.8
1748211599462.0,8761.9,8765.9
1748211599687.0,8762.3,8766.3
1748211600042.0,8762.4,8766.4
1748211600270.0,8762.5,8766.5
1748211600493.0,8762.3,8766.3
1748211600719.0,8761.9,8765.9
1748211600944.0,8762.1,8766.1
1748211601259.0,8761.9,8765.9
1748211601464.0,8761.8,8765.8
1748211601709.0,8761.6,8765.6
1748211601933.0,8761.8,8765.8
1748211602157.0,8761.9,8765.9
1748211602385.0,8762.1,8766.1
1748211602658.0,8763.6,8767.6
1748211602882.0,8763.2,8767.2
1748211603316.0,8763.0,8767.0
1748211603719.0,8763.2,8767.2
1748211604615.0,8763.4,8767.4
1748211605023.0,8763.6,8767.6
1748211605248.0,8764.4,8768.4
1748211605473.0,8764.2,8768.2
1748211605698.0,8764.4,8768.4
1748211606289.0,8764.3,8768.3
1748211606308.0,8764.0,8768.0
1748211607186.0,8763.9,8767.9
1748211607412.0,8764.0,8768.0
1748211607636.0,8763.9,8767.9
1748211607861.0,8764.0,8768.0
1748211608085.0,8764.3,8768.3
1748211608749.0,8763.9,8767.9
1748211608974.0,8764.4,8768.4
1748211609601.0,8764.0,8768.0
1748211610001.0,8763.9,8767.9
1748211610709.0,8764.9,8768.9
1748211610936.0,8765.2,8769.2
1748211611160.0,8765.3,8769.3
1748211611387.0,8764.5,8768.5
1748211611904.0,8764.9,8768.9
1748211612359.0,8764.4,8768.4
1748211613119.0,8764.5,8768.5
1748211613346.0,8764.9,8768.9
1748211613615.0,8765.0,8769.0
1748211613634.0,8765.2,8769.2
1748211613860.0,8765.3,8769.3
1748211614065.0,8765.4,8769.4
1748211614312.0,8765.2,8769.2
1748211614537.0,8765.3,8769.3
1748211615212.0,8765.2,8769.2
1748211615533.0,8764.8,8768.8
1748211615761.0,8764.4,8768.4
1748211615985.0,8764.1,8768.1
1748211616233.0,8764.6,8768.6
1748211616434.0,8764.3,8768.3
1748211616636.0,8764.4,8768.4
1748211616883.0,8764.2,8768.2
1748211617167.0,8764.6,8768.6
1748211617611.0,8764.8,8768.8
1748211617628.0,8765.4,8769.4
1748211617855.0,8765.6,8769.6
1748211618079.0,8765.2,8769.2
1748211618304.0,8765.6,8769.6
1748211618545.0,8765.5,8769.5
1748211618749.0,8765.4,8769.4
1748211618994.0,8765.2,8769.2
1748211619370.0,8765.4,8769.4
1748211619574.0,8765.3,8769.3
1748211619596.0,8765.2,8769.2
1748211620144.0,8765.1,8769.1
1748211620560.0,8765.2,8769.2
1748211621140.0,8765.3,8769.3
1748211621162.0,8765.4,8769.4
1748211621786.0,8765.5,8769.5
1748211622011.0,8765.6,8769.6
1748211622234.0,8765.8,8769.8
1748211622461.0,8765.6,8769.6
1748211623570.0,8765.6,8769.6
1748211624141.0,8765.5,8769.5
1748211624368.0,8765.3,8769.3
1748211624571.0,8765.2,8769.2
1748211624816.0,8765.5,8769.5
1748211625189.0,8764.9,8768.9
1748211625414.0,8764.7,8768.7
1748211625832.0,8764.8,8768.8
1748211626055.0,8765.1,8769.1
1748211626083.0,8765.2,8769.2
1748211626308.0,8765.4,8769.4
1748211626534.0,8765.2,8769.2
1748211626759.0,8765.4,8769.4
1748211626984.0,8765.5,8769.5
1748211627456.0,8765.4,8769.4
1748211627933.0,8765.5,8769.5
1748211628160.0,8766.0,8770.0
1748211628923.0,8765.8,8769.8
1748211629146.0,8765.5,8769.5
1748211629350.0,8765.4,8769.4
1748211629577.0,8765.3,8769.3
1748211629824.0,8765.4,8769.4
1748211630418.0,8765.2,8769.2
1748211630642.0,8764.7,8768.7
1748211631416.0,8764.6,8768.6
1748211631642.0,8764.7,8768.7
1748211632075.0,8764.6,8768.6
1748211632299.0,8764.3,8768.3
1748211632674.0,8764.2,8768.2
1748211632899.0,8764.3,8768.3
1748211633104.0,8764.4,8768.4
1748211633980.0,8764.3,8768.3
1748211635026.0,8763.5,8767.5
1748211635702.0,8763.7,8767.7
1748211635929.0,8764.0,8768.0
1748211636304.0,8764.6,8768.6
1748211636507.0,8764.5,8768.5
1748211636732.0,8764.4,8768.4
1748211637518.0,8764.3,8768.3
1748211639649.0,8764.4,8768.4
1748211640071.0,8764.3,8768.3
1748211640823.0,8764.4,8768.4
1748211641067.0,8765.1,8769.1
1748211641330.0,8764.9,8768.9
1748211641557.0,8764.7,8768.7
1748211641781.0,8764.6,8768.6
1748211642007.0,8764.7,8768.7
1748211642231.0,8764.9,8768.9
1748211642694.0,8764.8,8768.8
1748211642713.0,8764.6,8768.6
1748211643420.0,8764.4,8768.4
1748211643950.0,8764.5,8768.5
1748211643974.0,8764.6,8768.6
1748211644195.0,8764.7,8768.7
1748211644676.0,8764.6,8768.6
1748211645488.0,8764.7,8768.7
1748211649202.0,8764.9,8768.9
1748211649424.0,8764.6,8768.6
1748211649651.0,8764.9,8768.9
1748211649875.0,8764.7,8768.7
1748211650081.0,8764.8,8768.8
1748211650306.0,8765.0,8769.0
1748211650326.0,8765.1,8769.1
1748211650633.0,8765.2,8769.2
1748211651011.0,8765.1,8769.1
1748211651030.0,8764.9,8768.9
1748211651500.0,8765.0,8769.0
1748211651932.0,8764.9,8768.9
1748211652876.0,8765.0,8769.0
1748211655036.0,8764.9,8768.9
1748211655258.0,8764.6,8768.6
1748211655505.0,8764.4,8768.4
1748211655730.0,8764.6,8768.6
1748211655956.0,8764.3,8768.3
1748211656180.0,8764.1,8768.1
1748211656959.0,8764.0,8768.0
1748211657186.0,8763.8,8767.8
1748211657411.0,8764.0,8768.0
1748211657636.0,8763.8,8767.8
1748211658367.0,8763.6,8767.6
1748211658594.0,8763.1,8767.1
1748211658796.0,8763.0,8767.0
1748211659026.0,8762.7,8766.7
1748211659045.0,8762.3,8766.3
1748211659270.0,8762.5,8766.5
1748211659497.0,8762.6,8766.6
1748211660344.0,8762.3,8766.3
1748211660750.0,8762.5,8766.5
1748211660975.0,8762.6,8766.6
1748211661200.0,8762.2,8766.2
1748211661424.0,8762.3,8766.3
1748211662063.0,8762.4,8766.4
1748211662503.0,8762.8,8766.8
1748211663241.0,8762.9,8766.9
1748211663685.0,8763.1,8767.1
1748211663909.0,8762.9,8766.9
1748211664434.0,8762.4,8766.4
1748211664659.0,8762.2,8766.2
1748211665241.0,8762.1,8766.1
1748211666007.0,8763.7,8767.7
1748211666231.0,8763.4,8767.4
1748211667304.0,8763.3,8767.3
1748211667532.0,8763.2,8767.2
1748211667853.0,8763.1,8767.1
1748211668078.0,8763.1,8767.1
1748211668097.0,8763.2,8767.2
1748211668324.0,8763.0,8767.0
1748211668548.0,8763.4,8767.4
1748211669293.0,8763.3,8767.3
1748211672605.0,8763.4,8767.4
1748211672830.0,8763.6,8767.6
1748211672851.0,8764.1,8768.1
1748211673440.0,8764.0,8768.0
1748211673685.0,8763.0,8767.0
1748211674387.0,8762.9,8766.9
1748211675587.0,8763.0,8767.0
1748211676743.0,8763.1,8767.1
1748211676763.0,8763.2,8767.2
1748211677665.0,8763.3,8767.3
1748211678674.0,8763.2,8767.2
1748211678898.0,8763.0,8767.0
1748211679122.0,8763.2,8767.2
1748211679347.0,8763.0,8767.0
1748211679574.0,8763.4,8767.4
1748211680128.0,8763.5,8767.5
1748211680148.0,8763.6,8767.6
1748211680373.0,8764.5,8768.5
1748211681023.0,8764.4,8768.4
1748211681270.0,8764.5,8768.5
1748211681493.0,8764.6,8768.6
1748211682099.0,8764.5,8768.5
1748211682499.0,8764.6,8768.6
1748211682720.0,8765.0,8769.0
1748211683898.0,8764.9,8768.9
1748211684126.0,8766.1,8770.1
1748211684348.0,8766.2,8770.2
1748211685181.0,8766.1,8770.1
1748211685426.0,8766.2,8770.2
1748211685744.0,8766.1,8770.1
1748211685990.0,8765.7,8769.7
1748211688360.0,8765.3,8769.3
1748211688637.0,8765.1,8769.1
1748211688864.0,8765.3,8769.3
1748211689919.0,8765.1,8769.1
1748211690146.0,8765.3,8769.3
1748211690373.0,8765.2,8769.2
1748211690595.0,8765.6,8769.6
1748211692036.0,8765.7,8769.7
1748211692262.0,8766.4,8770.4
1748211692685.0,8765.4,8769.4
1748211693033.0,8765.1,8769.1
1748211693924.0,8764.9,8768.9
1748211694169.0,8764.7,8768.7
1748211696079.0,8766.1,8770.1
1748211697058.0,8766.3,8770.3
1748211697282.0,8766.1,8770.1
1748211697861.0,8766.0,8770.0
1748211698124.0,8766.1,8770.1
1748211698350.0,8766.4,8770.4
1748211698958.0,8766.5,8770.5
1748211699203.0,8766.8,8770.8
1748211699429.0,8766.5,8770.5
1748211699654.0,8766.7,8770.7
1748211700643.0,8766.6,8770.6
1748211700866.0,8766.8,8770.8
1748211701093.0,8766.3,8770.3
1748211701806.0,8765.8,8769.8
1748211702324.0,8765.7,8769.7
1748211702744.0,8765.2,8769.2
1748211704089.0,8765.1,8769.1
1748211704316.0,8765.0,8769.0
1748211704725.0,8764.7,8768.7
1748211705451.0,8764.5,8768.5
1748211705657.0,8764.6,8768.6
1748211705678.0,8765.0,8769.0
1748211707343.0,8765.1,8769.1
1748211707549.0,8765.2,8769.2
1748211707794.0,8765.5,8769.5
1748211708480.0,8765.4,8769.4
1748211708705.0,8765.1,8769.1
1748211708908.0,8765.5,8769.5
1748211708930.0,8766.3,8770.3
1748211709432.0,8766.0,8770.0
1748211710135.0,8765.7,8769.7
1748211710361.0,8765.8,8769.8
1748211710585.0,8766.0,8770.0
1748211710810.0,8766.3,8770.3
1748211711202.0,8766.2,8770.2
1748211712958.0,8766.3,8770.3
1748211713163.0,8766.2,8770.2
1748211713409.0,8765.8,8769.8
1748211713634.0,8766.0,8770.0
1748211713858.0,8765.8,8769.8
1748211714082.0,8766.2,8770.2
1748211714497.0,8766.0,8770.0
1748211715340.0,8766.1,8770.1
1748211715580.0,8765.9,8769.9
1748211715805.0,8766.1,8770.1
1748211716029.0,8765.6,8769.6
1748211716491.0,8765.9,8769.9
1748211716716.0,8765.6,8769.6
1748211717294.0,8765.3,8769.3
1748211717540.0,8764.8,8768.8
1748211718221.0,8765.3,8769.3
1748211718447.0,8765.1,8769.1
1748211719672.0,8764.5,8768.5
1748211719896.0,8764.3,8768.3
1748211720283.0,8765.4,8769.4
1748211720982.0,8765.3,8769.3
1748211721225.0,8764.8,8768.8
1748211721464.0,8765.0,8769.0
1748211721689.0,8765.7,8769.7
1748211722345.0,8765.6,8769.6
1748211722891.0,8765.7,8769.7
1748211723134.0,8765.5,8769.5
1748211723300.0,8765.4,8769.4
1748211723511.0,8766.2,8770.2
1748211723837.0,8766.1,8770.1
1748211724060.0,8766.6,8770.6
1748211724266.0,8766.5,8770.5
1748211724490.0,8766.5,8770.5
1748211724738.0,8767.1,8771.1
1748211726343.0,8767.3,8771.3
1748211726566.0,8768.0,8772.0
1748211726793.0,8768.2,8772.2
1748211727017.0,8768.0,8772.0
1748211727349.0,8768.1,8772.1
1748211727467.0,8768.0,8772.0
1748211728351.0,8768.1,8772.1
1748211728752.0,8768.0,8772.0
1748211728975.0,8768.1,8772.1
1748211729913.0,8767.6,8771.6
1748211730328.0,8767.8,8771.8
1748211730554.0,8768.0,8772.0
1748211730778.0,8766.9,8770.9
1748211730983.0,8767.0,8771.0
1748211731636.0,8767.2,8771.2
1748211732466.0,8767.3,8771.3
1748211732671.0,8767.4,8771.4
1748211732692.0,8767.5,8771.5
1748211733180.0,8768.0,8772.0
1748211733530.0,8767.8,8771.8
1748211733754.0,8768.1,8772.1
1748211734564.0,8767.8,8771.8
1748211734582.0,8767.3,8771.3
1748211735187.0,8767.2,8771.2
1748211735411.0,8767.5,8771.5
1748211735637.0,8769.3,8773.3
1748211736344.0,8769.2,8773.2
1748211737076.0,8768.9,8772.9
1748211737300.0,8769.2,8773.2
1748211737625.0,8769.3,8773.3
1748211737847.0,8770.3,8774.3
1748211738369.0,8770.1,8774.1
1748211738701.0,8770.0,8774.0
1748211739278.0,8770.1,8774.1
1748211739524.0,8770.0,8774.0
1748211739981.0,8769.5,8773.5
1748211740206.0,8770.1,8774.1
1748211740582.0,8770.3,8774.3
1748211740809.0,8770.4,8774.4
1748211741031.0,8770.3,8774.3
1748211741674.0,8770.0,8774.0
1748211742099.0,8769.8,8773.8
1748211742121.0,8769.7,8773.7
1748211742567.0,8769.9,8773.9
1748211743567.0,8769.7,8773.7
1748211743792.0,8769.5,8773.5
1748211744017.0,8769.4,8773.4
1748211744243.0,8769.5,8773.5
1748211744467.0,8769.7,8773.7
1748211744692.0,8769.5,8773.5
1748211745246.0,8769.4,8773.4
1748211745472.0,8769.8,8773.8
1748211745698.0,8769.7,8773.7
1748211745923.0,8770.6,8774.6
1748211746147.0,8770.7,8774.7
1748211746374.0,8770.6,8774.6
1748211747024.0,8771.5,8775.5
1748211747378.0,8771.3,8775.3
1748211748046.0,8771.5,8775.5
1748211748269.0,8770.8,8774.8
1748211748734.0,8771.0,8775.0
1748211749132.0,8771.1,8775.1
1748211749358.0,8771.0,8775.0
1748211749583.0,8771.1,8775.1
1748211749807.0,8771.0,8775.0
1748211750032.0,8770.8,8774.8
1748211750257.0,8770.7,8774.7
1748211750484.0,8770.8,8774.8
1748211750712.0,8771.0,8775.0
1748211750936.0,8771.1,8775.1
1748211751159.0,8771.0,8775.0
1748211751517.0,8770.9,8774.9
1748211751537.0,8770.8,8774.8
1748211751763.0,8772.0,8776.0
1748211752139.0,8771.9,8775.9
1748211752592.0,8772.0,8776.0
1748211752987.0,8771.7,8775.7
1748211753191.0,8771.8,8775.8
1748211753416.0,8771.9,8775.9
1748211753436.0,8771.6,8775.6
1748211753661.0,8771.3,8775.3
1748211753886.0,8771.7,8775.7
1748211754110.0,8771.6,8775.6
1748211754747.0,8771.3,8775.3
1748211754972.0,8771.6,8775.6
1748211755203.0,8771.9,8775.9
1748211755427.0,8771.7,8775.7
1748211756712.0,8772.0,8776.0
1748211757064.0,8772.1,8776.1
1748211757291.0,8773.0,8777.0
1748211757516.0,8772.8,8776.8
1748211757740.0,8772.7,8776.7
1748211757967.0,8773.2,8777.2
1748211758190.0,8773.0,8777.0
1748211758481.0,8772.8,8776.8
1748211758946.0,8773.0,8777.0
1748211759172.0,8772.7,8776.7
1748211759374.0,8772.6,8776.6
1748211759913.0,8772.7,8776.7
1748211760137.0,8773.0,8777.0
1748211760390.0,8771.6,8775.6
1748211760590.0,8771.8,8775.8
1748211761011.0,8771.7,8775.7
1748211761237.0,8771.7,8775.7
1748211761257.0,8771.9,8775.9
1748211761634.0,8771.5,8775.5
1748211761860.0,8772.0,8776.0
1748211762082.0,8771.8,8775.8
1748211762461.0,8771.9,8775.9
1748211762859.0,8772.4,8776.4
1748211763868.0,8772.3,8776.3
1748211764105.0,8772.5,8776.5
1748211764329.0,8772.4,8776.4
1748211764761.0,8772.5,8776.5
1748211765161.0,8772.4,8776.4
1748211765388.0,8772.5,8776.5
1748211766039.0,8772.4,8776.4
1748211766264.0,8771.9,8775.9
1748211767057.0,8771.1,8775.1
1748211767455.0,8771.6,8775.6
1748211767967.0,8771.1,8775.1
1748211768191.0,8771.0,8775.0
1748211768415.0,8771.6,8775.6
1748211768910.0,8771.5,8775.5
1748211769667.0,8771.6,8775.6
1748211769895.0,8771.9,8775.9
1748211770469.0,8772.0,8776.0
1748211770695.0,8771.9,8775.9
1748211771512.0,8772.7,8776.7
1748211771738.0,8772.3,8776.3
1748211772604.0,8772.0,8776.0
1748211772978.0,8772.3,8776.3
1748211773634.0,8772.0,8776.0
1748211774316.0,8772.7,8776.7
1748211775139.0,8772.8,8776.8
1748211775159.0,8772.9,8776.9
1748211775382.0,8773.1,8777.1
1748211775608.0,8773.4,8777.4
1748211775833.0,8771.8,8775.8
1748211776158.0,8772.1,8776.1
1748211776777.0,8772.3,8776.3
1748211777347.0,8772.4,8776.4
1748211777591.0,8773.0,8777.0
1748211777795.0,8772.9,8776.9
1748211778199.0,8773.0,8777.0
1748211778434.0,8773.4,8777.4
1748211780538.0,8773.8,8777.8
1748211780766.0,8773.1,8777.1
1748211780987.0,8773.6,8777.6
1748211781213.0,8773.5,8777.5
1748211781438.0,8773.6,8777.6
1748211781941.0,8773.7,8777.7
1748211781963.0,8773.8,8777.8
1748211782185.0,8773.5,8777.5
1748211783245.0,8773.1,8777.1
1748211783468.0,8773.3,8777.3
1748211783870.0,8773.1,8777.1
1748211784095.0,8773.3,8777.3
1748211784535.0,8773.4,8777.4
1748211784759.0,8773.4,8777.4
1748211784790.0,8773.3,8777.3
1748211785016.0,8775.9,8779.9
1748211785242.0,8776.0,8780.0
1748211785425.0,8775.9,8779.9
1748211785649.0,8775.6,8779.6
1748211785871.0,8775.3,8779.3
1748211786097.0,8775.1,8779.1
1748211786325.0,8775.5,8779.5
1748211786648.0,8775.3,8779.3
1748211786871.0,8775.1,8779.1
1748211787096.0,8775.0,8779.0
1748211787321.0,8774.8,8778.8
1748211787547.0,8774.6,8778.6
1748211787771.0,8774.4,8778.4
1748211787996.0,8774.3,8778.3
1748211788340.0,8774.4,8778.4
1748211788741.0,8774.1,8778.1
1748211789216.0,8774.6,8778.6
1748211789424.0,8774.5,8778.5
1748211789866.0,8774.6,8778.6
1748211789885.0,8774.8,8778.8
1748211790547.0,8774.7,8778.7
1748211790775.0,8774.8,8778.8
1748211790999.0,8775.0,8779.0
1748211791224.0,8775.3,8779.3
1748211791448.0,8775.5,8779.5
1748211791750.0,8775.9,8779.9
1748211792149.0,8776.0,8780.0
1748211792388.0,8775.5,8779.5
1748211792611.0,8775.7,8779.7
1748211792837.0,8775.9,8779.9
1748211793446.0,8776.0,8780.0
1748211793673.0,8777.2,8781.2
1748211793879.0,8777.1,8781.1
1748211794296.0,8777.2,8781.2
1748211794520.0,8776.6,8780.6
1748211794747.0,8776.8,8780.8
1748211794970.0,8776.5,8780.5
1748211795200.0,8776.8,8780.8
1748211795425.0,8776.5,8780.5
1748211795650.0,8776.3,8780.3
1748211795880.0,8776.8,8780.8
1748211796105.0,8776.6,8780.6
1748211796331.0,8776.1,8780.1
1748211796555.0,8776.0,8780.0
1748211796781.0,8776.1,8780.1
1748211797082.0,8776.2,8780.2
1748211797102.0,8776.5,8780.5
1748211797327.0,8776.6,8780.6
1748211797554.0,8774.5,8778.5
1748211797781.0,8774.8,8778.8
1748211798004.0,8774.9,8778.9
1748211798228.0,8775.1,8779.1
1748211798454.0,8774.9,8778.9
1748211798657.0,8775.0,8779.0
1748211798881.0,8775.1,8779.1
1748211798905.0,8774.8,8778.8
1748211799381.0,8774.9,8778.9
1748211799607.0,8774.5,8778.5
1748211799812.0,8774.3,8778.3
1748211799833.0,8774.0,8778.0
1748211800058.0,8773.4,8777.4
1748211800478.0,8773.3,8777.3
1748211800703.0,8772.1,8776.1
1748211800929.0,8772.4,8776.4
1748211801133.0,8772.3,8776.3
1748211801379.0,8772.4,8776.4
1748211801681.0,8772.6,8776.6
1748211802083.0,8772.8,8776.8
1748211802309.0,8773.0,8777.0
1748211802533.0,8773.3,8777.3
1748211802737.0,8773.4,8777.4
1748211802758.0,8773.6,8777.6
1748211803083.0,8773.7,8777.7
1748211803680.0,8773.6,8777.6
1748211803904.0,8773.4,8777.4
1748211804127.0,8774.0,8778.0
1748211804478.0,8773.8,8777.8
1748211805001.0,8774.0,8778.0
1748211805225.0,8774.2,8778.2
1748211805429.0,8774.3,8778.3
1748211806469.0,8774.5,8778.5
1748211806868.0,8774.2,8778.2
1748211807249.0,8774.3,8778.3
1748211807495.0,8774.6,8778.6
1748211807720.0,8774.8,8778.8
1748211807946.0,8774.9,8778.9
1748211808168.0,8774.6,8778.6
1748211809063.0,8774.5,8778.5
1748211809290.0,8774.9,8778.9
1748211809515.0,8775.7,8779.7
1748211809740.0,8775.0,8779.0
1748211809942.0,8775.1,8779.1
1748211810168.0,8775.2,8779.2
1748211810187.0,8775.0,8779.0
1748211810440.0,8774.5,8778.5
1748211810660.0,8774.3,8778.3
1748211811514.0,8774.2,8778.2
1748211812321.0,8774.1,8778.1
1748211812340.0,8774.0,8778.0
1748211812740.0,8773.9,8777.9
1748211813350.0,8773.8,8777.8
1748211814502.0,8774.0,8778.0
1748211815520.0,8773.8,8777.8
1748211815748.0,8774.0,8778.0
1748211815970.0,8773.9,8777.9
1748211816846.0,8774.0,8778.0
1748211817076.0,8774.3,8778.3
1748211817636.0,8774.7,8778.7
1748211817859.0,8776.1,8780.1
1748211818085.0,8776.4,8780.4
1748211818290.0,8776.3,8780.3
1748211818635.0,8776.1,8780.1
1748211819766.0,8776.3,8780.3
1748211819971.0,8776.1,8780.1
1748211819992.0,8775.7,8779.7
1748211820216.0,8776.3,8780.3
1748211820441.0,8775.9,8779.9
1748211820668.0,8776.3,8780.3
1748211820892.0,8776.1,8780.1
1748211821116.0,8776.0,8780.0
1748211821341.0,8776.3,8780.3
1748211821568.0,8776.0,8780.0
1748211822148.0,8775.9,8779.9
1748211822785.0,8776.0,8780.0
1748211823511.0,8776.2,8780.2
1748211824876.0,8776.0,8780.0
1748211825264.0,8776.2,8780.2
1748211825491.0,8776.3,8780.3
1748211826346.0,8776.4,8780.4
1748211826591.0,8776.3,8780.3
1748211827623.0,8779.0,8783.0
1748211827824.0,8778.9,8782.9
1748211827847.0,8778.8,8782.8
1748211828408.0,8778.1,8782.1
1748211828632.0,8778.4,8782.4
1748211829291.0,8778.3,8782.3
1748211829515.0,8778.1,8782.1
1748211829816.0,8778.0,8782.0
1748211830021.0,8777.9,8781.9
1748211830270.0,8777.7,8781.7
1748211830492.0,8777.9,8781.9
1748211831864.0,8777.5,8781.5
1748211832089.0,8777.7,8781.7
1748211832312.0,8777.5,8781.5
1748211832663.0,8777.9,8781.9
1748211833723.0,8778.3,8782.3
1748211833947.0,8777.9,8781.9
1748211834170.0,8778.0,8782.0
1748211834719.0,8777.9,8781.9
1748211834941.0,8777.7,8781.7
1748211834961.0,8777.4,8781.4
1748211835187.0,8777.5,8781.5
1748211835828.0,8778.0,8782.0
1748211836033.0,8778.1,8782.1
1748211836804.0,8777.9,8781.9
1748211837105.0,8777.7,8781.7
1748211837329.0,8777.5,8781.5
1748211838330.0,8777.4,8781.4
1748211838952.0,8776.7,8780.7
1748211840583.0,8776.4,8780.4
1748211841752.0,8775.8,8779.8
1748211841956.0,8775.9,8779.9
1748211841978.0,8776.0,8780.0
1748211843331.0,8776.4,8780.4
1748211844150.0,8776.6,8780.6
1748211844168.0,8777.0,8781.0
1748211844393.0,8776.0,8780.0
1748211844491.0,8775.9,8779.9
1748211845045.0,8776.2,8780.2
1748211845415.0,8776.1,8780.1
1748211845916.0,8776.2,8780.2
1748211846315.0,8775.9,8779.9
1748211846541.0,8776.1,8780.1
1748211846765.0,8775.9,8779.9
1748211846991.0,8775.8,8779.8
1748211847216.0,8775.9,8779.9
1748211847517.0,8775.8,8779.8
1748211848330.0,8777.6,8781.6
1748211848492.0,8777.5,8781.5
1748211848803.0,8775.9,8779.9
1748211849027.0,8776.1,8780.1
1748211850205.0,8775.9,8779.9
1748211850432.0,8775.8,8779.8
1748211850656.0,8775.7,8779.7
1748211850880.0,8776.1,8780.1
1748211851105.0,8775.7,8779.7
1748211851442.0,8775.6,8779.6
1748211851775.0,8775.7,8779.7
1748211852173.0,8775.9,8779.9
1748211853614.0,8775.8,8779.8
1748211853633.0,8775.7,8779.7
1748211854536.0,8775.6,8779.6
1748211855135.0,8775.3,8779.3
1748211855833.0,8774.8,8778.8
1748211856845.0,8774.7,8778.7
1748211857448.0,8774.6,8778.6
1748211858006.0,8775.4,8779.4
1748211858212.0,8775.3,8779.3
1748211859860.0,8774.9,8778.9
1748211860510.0,8774.5,8778.5
1748211860736.0,8773.4,8777.4
1748211860961.0,8772.5,8776.5
1748211861185.0,8772.9,8776.9
1748211861412.0,8773.3,8777.3
1748211861662.0,8773.2,8777.2
1748211861908.0,8773.3,8777.3
1748211862113.0,8773.2,8777.2
1748211862555.0,8773.6,8777.6
1748211862778.0,8773.1,8777.1
1748211863005.0,8773.3,8777.3
1748211863228.0,8773.1,8777.1
1748211863456.0,8773.4,8777.4
1748211863680.0,8773.5,8777.5
1748211864362.0,8774.2,8778.2
1748211864587.0,8773.9,8777.9
1748211864791.0,8773.8,8777.8
1748211864812.0,8773.7,8777.7
1748211865038.0,8774.2,8778.2
1748211865272.0,8774.3,8778.3
1748211865465.0,8774.4,8778.4
1748211866112.0,8773.7,8777.7
1748211866338.0,8773.8,8777.8
1748211866716.0,8773.9,8777.9
1748211866961.0,8773.7,8777.7
1748211867187.0,8774.2,8778.2
1748211867410.0,8773.8,8777.8
1748211867616.0,8773.9,8777.9
1748211867937.0,8774.2,8778.2
1748211868522.0,8774.2,8778.2
1748211868635.0,8774.3,8778.3
1748211869033.0,8774.5,8778.5
1748211869259.0,8773.8,8777.8
1748211869483.0,8774.1,8778.1
1748211869711.0,8773.8,8777.8
1748211870140.0,8773.8,8777.8
1748211870159.0,8774.1,8778.1
1748211870384.0,8773.6,8777.6
1748211870755.0,8773.7,8777.7
1748211871616.0,8776.7,8780.7
1748211872313.0,8776.4,8780.4
1748211873100.0,8776.7,8780.7
1748211873440.0,8776.9,8780.9
1748211873666.0,8776.7,8780.7
1748211876906.0,8776.4,8780.4
1748211878062.0,8776.3,8780.3
1748211878288.0,8776.7,8780.7
1748211878954.0,8776.4,8780.4
1748211879384.0,8776.3,8780.3
1748211880717.0,8776.7,8780.7
1748211881660.0,8777.0,8781.0
1748211882040.0,8776.8,8780.8
1748211882266.0,8776.6,8780.6
1748211882492.0,8776.7,8780.7
1748211883581.0,8776.4,8780.4
1748211883781.0,8776.5,8780.5
1748211884262.0,8776.6,8780.6
1748211884283.0,8776.8,8780.8
1748211884732.0,8777.2,8781.2
1748211884955.0,8777.0,8781.0
1748211886450.0,8776.8,8780.8
1748211887353.0,8776.7,8780.7
1748211888221.0,8776.8,8780.8
1748211892155.0,8777.5,8781.5
1748211892174.0,8778.9,8782.9
1748211893953.0,8779.4,8783.4
1748211894656.0,8779.3,8783.3
1748211894881.0,8779.4,8783.4
1748211895207.0,8779.6,8783.6
1748211895431.0,8779.7,8783.7
1748211895881.0,8780.5,8784.5
1748211896416.0,8784.5,8788.5
1748211896641.0,8784.4,8788.4
1748211896866.0,8785.0,8789.0
1748211897091.0,8784.6,8788.6
1748211897317.0,8786.3,8790.3
1748211897511.0,8786.0,8790.0
1748211897737.0,8784.9,8788.9
1748211897768.0,8785.8,8789.8
1748211897992.0,8785.3,8789.3
1748211898273.0,8785.5,8789.5
1748211898674.0,8785.3,8789.3
1748211898899.0,8785.2,8789.2
1748211899103.0,8785.0,8789.0
1748211899328.0,8784.9,8788.9
1748211899349.0,8785.2,8789.2
1748211899675.0,8784.9,8788.9
1748211899910.0,8785.0,8789.0
1748211900104.0,8785.1,8789.1
1748211900135.0,8785.2,8789.2
1748211900483.0,8785.5,8789.5
1748211900708.0,8785.3,8789.3
1748211900903.0,8785.6,8789.6
1748211901157.0,8785.7,8789.7
1748211901382.0,8785.2,8789.2
1748211901607.0,8784.6,8788.6
1748211901832.0,8784.5,8788.5
1748211902273.0,8784.2,8788.2
1748211902497.0,8784.5,8788.5
1748211902990.0,8785.2,8789.2
1748211903213.0,8785.0,8789.0
1748211903651.0,8785.2,8789.2
1748211903875.0,8785.9,8789.9
1748211904270.0,8786.1,8790.1
1748211904496.0,8786.6,8790.6
1748211904720.0,8785.8,8789.8
1748211904946.0,8786.3,8790.3
1748211905314.0,8786.2,8790.2
1748211905541.0,8786.1,8790.1
1748211905765.0,8786.2,8790.2
1748211905991.0,8784.9,8788.9
1748211906214.0,8785.0,8789.0
1748211906438.0,8785.2,8789.2
1748211906665.0,8783.7,8787.7
1748211906889.0,8783.6,8787.6
1748211907114.0,8783.7,8787.7
1748211907340.0,8783.5,8787.5
1748211907563.0,8783.4,8787.4
1748211907694.0,8783.6,8787.6
1748211907921.0,8783.9,8787.9
1748211908121.0,8784.0,8788.0
1748211908346.0,8784.2,8788.2
1748211908370.0,8784.5,8788.5
1748211908596.0,8784.1,8788.1
1748211908821.0,8784.2,8788.2
1748211909046.0,8784.1,8788.1
1748211909247.0,8784.0,8788.0
1748211909611.0,8783.7,8787.7
1748211909834.0,8784.0,8788.0
1748211910063.0,8784.5,8788.5
1748211910286.0,8784.2,8788.2
1748211910806.0,8784.9,8788.9
1748211911030.0,8784.5,8788.5
1748211911258.0,8785.0,8789.0
1748211911698.0,8785.1,8789.1
1748211911946.0,8784.9,8788.9
1748211912168.0,8784.7,8788.7
1748211912611.0,8784.8,8788.8
1748211912858.0,8785.8,8789.8
1748211913082.0,8785.5,8789.5
1748211913308.0,8785.6,8789.6
1748211913631.0,8785.5,8789.5
1748211913855.0,8785.9,8789.9
1748211914081.0,8785.8,8789.8
1748211914308.0,8785.6,8789.6
1748211914533.0,8785.9,8789.9
1748211914957.0,8786.3,8790.3
1748211915182.0,8786.7,8790.7
1748211915409.0,8787.4,8791.4
1748211915633.0,8786.2,8790.2
1748211915859.0,8786.7,8790.7
1748211916083.0,8786.5,8790.5
1748211916340.0,8786.3,8790.3
1748211916565.0,8785.8,8789.8
1748211916593.0,8785.6,8789.6
1748211916959.0,8784.4,8788.4
1748211917323.0,8784.6,8788.6
1748211917576.0,8784.9,8788.9
1748211917773.0,8785.1,8789.1
1748211917999.0,8784.9,8788.9
1748211918204.0,8784.8,8788.8
1748211918225.0,8784.7,8788.7
1748211918450.0,8784.8,8788.8
1748211918996.0,8784.7,8788.7
1748211919220.0,8784.6,8788.6
1748211919240.0,8784.8,8788.8
1748211919467.0,8784.4,8788.4
1748211919692.0,8784.5,8788.5
1748211920017.0,8784.8,8788.8
1748211920466.0,8784.9,8788.9
1748211922681.0,8784.8,8788.8
1748211923613.0,8783.1,8787.1
1748211923836.0,8783.9,8787.9
1748211924264.0,8783.8,8787.8
1748211924287.0,8783.5,8787.5
1748211924608.0,8784.2,8788.2
1748211924832.0,8783.6,8787.6
1748211925486.0,8783.5,8787.5
1748211925976.0,8783.3,8787.3
1748211926201.0,8783.5,8787.5
1748211926765.0,8783.6,8787.6
1748211926969.0,8783.8,8787.8
1748211926990.0,8784.0,8788.0
1748211927440.0,8784.0,8788.0
1748211927665.0,8783.9,8787.9
1748211928457.0,8784.0,8788.0
1748211929156.0,8783.9,8787.9
1748211929352.0,8784.1,8788.1
1748211929384.0,8784.7,8788.7
1748211929747.0,8784.4,8788.4
1748211929973.0,8784.0,8788.0
1748211930199.0,8783.7,8787.7
1748211930553.0,8783.5,8787.5
1748211930676.0,8784.0,8788.0
1748211930901.0,8783.6,8787.6
1748211931132.0,8783.8,8787.8
1748211931356.0,8783.6,8787.6
1748211931590.0,8783.5,8787.5
1748211931817.0,8784.8,8788.8
1748211932220.0,8785.1,8789.1
1748211932619.0,8784.8,8788.8
1748211932906.0,8784.7,8788.7
1748211933108.0,8784.6,8788.6
1748211933622.0,8787.6,8791.6
1748211933848.0,8788.1,8792.1
1748211934260.0,8790.2,8794.2
1748211934599.0,8789.8,8793.8
1748211934709.0,8790.1,8794.1
1748211935140.0,8789.9,8793.9
1748211935396.0,8789.4,8793.4
1748211935622.0,8788.2,8792.2
1748211935847.0,8787.9,8791.9
1748211936072.0,8788.0,8792.0
1748211936300.0,8786.2,8790.2
1748211936662.0,8785.6,8789.6
1748211937061.0,8785.3,8789.3
1748211937462.0,8784.7,8788.7
1748211937687.0,8785.0,8789.0
1748211938174.0,8784.6,8788.6
1748211938849.0,8784.4,8788.4
1748211938874.0,8784.0,8788.0
1748211939611.0,8784.2,8788.2
1748211940438.0,8784.1,8788.1
1748211940662.0,8784.4,8788.4
1748211941013.0,8784.3,8788.3
1748211941034.0,8784.1,8788.1
1748211941260.0,8784.2,8788.2
1748211941937.0,8784.6,8788.6
1748211942170.0,8784.9,8788.9
1748211942545.0,8784.6,8788.6
1748211942939.0,8784.4,8788.4
1748211943145.0,8784.2,8788.2
1748211943164.0,8783.8,8787.8
1748211943542.0,8784.1,8788.1
1748211944165.0,8784.1,8788.1
1748211944392.0,8783.6,8787.6
1748211944617.0,8783.8,8787.8
1748211944842.0,8783.6,8787.6
1748211945066.0,8784.1,8788.1
1748211945272.0,8784.0,8788.0
1748211945973.0,8783.8,8787.8
1748211946196.0,8784.0,8788.0
1748211946623.0,8784.1,8788.1
1748211946846.0,8783.8,8787.8
1748211947222.0,8784.4,8788.4
1748211948575.0,8784.2,8788.2
1748211948797.0,8784.0,8788.0
1748211949023.0,8783.9,8787.9
1748211949347.0,8784.0,8788.0
1748211949592.0,8783.8,8787.8
1748211949963.0,8783.5,8787.5
1748211950362.0,8783.8,8787.8
1748211950763.0,8783.5,8787.5
1748211950986.0,8783.8,8787.8
1748211951933.0,8783.9,8787.9
1748211952386.0,8784.2,8788.2
1748211953365.0,8784.0,8788.0
1748211953583.0,8783.5,8787.5
1748211955043.0,8783.4,8787.4
1748211955287.0,8784.0,8788.0
1748211955513.0,8783.8,8787.8
1748211955774.0,8783.5,8787.5
1748211956624.0,8783.1,8787.1
1748211957703.0,8782.8,8786.8
1748211957725.0,8782.7,8786.7
1748211958148.0,8782.5,8786.5
1748211958373.0,8782.7,8786.7
1748211958744.0,8782.5,8786.5
1748211959036.0,8782.7,8786.7
1748211960122.0,8782.6,8786.6
1748211960150.0,8782.5,8786.5
1748211961122.0,8783.1,8787.1
1748211961953.0,8782.8,8786.8
1748211962159.0,8782.9,8786.9
1748211962402.0,8782.7,8786.7
1748211963292.0,8782.8,8786.8
1748211963516.0,8782.2,8786.2
1748211964178.0,8782.3,8786.3
1748211964587.0,8782.4,8786.4
1748211964650.0,8782.6,8786.6
1748211964856.0,8782.4,8786.4
1748211965100.0,8781.8,8785.8
1748211965473.0,8781.9,8785.9
1748211965892.0,8781.8,8785.8
1748211966099.0,8781.9,8785.9
1748211966343.0,8782.1,8786.1
1748211966569.0,8781.7,8785.7
1748211966794.0,8781.8,8785.8
1748211967245.0,8781.8,8785.8
1748211967469.0,8781.7,8785.7
1748211967640.0,8781.6,8785.6
1748211968437.0,8781.7,8785.7
1748211968663.0,8782.0,8786.0
1748211969031.0,8781.7,8785.7
1748211969374.0,8781.6,8785.6
1748211969620.0,8781.4,8785.4
1748211970157.0,8781.3,8785.3
1748211971514.0,8781.2,8785.2
1748211971535.0,8780.9,8784.9
1748211972080.0,8780.8,8784.8
1748211972495.0,8780.6,8784.6
1748211973121.0,8780.5,8784.5
1748211973346.0,8780.6,8784.6
1748211973674.0,8780.8,8784.8
1748211973902.0,8780.2,8784.2
1748211974316.0,8779.3,8783.3
1748211974543.0,8779.1,8783.1
1748211974767.0,8778.6,8782.6
1748211975002.0,8778.4,8782.4
1748211975225.0,8778.5,8782.5
1748211975450.0,8778.4,8782.4
1748211975675.0,8778.6,8782.6
1748211975902.0,8779.3,8783.3
1748211976123.0,8778.9,8782.9
1748211976862.0,8779.0,8783.0
1748211977280.0,8778.9,8782.9
1748211977710.0,8778.5,8782.5
1748211977914.0,8778.4,8782.4
1748211978806.0,8778.5,8782.5
1748211979031.0,8777.8,8781.8
1748211979282.0,8777.7,8781.7
1748211979484.0,8777.8,8781.8
1748211979653.0,8777.6,8781.6
1748211979730.0,8778.0,8782.0
1748211980146.0,8777.9,8781.9
1748211980165.0,8777.8,8781.8
1748211980613.0,8777.3,8781.3
1748211980838.0,8777.4,8781.4
1748211981060.0,8777.2,8781.2
1748211981287.0,8777.3,8781.3
1748211981481.0,8777.2,8781.2
1748211981658.0,8777.1,8781.1
1748211981936.0,8777.3,8781.3
1748211982161.0,8777.1,8781.1
1748211982387.0,8777.3,8781.3
1748211982611.0,8777.1,8781.1
1748211982818.0,8777.2,8781.2
1748211982836.0,8777.3,8781.3
1748211983392.0,8777.1,8781.1
1748211983616.0,8777.0,8781.0
1748211983822.0,8777.1,8781.1
1748211984504.0,8777.8,8781.8
1748211985402.0,8777.9,8781.9
1748211986582.0,8778.0,8782.0
1748211986602.0,8778.1,8782.1
1748211987982.0,8778.2,8782.2
1748211988002.0,8778.5,8782.5
1748211988254.0,8778.6,8782.6
1748211988455.0,8778.5,8782.5
1748211988714.0,8779.0,8783.0
1748211989237.0,8778.7,8782.7
1748211989637.0,8779.1,8783.1
1748211989864.0,8779.2,8783.2
1748211990372.0,8779.3,8783.3
1748211990863.0,8779.1,8783.1
1748211991090.0,8779.2,8783.2
1748211991588.0,8778.7,8782.7
1748211992342.0,8779.2,8783.2
1748211992567.0,8779.1,8783.1
1748211993445.0,8779.2,8783.2
1748211994168.0,8778.9,8782.9
1748211994661.0,8778.3,8782.3
1748211995136.0,8778.1,8782.1
1748211995501.0,8778.3,8782.3
1748211996697.0,8778.4,8782.4
1748211997163.0,8778.6,8782.6
1748211997563.0,8777.9,8781.9
1748211998352.0,8777.8,8781.8
1748211998372.0,8777.7,8781.7
1748211998823.0,8777.9,8781.9
1748211999446.0,8777.7,8781.7
1748212000075.0,8777.5,8781.5
1748212000299.0,8777.7,8781.7
1748212001136.0,8778.0,8782.0
1748212001360.0,8777.7,8781.7
1748212001638.0,8778.1,8782.1
1748212001812.0,8778.2,8782.2
1748212002035.0,8778.1,8782.1
1748212002989.0,8777.8,8781.8
1748212003193.0,8777.9,8781.9
1748212003778.0,8778.0,8782.0
1748212003798.0,8778.1,8782.1
1748212004023.0,8778.4,8782.4
1748212004473.0,8778.5,8782.5
1748212004915.0,8778.4,8782.4
1748212005161.0,8777.9,8781.9
1748212005587.0,8777.8,8781.8
1748212006206.0,8777.9,8781.9
1748212007017.0,8778.2,8782.2
1748212007243.0,8778.5,8782.5
1748212007952.0,8778.6,8782.6
1748212009033.0,8778.5,8782.5
1748212011226.0,8778.4,8782.4
1748212012648.0,8778.0,8782.0
1748212013254.0,8777.5,8781.5
1748212013891.0,8777.7,8781.7
1748212014682.0,8778.3,8782.3
1748212014887.0,8778.2,8782.2
1748212015276.0,8778.1,8782.1
1748212015501.0,8777.9,8781.9
1748212016012.0,8777.8,8781.8
1748212016034.0,8777.7,8781.7
1748212016638.0,8777.6,8781.6
1748212016658.0,8777.4,8781.4
1748212016988.0,8777.3,8781.3
1748212017386.0,8777.7,8781.7
1748212017591.0,8777.6,8781.6
1748212017610.0,8777.3,8781.3
1748212018904.0,8777.4,8781.4
1748212019245.0,8777.7,8781.7
1748212020406.0,8777.3,8781.3
1748212021211.0,8776.7,8780.7
1748212021594.0,8776.5,8780.5
1748212021612.0,8776.0,8780.0
1748212021837.0,8776.2,8780.2
1748212022062.0,8776.4,8780.4
1748212022287.0,8776.2,8780.2
1748212022512.0,8776.4,8780.4
1748212022890.0,8776.5,8780.5
1748212023115.0,8776.7,8780.7
1748212023341.0,8777.0,8781.0
1748212023566.0,8776.9,8780.9
1748212024698.0,8776.4,8780.4
1748212024924.0,8776.2,8780.2
1748212025151.0,8776.1,8780.1
1748212025430.0,8776.2,8780.2
1748212025677.0,8776.4,8780.4
1748212025901.0,8776.5,8780.5
1748212026125.0,8776.2,8780.2
1748212026351.0,8776.4,8780.4
1748212026578.0,8776.5,8780.5
1748212027404.0,8776.7,8780.7
1748212027660.0,8776.8,8780.8
1748212028052.0,8776.2,8780.2
1748212028876.0,8776.4,8780.4
1748212029105.0,8776.5,8780.5
1748212029330.0,8776.4,8780.4
1748212030791.0,8776.5,8780.5
1748212031479.0,8776.4,8780.4
1748212032802.0,8776.5,8780.5
1748212033029.0,8776.4,8780.4
1748212033949.0,8776.2,8780.2
1748212035124.0,8776.8,8780.8
1748212036702.0,8777.0,8781.0
1748212038450.0,8776.8,8780.8
1748212039529.0,8776.9,8780.9
1748212039754.0,8777.0,8781.0
1748212040919.0,8776.8,8780.8
1748212042247.0,8776.5,8780.5
1748212042864.0,8776.4,8780.4
1748212043722.0,8775.8,8779.8
1748212044131.0,8776.0,8780.0
1748212046975.0,8776.1,8780.1
1748212049247.0,8776.3,8780.3
1748212049607.0,8776.5,8780.5
1748212050509.0,8776.2,8780.2
1748212051555.0,8776.1,8780.1
1748212052213.0,8776.2,8780.2
1748212052438.0,8776.1,8780.1
1748212052863.0,8776.2,8780.2
1748212057839.0,8776.1,8780.1
1748212058239.0,8776.2,8780.2
1748212058706.0,8776.3,8780.3
1748212058965.0,8776.2,8780.2
1748212059427.0,8776.1,8780.1
1748212059655.0,8776.2,8780.2
1748212060363.0,8776.3,8780.3
1748212061188.0,8776.2,8780.2
1748212064718.0,8776.1,8780.1
1748212066917.0,8776.2,8780.2
1748212067509.0,8776.5,8780.5
1748212067755.0,8776.3,8780.3
1748212068181.0,8776.2,8780.2
1748212068405.0,8775.9,8779.9
1748212071064.0,8776.1,8780.1
1748212072451.0,8776.0,8780.0
1748212072470.0,8775.9,8779.9
1748212073554.0,8776.0,8780.0
1748212073574.0,8776.1,8780.1
1748212073872.0,8775.9,8779.9
1748212075448.0,8776.1,8780.1
1748212075467.0,8776.3,8780.3
1748212078448.0,8776.2,8780.2
1748212078675.0,8776.3,8780.3
1748212079775.0,8776.6,8780.6
1748212080001.0,8778.4,8782.4
1748212080226.0,8777.9,8781.9
1748212080452.0,8778.0,8782.0
1748212080676.0,8778.2,8782.2
1748212080901.0,8778.3,8782.3
1748212081254.0,8778.4,8782.4
1748212081851.0,8778.0,8782.0
1748212082288.0,8778.2,8782.2
1748212082515.0,8778.3,8782.3
1748212082738.0,8778.4,8782.4
1748212083456.0,8778.3,8782.3
1748212083682.0,8777.9,8781.9
1748212084287.0,8778.0,8782.0
1748212084512.0,8777.9,8781.9
1748212084813.0,8777.7,8781.7
1748212085018.0,8777.8,8781.8
1748212085039.0,8777.9,8781.9
1748212085263.0,8777.7,8781.7
1748212088054.0,8777.5,8781.5
1748212088920.0,8777.8,8781.8
1748212090046.0,8777.7,8781.7
1748212090269.0,8777.7,8781.7
1748212090292.0,8777.8,8781.8
1748212090517.0,8777.5,8781.5
1748212090743.0,8777.6,8781.6
1748212091074.0,8777.5,8781.5
1748212091703.0,8777.0,8781.0
1748212092439.0,8777.1,8781.1
1748212092667.0,8777.0,8781.0
1748212093888.0,8777.2,8781.2
1748212094114.0,8777.1,8781.1
1748212094339.0,8776.8,8780.8
1748212094917.0,8776.3,8780.3
1748212095252.0,8776.6,8780.6
1748212095480.0,8776.7,8780.7
1748212097262.0,8777.0,8781.0
1748212098255.0,8777.1,8781.1
1748212100996.0,8776.7,8780.7
1748212103833.0,8776.8,8780.8
1748212104540.0,8776.7,8780.7
1748212104744.0,8776.6,8780.6
1748212106108.0,8776.3,8780.3
1748212107133.0,8776.0,8780.0
1748212107781.0,8775.9,8779.9
1748212108158.0,8776.0,8780.0
1748212108658.0,8776.7,8780.7
1748212108864.0,8776.6,8780.6
1748212109110.0,8776.3,8780.3
1748212109812.0,8776.7,8780.7
1748212110090.0,8776.6,8780.6
1748212110759.0,8776.7,8780.7
1748212110963.0,8776.6,8780.6
1748212111209.0,8776.7,8780.7
1748212111434.0,8776.8,8780.8
1748212114434.0,8777.0,8781.0
1748212114763.0,8776.9,8780.9
1748212119332.0,8776.8,8780.8
1748212120163.0,8776.3,8780.3
1748212121961.0,8776.6,8780.6
1748212122991.0,8776.3,8780.3
1748212123848.0,8776.1,8780.1
1748212124072.0,8776.0,8780.0
1748212125380.0,8776.3,8780.3
1748212126177.0,8776.8,8780.8
1748212126401.0,8776.6,8780.6
1748212126627.0,8776.9,8780.9
1748212127059.0,8776.8,8780.8
1748212127289.0,8776.9,8780.9
1748212129084.0,8776.8,8780.8
1748212130217.0,8776.6,8780.6
1748212132296.0,8776.7,8780.7
1748212132315.0,8776.8,8780.8
1748212132540.0,8776.6,8780.6
1748212133302.0,8777.2,8781.2
1748212134120.0,8776.9,8780.9
1748212135312.0,8776.8,8780.8
1748212135704.0,8776.9,8780.9
1748212137236.0,8777.5,8781.5
1748212138938.0,8777.4,8781.4
1748212139492.0,8777.5,8781.5
1748212139737.0,8777.7,8781.7
1748212141623.0,8777.0,8781.0
1748212142134.0,8777.2,8781.2
1748212142515.0,8777.3,8781.3
1748212142535.0,8777.5,8781.5
1748212147060.0,8777.4,8781.4
1748212148236.0,8776.9,8780.9
1748212149039.0,8776.7,8780.7
1748212150944.0,8776.8,8780.8
1748212151202.0,8776.7,8780.7
1748212152102.0,8776.8,8780.8
1748212154354.0,8776.7,8780.7
1748212158624.0,8777.1,8781.1
1748212159101.0,8777.0,8781.0
1748212159348.0,8776.7,8780.7
1748212161314.0,8776.4,8780.4
1748212161799.0,8776.5,8780.5
1748212162703.0,8776.4,8780.4
1748212163231.0,8776.5,8780.5
1748212163634.0,8777.0,8781.0
1748212163859.0,8776.8,8780.8
1748212164645.0,8776.7,8780.7
1748212170511.0,8776.8,8780.8
1748212172161.0,8776.7,8780.7
1748212172963.0,8776.8,8780.8
1748212173278.0,8776.7,8780.7
1748212173503.0,8777.5,8781.5
1748212173918.0,8777.3,8781.3
1748212174786.0,8777.0,8781.0
1748212176858.0,8777.3,8781.3
1748212177325.0,8777.1,8781.1
1748212183487.0,8777.3,8781.3
1748212183711.0,8777.5,8781.5
1748212184791.0,8777.6,8781.6
1748212185015.0,8778.1,8782.1
1748212185649.0,8778.2,8782.2
1748212185670.0,8778.5,8782.5
1748212186771.0,8778.9,8782.9
1748212186995.0,8779.2,8783.2
1748212187253.0,8779.1,8783.1
1748212187480.0,8778.9,8782.9
1748212187860.0,8778.8,8782.8
1748212188722.0,8778.9,8782.9
1748212189103.0,8779.0,8783.0
1748212189125.0,8779.1,8783.1
1748212189349.0,8779.6,8783.6
1748212189574.0,8779.7,8783.7
1748212191254.0,8779.4,8783.4
1748212191682.0,8779.2,8783.2
1748212191906.0,8779.1,8783.1
1748212192282.0,8779.2,8783.2
1748212193150.0,8779.4,8783.4
1748212193376.0,8779.8,8783.8
1748212193576.0,8779.9,8783.9
1748212193802.0,8779.9,8783.9
1748212193825.0,8779.8,8783.8
1748212194389.0,8779.7,8783.7
1748212194856.0,8779.6,8783.6
1748212195451.0,8779.7,8783.7
1748212195843.0,8779.8,8783.8
1748212196247.0,8780.1,8784.1
1748212196860.0,8780.0,8784.0
1748212197083.0,8779.8,8783.8
1748212197984.0,8780.0,8784.0
1748212199062.0,8780.5,8784.5
1748212199296.0,8780.2,8784.2
1748212199521.0,8780.1,8784.1
1748212199748.0,8780.5,8784.5
1748212200116.0,8780.2,8784.2
1748212200342.0,8780.5,8784.5
1748212200567.0,8780.2,8784.2
1748212200790.0,8780.5,8784.5
1748212201016.0,8780.2,8784.2
1748212201242.0,8780.6,8784.6
1748212201465.0,8781.0,8785.0
1748212201959.0,8780.9,8784.9
1748212202183.0,8780.0,8784.0
1748212202407.0,8779.8,8783.8
1748212202613.0,8779.9,8783.9
1748212202634.0,8780.1,8784.1
1748212202858.0,8780.0,8784.0
1748212203999.0,8780.1,8784.1
1748212204032.0,8780.5,8784.5
1748212204247.0,8780.2,8784.2
1748212204474.0,8780.1,8784.1
1748212205401.0,8780.0,8784.0
1748212205756.0,8780.1,8784.1
1748212207278.0,8780.0,8784.0
1748212207503.0,8779.2,8783.2
1748212207729.0,8779.4,8783.4
1748212207952.0,8779.8,8783.8
1748212208439.0,8780.0,8784.0
1748212208663.0,8780.1,8784.1
1748212208891.0,8780.0,8784.0
1748212209092.0,8779.9,8783.9
1748212209114.0,8779.8,8783.8
1748212209341.0,8779.6,8783.6
1748212209794.0,8779.4,8783.4
1748212210019.0,8779.2,8783.2
1748212210220.0,8779.1,8783.1
1748212210603.0,8779.2,8783.2
1748212210827.0,8778.6,8782.6
1748212211387.0,8778.5,8782.5
1748212211613.0,8778.1,8782.1
1748212212279.0,8778.0,8782.0
1748212212505.0,8777.9,8781.9
1748212212754.0,8778.0,8782.0
1748212212960.0,8778.1,8782.1
1748212213183.0,8778.2,8782.2
1748212213204.0,8778.1,8782.1
1748212213430.0,8778.3,8782.3
1748212213790.0,8778.1,8782.1
1748212213878.0,8778.0,8782.0
1748212214012.0,8778.2,8782.2
1748212214445.0,8778.5,8782.5
1748212215011.0,8778.0,8782.0
1748212215434.0,8777.9,8781.9
1748212215659.0,8777.8,8781.8
1748212217184.0,8777.6,8781.6
1748212217407.0,8777.8,8781.8
1748212217633.0,8777.6,8781.6
1748212217858.0,8777.5,8781.5
1748212218255.0,8777.4,8781.4
1748212218503.0,8777.5,8781.5
1748212218729.0,8777.6,8781.6
1748212218953.0,8777.4,8781.4
1748212219776.0,8777.2,8781.2
1748212220002.0,8776.9,8780.9
1748212220225.0,8777.0,8781.0
1748212220862.0,8776.9,8780.9
1748212221283.0,8776.7,8780.7
1748212222147.0,8776.6,8780.6
1748212222749.0,8776.4,8780.4
1748212222975.0,8776.3,8780.3
1748212223412.0,8776.4,8780.4
1748212223637.0,8776.6,8780.6
1748212223864.0,8776.4,8780.4
1748212224087.0,8776.3,8780.3
1748212225158.0,8776.4,8780.4
1748212225734.0,8776.6,8780.6
1748212227209.0,8776.3,8780.3
1748212227432.0,8776.4,8780.4
1748212227925.0,8777.0,8781.0
1748212228149.0,8776.6,8780.6
1748212228375.0,8776.7,8780.7
1748212228599.0,8776.6,8780.6
1748212228826.0,8776.7,8780.7
1748212230751.0,8776.6,8780.6
1748212232745.0,8776.4,8780.4
1748212233147.0,8775.7,8779.7
1748212234227.0,8775.8,8779.8
1748212234247.0,8776.1,8780.1
1748212234742.0,8775.9,8779.9
1748212235147.0,8776.1,8780.1
1748212237054.0,8776.3,8780.3
1748212240015.0,8776.2,8780.2
1748212240035.0,8776.0,8780.0
1748212240259.0,8775.9,8779.9
1748212241675.0,8776.0,8780.0
1748212242525.0,8776.1,8780.1
1748212242545.0,8776.3,8780.3
1748212242770.0,8776.4,8780.4
1748212242996.0,8776.3,8780.3
1748212243220.0,8776.4,8780.4
1748212243445.0,8776.7,8780.7
1748212243670.0,8776.5,8780.5
1748212245353.0,8776.7,8780.7
1748212245951.0,8776.5,8780.5
1748212246175.0,8776.7,8780.7
1748212246948.0,8776.5,8780.5
1748212248245.0,8776.3,8780.3
1748212252497.0,8776.4,8780.4
1748212254832.0,8776.3,8780.3
1748212256773.0,8776.0,8780.0
1748212258495.0,8775.9,8779.9
1748212258699.0,8776.0,8780.0
1748212260284.0,8776.3,8780.3
1748212261549.0,8776.4,8780.4
1748212261772.0,8776.0,8780.0
1748212262652.0,8775.4,8779.4
1748212264474.0,8774.7,8778.7
1748212264699.0,8774.6,8778.6
1748212264925.0,8774.7,8778.7
1748212265963.0,8774.6,8778.6
1748212266408.0,8774.7,8778.7
1748212266812.0,8774.4,8778.4
1748212267192.0,8774.3,8778.3
1748212267211.0,8774.1,8778.1
1748212268090.0,8773.9,8777.9
1748212268600.0,8774.1,8778.1
1748212268823.0,8774.3,8778.3
1748212269249.0,8774.1,8778.1
1748212269473.0,8774.3,8778.3
1748212270625.0,8774.4,8778.4
1748212273875.0,8774.5,8778.5
1748212274274.0,8774.9,8778.9
1748212274479.0,8774.8,8778.8
1748212274498.0,8774.7,8778.7
1748212274871.0,8774.5,8778.5
1748212275325.0,8774.4,8778.4
1748212275552.0,8774.5,8778.5
1748212277003.0,8773.8,8777.8
1748212277569.0,8773.9,8777.9
1748212278012.0,8773.8,8777.8
1748212278942.0,8773.3,8777.3
1748212279444.0,8773.5,8777.5
1748212279671.0,8773.3,8777.3
1748212279897.0,8773.2,8777.2
1748212280101.0,8773.3,8777.3
1748212280548.0,8773.3,8777.3
1748212282007.0,8773.2,8777.2
1748212282232.0,8773.5,8777.5
1748212282666.0,8773.6,8777.6
1748212282687.0,8773.3,8777.3
1748212283004.0,8773.6,8777.6
1748212283233.0,8773.5,8777.5
1748212283457.0,8773.3,8777.3
1748212283685.0,8773.2,8777.2
1748212283888.0,8773.1,8777.1
1748212284685.0,8773.2,8777.2
1748212284910.0,8773.3,8777.3
1748212285909.0,8773.5,8777.5
1748212287240.0,8773.4,8777.4
1748212287256.0,8773.3,8777.3
1748212288985.0,8773.5,8777.5
1748212289209.0,8773.3,8777.3
1748212289435.0,8773.2,8777.2
1748212289660.0,8773.5,8777.5
1748212290759.0,8773.3,8777.3
1748212291001.0,8773.2,8777.2
1748212291203.0,8773.1,8777.1
1748212292730.0,8773.3,8777.3
1748212292956.0,8773.5,8777.5
1748212294435.0,8773.2,8777.2
1748212294661.0,8773.1,8777.1
1748212295340.0,8773.0,8777.0
1748212295359.0,8772.7,8776.7
1748212295608.0,8772.8,8776.8
1748212295813.0,8772.7,8776.7
1748212295833.0,8772.6,8776.6
1748212297286.0,8772.7,8776.7
1748212297666.0,8772.6,8776.6
1748212298470.0,8772.4,8776.4
1748212298694.0,8772.6,8776.6
1748212298919.0,8772.7,8776.7
1748212299143.0,8772.8,8776.8
1748212299625.0,8772.7,8776.7
1748212300479.0,8772.8,8776.8
1748212300705.0,8773.1,8777.1
1748212300930.0,8772.8,8776.8
1748212301470.0,8772.9,8776.9
1748212301491.0,8773.0,8777.0
1748212301715.0,8773.2,8777.2
1748212302267.0,8773.3,8777.3
1748212302788.0,8773.6,8777.6
1748212303561.0,8773.5,8777.5
1748212303806.0,8773.0,8777.0
1748212304031.0,8773.3,8777.3
1748212305496.0,8774.2,8778.2
1748212305722.0,8774.4,8778.4
1748212305946.0,8774.5,8778.5
1748212306387.0,8774.4,8778.4
1748212307321.0,8774.1,8778.1
1748212307866.0,8774.2,8778.2
1748212308109.0,8774.2,8778.2
1748212308841.0,8774.1,8778.1
1748212310628.0,8774.4,8778.4
1748212312819.0,8774.3,8778.3
1748212312840.0,8774.2,8778.2
1748212314005.0,8774.1,8778.1
1748212314612.0,8774.2,8778.2
1748212317378.0,8774.4,8778.4
1748212318124.0,8774.1,8778.1
1748212322055.0,8772.8,8776.8
1748212322077.0,8773.2,8777.2
1748212322302.0,8772.8,8776.8
1748212322527.0,8773.0,8777.0
1748212322752.0,8773.2,8777.2
1748212322976.0,8773.0,8777.0
1748212323262.0,8773.2,8777.2
1748212324295.0,8773.5,8777.5
1748212326741.0,8773.7,8777.7
1748212327746.0,8773.5,8777.5
1748212330352.0,8773.6,8777.6
1748212330752.0,8773.5,8777.5
1748212332300.0,8773.6,8777.6
1748212335551.0,8773.5,8777.5
1748212337257.0,8773.2,8777.2
1748212337530.0,8773.0,8777.0
1748212338540.0,8772.8,8776.8
1748212340214.0,8772.5,8776.5
1748212341264.0,8772.4,8776.4
1748212341508.0,8772.1,8776.1
1748212342037.0,8772.3,8776.3
1748212342263.0,8772.1,8776.1
1748212343353.0,8772.0,8776.0
1748212344489.0,8771.8,8775.8
1748212344716.0,8771.6,8775.6
1748212344940.0,8771.8,8775.8
1748212346253.0,8771.7,8775.7
1748212347252.0,8772.0,8776.0
1748212351086.0,8771.7,8775.7
1748212351506.0,8771.8,8775.8
1748212352059.0,8772.0,8776.0
1748212352285.0,8771.7,8775.7
1748212355622.0,8771.4,8775.4
1748212356873.0,8771.1,8775.1
1748212357287.0,8771.2,8775.2
1748212357530.0,8771.7,8775.7
1748212357735.0,8771.6,8775.6
1748212357754.0,8771.4,8775.4
1748212357980.0,8771.2,8775.2
1748212358444.0,8771.1,8775.1
1748212359025.0,8771.2,8775.2
1748212359269.0,8771.4,8775.4
1748212360331.0,8771.7,8775.7
1748212362111.0,8771.6,8775.6
1748212363659.0,8771.5,8775.5
