None,,
None,,
None,,
None,,
None,,
1748210527593.0,919.13,919.63
1748210528208.0,919.23,919.73
1748210529612.0,919.33,919.83
1748210529846.0,919.23,919.73
1748210534015.0,919.33,919.83
1748210534699.0,919.43,919.93
1748210535157.0,919.03,919.53
1748210537190.0,919.13,919.63
1748210537955.0,919.23,919.73
1748210538967.0,919.33,919.83
1748210540841.0,919.43,919.93
1748210542198.0,919.33,919.83
1748210542425.0,919.43,919.93
1748210542636.0,919.33,919.83
1748210543616.0,919.43,919.93
1748210544065.0,919.23,919.73
1748210544604.0,919.33,919.83
1748210571312.0,919.43,919.93
1748210572558.0,919.33,919.83
1748210572783.0,919.23,919.73
1748210572999.0,919.13,919.63
1748210577241.0,919.23,919.73
1748210577691.0,919.33,919.83
1748210577915.0,919.43,919.93
1748210579099.0,919.33,919.83
1748210579313.0,919.43,919.93
1748210581246.0,919.53,920.03
1748210583368.0,919.63,920.13
1748210585498.0,919.83,920.33
1748210585711.0,919.73,920.23
1748210587079.0,919.83,920.33
1748210587480.0,919.93,920.43
1748210588183.0,919.83,920.33
1748210591873.0,919.93,920.43
1748210592099.0,919.83,920.33
1748210592463.0,919.93,920.43
1748210592689.0,919.83,920.33
1748210593829.0,919.93,920.43
1748210594052.0,919.83,920.33
1748210594374.0,919.93,920.43
1748210596458.0,920.03,920.53
1748210600373.0,919.83,920.33
1748210600589.0,919.93,920.43
1748210600962.0,920.03,920.53
1748210602458.0,919.93,920.43
1748210603130.0,920.03,920.53
1748210604081.0,919.93,920.43
1748210605491.0,920.03,920.53
1748210608162.0,919.93,920.43
1748210608378.0,919.83,920.33
1748210608828.0,919.93,920.43
1748210609345.0,919.83,920.33
1748210609792.0,919.73,920.23
1748210611545.0,919.83,920.33
1748210615480.0,919.93,920.43
1748210616005.0,919.83,920.33
1748210618452.0,919.93,920.43
1748210620055.0,919.83,920.33
1748210622561.0,919.93,920.43
1748210624063.0,919.83,920.33
1748210625864.0,920.03,920.53
1748210631808.0,919.93,920.43
1748210633550.0,920.03,920.53
1748210636040.0,919.93,920.43
1748210638223.0,919.83,920.33
1748210641580.0,919.93,920.43
1748210641795.0,919.83,920.33
1748210647453.0,919.93,920.43
1748210648603.0,919.83,920.33
1748210653424.0,919.73,920.23
1748210660722.0,919.63,920.13
1748210663541.0,919.53,920.03
1748210665894.0,919.43,919.93
1748210670232.0,919.53,920.03
1748210670433.0,919.43,919.93
1748210682035.0,919.53,920.03
1748210685362.0,919.63,920.13
1748210687299.0,919.73,920.23
1748210690722.0,919.83,920.33
1748210693885.0,919.73,920.23
1748210700438.0,919.63,920.13
1748210702337.0,919.73,920.23
1748210704439.0,919.63,920.13
1748210706866.0,919.73,920.23
1748210712340.0,919.83,920.33
1748210715087.0,919.93,920.43
1748210715460.0,919.83,920.33
1748210718161.0,919.73,920.23
1748210721304.0,919.83,920.33
1748210722995.0,919.73,920.23
1748210723625.0,919.83,920.33
1748210724972.0,919.93,920.43
1748210732939.0,919.83,920.33
1748210733174.0,919.93,920.43
1748210734600.0,919.83,920.33
1748210735019.0,919.93,920.43
1748210737186.0,919.83,920.33
1748210740277.0,919.93,920.43
1748210740492.0,919.83,920.33
1748210746739.0,919.93,920.43
1748210753756.0,919.83,920.33
1748210753972.0,919.93,920.43
1748210756473.0,919.83,920.33
1748210757667.0,919.93,920.43
1748210762447.0,919.93,920.43
1748210763529.0,920.03,920.53
1748210764416.0,919.93,920.43
1748210767641.0,920.03,920.53
1748210777472.0,919.93,920.43
1748210779710.0,920.03,920.53
1748210784010.0,919.93,920.43
1748210792140.0,920.03,920.53
1748210795745.0,919.93,920.43
1748210812194.0,919.83,920.33
1748210815939.0,919.93,920.43
1748210816151.0,920.03,920.53
1748210816336.0,920.13,920.63
1748210816593.0,920.93,921.43
1748210816817.0,920.83,921.33
1748210817276.0,920.73,921.23
1748210817576.0,920.93,921.43
1748210818118.0,920.83,921.33
1748210818719.0,921.33,921.83
1748210818941.0,921.23,921.73
1748210819381.0,921.73,922.23
1748210819675.0,921.93,922.43
1748210819830.0,922.23,922.73
1748210820069.0,921.93,922.43
1748210820292.0,921.83,922.33
1748210820506.0,921.53,922.03
1748210820739.0,921.43,921.93
1748210821192.0,921.83,922.33
1748210821856.0,921.73,922.23
1748210822094.0,921.53,922.03
1748210822306.0,921.73,922.23
1748210822531.0,921.63,922.13
1748210823215.0,921.33,921.83
1748210823431.0,921.23,921.73
1748210824971.0,921.13,921.63
1748210825792.0,921.73,922.23
1748210825971.0,921.83,922.33
1748210826071.0,921.93,922.43
1748210826236.0,921.73,922.23
1748210826465.0,921.53,922.03
1748210826776.0,921.33,921.83
1748210827000.0,921.43,921.93
1748210827229.0,921.53,922.03
1748210827603.0,921.43,921.93
1748210827839.0,921.23,921.73
1748210828504.0,921.33,921.83
1748210830239.0,921.53,922.03
1748210830959.0,921.23,921.73
1748210832028.0,921.33,921.83
1748210832250.0,921.43,921.93
1748210832477.0,921.33,921.83
1748210832706.0,921.23,921.73
1748210833065.0,921.33,921.83
1748210833267.0,921.23,921.73
1748210834980.0,921.13,921.63
1748210835216.0,921.03,921.53
1748210835941.0,921.23,921.73
1748210836164.0,921.03,921.53
1748210837323.0,921.23,921.73
1748210837534.0,921.13,921.63
1748210837761.0,921.03,921.53
1748210838554.0,920.93,921.43
1748210838901.0,920.83,921.33
1748210839744.0,920.93,921.43
1748210842531.0,920.83,921.33
1748210843056.0,920.93,921.43
1748210843270.0,921.03,921.53
1748210845814.0,921.13,921.63
1748210848375.0,921.03,921.53
1748210850263.0,921.13,921.63
1748210850764.0,921.23,921.73
1748210850975.0,921.33,921.83
1748210851650.0,921.43,921.93
1748210852683.0,921.63,922.13
1748210853360.0,921.53,922.03
1748210854073.0,921.43,921.93
1748210854468.0,921.33,921.83
1748210856089.0,921.23,921.73
1748210856304.0,921.33,921.83
1748210857223.0,921.53,922.03
1748210857440.0,921.43,921.93
1748210857792.0,921.53,922.03
1748210859155.0,921.43,921.93
1748210859960.0,921.33,921.83
1748210861342.0,921.53,922.03
1748210861686.0,921.63,922.13
1748210863215.0,921.43,921.93
1748210864326.0,921.53,922.03
1748210865536.0,921.43,921.93
1748210865986.0,921.23,921.73
1748210866898.0,921.13,921.63
1748210867880.0,921.23,921.73
1748210868289.0,921.33,921.83
1748210869689.0,921.33,921.83
1748210871536.0,921.43,921.93
1748210873701.0,921.33,921.83
1748210873926.0,921.43,921.93
1748210874789.0,921.33,921.83
1748210875393.0,921.43,921.93
1748210876669.0,921.53,922.03
1748210876883.0,921.63,922.13
1748210877495.0,921.73,922.23
1748210877935.0,921.83,922.33
1748210879910.0,921.63,922.13
1748210881526.0,921.83,922.33
1748210881977.0,921.73,922.23
1748210882212.0,921.83,922.33
1748210883149.0,922.03,922.53
1748210883315.0,921.93,922.43
1748210884048.0,922.13,922.63
1748210884263.0,922.03,922.53
1748210884632.0,922.13,922.63
1748210885306.0,922.23,922.73
1748210885940.0,922.13,922.63
1748210886224.0,922.43,922.93
1748210886380.0,922.53,923.03
1748210886761.0,922.33,922.83
1748210887223.0,922.23,922.73
1748210887439.0,922.53,923.03
1748210887662.0,922.23,922.73
1748210888132.0,922.43,922.93
1748210888336.0,922.53,923.03
1748210888563.0,922.73,923.23
1748210888787.0,923.13,923.63
1748210889012.0,923.23,923.73
1748210889236.0,923.33,923.83
1748210889981.0,923.13,923.63
1748210890226.0,923.33,923.83
1748210890430.0,923.23,923.73
1748210890660.0,923.13,923.63
1748210891422.0,922.83,923.33
1748210891647.0,922.63,923.13
1748210892095.0,922.53,923.03
1748210892299.0,922.43,922.93
1748210893748.0,922.33,922.83
1748210893971.0,922.43,922.93
1748210894216.0,922.53,923.03
1748210894434.0,922.83,923.33
1748210894647.0,922.53,923.03
1748210894872.0,922.73,923.23
1748210895116.0,922.53,923.03
1748210896175.0,922.63,923.13
1748210896539.0,922.73,923.23
1748210896988.0,922.63,923.13
1748210897223.0,922.53,923.03
1748210898125.0,922.63,923.13
1748210898388.0,922.73,923.23
1748210898611.0,922.63,923.13
1748210898838.0,922.73,923.23
1748210899085.0,922.63,923.13
1748210900597.0,922.53,923.03
1748210901214.0,922.33,922.83
1748210901649.0,922.23,922.73
1748210902324.0,922.23,922.73
1748210902550.0,922.13,922.63
1748210902775.0,922.23,922.73
1748210903001.0,922.33,922.83
1748210903450.0,922.23,922.73
1748210903899.0,922.33,922.83
1748210904675.0,922.23,922.73
1748210906395.0,922.33,922.83
1748210907294.0,922.43,922.93
1748210909801.0,922.53,923.03
1748210911592.0,922.43,922.93
1748210912844.0,922.33,922.83
1748210913381.0,922.43,922.93
1748210914296.0,922.53,923.03
1748210914518.0,922.43,922.93
1748210914731.0,922.53,923.03
1748210916263.0,922.43,922.93
1748210917985.0,922.33,922.83
1748210921723.0,922.23,922.73
1748210921943.0,922.13,922.63
1748210922536.0,922.23,922.73
1748210922751.0,922.13,922.63
1748210923137.0,922.03,922.53
1748210925445.0,922.13,922.63
1748210925669.0,922.03,922.53
1748210926631.0,922.13,922.63
1748210927625.0,922.03,922.53
1748210927827.0,922.83,923.33
1748210928060.0,922.73,923.23
1748210929952.0,922.63,923.13
1748210930186.0,922.73,923.23
1748210931930.0,922.53,923.03
1748210932163.0,922.43,922.93
1748210932604.0,922.53,923.03
1748210932840.0,922.73,923.23
1748210933074.0,922.63,923.13
1748210933287.0,922.53,923.03
1748210933503.0,922.43,922.93
1748210933787.0,922.53,923.03
1748210933885.0,922.73,923.23
1748210936046.0,922.63,923.13
1748210936881.0,922.53,923.03
1748210937490.0,922.33,922.83
1748210938303.0,922.23,922.73
1748210941926.0,922.13,922.63
1748210942888.0,922.03,922.53
1748210943346.0,921.93,922.43
1748210943563.0,921.83,922.33
1748210943797.0,921.93,922.43
1748210944237.0,921.83,922.33
1748210945082.0,921.93,922.43
1748210945686.0,922.03,922.53
1748210947920.0,921.93,922.43
1748210948341.0,922.03,922.53
1748210948769.0,921.83,922.33
1748210951625.0,921.93,922.43
1748210952234.0,921.83,922.33
1748210952437.0,921.73,922.23
1748210952673.0,921.83,922.33
1748210952896.0,922.03,922.53
1748210953811.0,921.93,922.43
1748210954305.0,922.03,922.53
1748210955889.0,921.93,922.43
1748210957080.0,921.83,922.33
1748210957435.0,921.73,922.23
1748210959756.0,921.63,922.13
1748210960383.0,921.73,922.23
1748210960607.0,921.63,922.13
1748210961069.0,921.53,922.03
1748210961850.0,921.63,922.13
1748210962115.0,921.53,922.03
1748210962819.0,921.73,922.23
1748210963054.0,921.63,922.13
1748210963259.0,921.73,922.23
1748210964684.0,921.93,922.43
1748210965987.0,922.03,922.53
1748210970751.0,921.93,922.43
1748210970973.0,922.03,922.53
1748210971209.0,921.93,922.43
1748210974716.0,922.13,922.63
1748210975335.0,922.33,922.83
1748210975786.0,922.43,922.93
1748210976012.0,922.63,923.13
1748210976461.0,922.73,923.23
1748210980320.0,922.63,923.13
1748210982135.0,922.43,922.93
1748210983318.0,922.53,923.03
1748210984013.0,922.43,922.93
1748210985641.0,922.53,923.03
1748210986017.0,922.43,922.93
1748210986250.0,922.33,922.83
1748210987561.0,922.43,922.93
1748210987959.0,922.33,922.83
1748210988907.0,922.43,922.93
1748210989132.0,922.33,922.83
1748210989809.0,922.43,922.93
1748210990585.0,922.33,922.83
1748210992006.0,922.43,922.93
1748210994381.0,922.73,923.23
1748210994535.0,922.63,923.13
1748210996145.0,922.53,923.03
1748210997443.0,922.43,922.93
1748210997750.0,922.53,923.03
1748210998423.0,922.63,923.13
1748210998620.0,922.53,923.03
1748211000053.0,922.43,922.93
1748211000263.0,922.53,923.03
1748211000492.0,922.63,923.13
1748211001424.0,922.43,922.93
1748211002935.0,922.33,922.83
1748211003791.0,922.43,922.93
1748211004666.0,922.53,923.03
1748211007551.0,922.63,923.13
1748211008216.0,922.73,923.23
1748211008428.0,922.83,923.33
1748211008879.0,922.93,923.43
1748211010146.0,922.83,923.33
1748211012264.0,922.73,923.23
1748211015840.0,922.53,923.03
1748211016823.0,922.43,922.93
1748211017702.0,922.53,923.03
1748211017927.0,922.43,922.93
1748211018714.0,922.53,923.03
1748211019685.0,922.63,923.13
1748211021494.0,922.73,923.23
1748211022897.0,922.63,923.13
1748211023694.0,922.53,923.03
1748211027093.0,922.63,923.13
1748211027279.0,922.53,923.03
1748211027864.0,922.43,922.93
1748211032530.0,922.33,922.83
1748211034912.0,922.23,922.73
1748211035903.0,922.33,922.83
1748211036140.0,922.23,922.73
1748211036897.0,922.13,922.63
1748211037121.0,922.23,922.73
1748211037583.0,922.13,922.63
1748211040015.0,922.23,922.73
1748211040232.0,922.13,922.63
1748211040717.0,922.23,922.73
1748211043263.0,922.13,922.63
1748211043476.0,922.23,922.73
1748211044295.0,922.13,922.63
1748211044519.0,922.23,922.73
1748211045519.0,922.33,922.83
1748211045742.0,922.43,922.93
1748211046631.0,922.63,923.13
1748211047048.0,922.53,923.03
1748211048367.0,922.43,922.93
1748211050498.0,922.33,922.83
1748211050926.0,922.23,922.73
1748211054211.0,922.13,922.63
1748211057064.0,922.23,922.73
1748211058522.0,922.03,922.53
1748211063222.0,921.93,922.43
1748211065273.0,921.83,922.33
1748211066860.0,921.73,922.23
1748211067306.0,921.83,922.33
1748211067515.0,921.73,922.23
1748211067739.0,921.83,922.33
1748211068344.0,921.93,922.43
1748211068569.0,921.83,922.33
1748211068980.0,921.93,922.43
1748211070072.0,921.83,922.33
1748211073167.0,921.93,922.43
1748211073820.0,921.83,922.33
1748211077695.0,921.73,922.23
1748211083132.0,921.83,922.33
1748211083340.0,921.73,922.23
1748211085093.0,921.83,922.33
1748211085311.0,921.73,922.23
1748211086664.0,921.63,922.13
1748211086888.0,921.73,922.23
1748211091528.0,921.63,922.13
1748211092344.0,921.63,922.13
1748211092791.0,921.53,922.03
1748211094283.0,921.63,922.13
1748211097072.0,921.73,922.23
1748211101323.0,921.93,922.43
1748211102534.0,921.83,922.33
1748211102748.0,921.93,922.43
1748211104161.0,921.83,922.33
1748211104806.0,921.93,922.43
1748211105493.0,921.83,922.33
1748211106351.0,921.73,922.23
1748211107900.0,921.83,922.33
1748211108548.0,921.73,922.23
1748211113723.0,921.83,922.33
1748211113937.0,921.73,922.23
1748211119866.0,921.63,922.13
1748211123120.0,921.53,922.03
1748211125366.0,921.63,922.13
1748211125824.0,921.53,922.03
1748211126027.0,921.63,922.13
1748211126126.0,921.93,922.43
1748211126275.0,922.03,922.53
1748211126888.0,922.13,922.63
1748211128143.0,922.23,922.73
1748211128350.0,922.13,922.63
1748211130011.0,922.03,922.53
1748211138943.0,921.93,922.43
1748211139168.0,922.13,922.63
1748211139863.0,922.23,922.73
1748211140112.0,922.13,922.63
1748211142029.0,922.03,922.53
1748211142834.0,922.13,922.63
1748211147923.0,922.23,922.73
1748211149321.0,922.13,922.63
1748211152237.0,922.03,922.53
1748211154636.0,922.13,922.63
1748211154874.0,922.03,922.53
1748211155354.0,922.13,922.63
1748211158429.0,922.23,922.73
1748211158655.0,922.43,922.93
1748211158868.0,922.83,923.33
1748211159102.0,922.93,923.43
1748211159325.0,922.83,923.33
1748211160213.0,922.73,923.23
1748211160430.0,922.83,923.33
1748211161059.0,922.73,923.23
1748211161271.0,922.83,923.33
1748211162617.0,922.73,923.23
1748211162841.0,922.83,923.33
1748211163079.0,922.73,923.23
1748211166087.0,922.63,923.13
1748211166300.0,922.73,923.23
1748211166525.0,922.63,923.13
1748211169941.0,922.53,923.03
1748211170177.0,922.63,923.13
1748211170574.0,922.53,923.03
1748211170798.0,922.63,923.13
1748211171369.0,922.53,923.03
1748211171897.0,922.63,923.13
1748211173506.0,922.73,923.23
1748211175017.0,922.83,923.33
1748211175231.0,922.73,923.23
1748211178023.0,922.83,923.33
1748211178247.0,922.73,923.23
1748211178823.0,922.83,923.33
1748211184400.0,922.93,923.43
1748211184624.0,923.03,923.53
1748211185864.0,922.93,923.43
1748211186379.0,923.03,923.53
1748211187584.0,923.13,923.63
1748211192552.0,923.03,923.53
1748211192778.0,922.93,923.43
1748211193229.0,923.03,923.53
1748211194704.0,922.93,923.43
1748211195707.0,923.03,923.53
1748211197592.0,923.13,923.63
1748211198270.0,923.23,923.73
1748211199081.0,923.13,923.63
1748211199250.0,923.03,923.53
1748211199945.0,923.23,923.73
1748211203571.0,923.13,923.63
1748211204199.0,923.23,923.73
1748211204590.0,923.13,923.63
1748211206997.0,923.23,923.73
1748211209120.0,923.13,923.63
1748211210824.0,923.23,923.73
1748211211677.0,923.13,923.63
1748211213320.0,923.03,923.53
1748211213519.0,923.23,923.73
1748211213894.0,923.13,923.63
1748211214575.0,923.23,923.73
1748211215236.0,923.13,923.63
1748211216085.0,923.23,923.73
1748211221010.0,923.33,923.83
1748211221242.0,923.23,923.73
1748211221890.0,923.33,923.83
1748211222135.0,923.23,923.73
1748211231472.0,923.13,923.63
1748211235423.0,923.23,923.73
1748211235637.0,923.13,923.63
1748211237405.0,923.23,923.73
1748211238182.0,923.13,923.63
1748211238448.0,923.23,923.73
1748211240377.0,923.13,923.63
1748211244831.0,923.03,923.53
1748211245052.0,922.93,923.43
1748211247359.0,923.03,923.53
1748211248313.0,922.93,923.43
1748211248537.0,922.83,923.33
1748211248771.0,922.93,923.43
1748211251108.0,923.03,923.53
1748211251633.0,922.93,923.43
1748211251859.0,923.03,923.53
1748211253155.0,922.83,923.33
1748211256479.0,922.73,923.23
1748211261904.0,922.83,923.33
1748211266470.0,922.73,923.23
1748211268105.0,922.63,923.13
1748211269118.0,922.73,923.23
1748211270846.0,922.63,923.13
1748211271621.0,922.53,923.03
1748211272154.0,922.43,922.93
1748211274717.0,922.53,923.03
1748211277236.0,922.43,922.93
1748211284234.0,922.93,923.43
1748211290307.0,922.83,923.33
1748211294165.0,922.93,923.43
1748211296062.0,922.83,923.33
1748211297387.0,922.73,923.23
1748211298268.0,922.83,923.33
1748211304911.0,922.93,923.43
1748211306742.0,922.83,923.33
1748211306968.0,922.93,923.43
1748211309652.0,923.03,923.53
1748211310050.0,922.83,923.33
1748211312854.0,922.63,923.13
1748211312952.0,922.53,923.03
1748211313082.0,922.63,923.13
1748211315549.0,922.53,923.03
1748211316241.0,922.43,922.93
1748211319757.0,922.53,923.03
1748211319994.0,922.43,922.93
1748211320390.0,922.53,923.03
1748211320832.0,922.63,923.13
1748211323052.0,922.53,923.03
1748211332816.0,922.43,922.93
1748211333036.0,922.33,922.83
1748211333674.0,922.23,922.73
1748211334278.0,922.33,922.83
1748211334494.0,922.23,922.73
1748211337291.0,922.13,922.63
1748211339190.0,922.23,922.73
1748211340890.0,922.33,922.83
1748211341414.0,922.23,922.73
1748211345142.0,922.33,922.83
1748211346373.0,922.23,922.73
1748211346586.0,922.33,922.83
1748211346812.0,922.23,922.73
1748211354415.0,922.03,922.53
1748211366934.0,922.13,922.63
1748211367159.0,922.03,922.53
1748211367614.0,922.13,922.63
1748211369534.0,922.23,922.73
1748211371023.0,922.13,922.63
1748211377357.0,921.93,922.43
1748211378469.0,922.03,922.53
1748211379100.0,922.13,922.63
1748211387151.0,922.03,922.53
1748211387367.0,922.13,922.63
1748211391244.0,922.03,922.53
1748211393201.0,922.13,922.63
1748211393299.0,922.33,922.83
1748211394297.0,922.23,922.73
1748211395814.0,922.33,922.83
1748211396706.0,922.23,922.73
1748211400530.0,922.13,922.63
1748211401887.0,922.23,922.73
1748211402292.0,922.13,922.63
1748211402518.0,922.23,922.73
1748211403958.0,922.13,922.63
1748211405312.0,922.23,922.73
1748211406538.0,922.43,922.93
1748211408060.0,922.53,923.03
1748211408273.0,922.43,922.93
1748211412667.0,922.53,923.03
1748211414017.0,922.43,922.93
1748211419755.0,922.33,922.83
1748211424592.0,922.43,922.93
1748211426008.0,922.33,922.83
1748211443550.0,922.53,923.03
1748211444220.0,922.43,922.93
1748211444965.0,922.53,923.03
1748211446839.0,922.43,922.93
1748211450747.0,922.53,923.03
1748211450965.0,922.43,922.93
1748211471790.0,922.53,923.03
1748211475891.0,922.63,923.13
1748211477373.0,922.73,923.23
1748211477761.0,922.63,923.13
1748211479935.0,922.73,923.23
1748211482057.0,922.83,923.33
1748211482272.0,922.73,923.23
1748211487958.0,922.63,923.13
1748211491179.0,922.73,923.23
1748211502764.0,922.63,923.13
1748211509865.0,922.53,923.03
1748211510130.0,922.43,922.93
1748211510422.0,922.53,923.03
1748211511302.0,922.43,922.93
1748211512519.0,922.53,923.03
1748211513263.0,922.63,923.13
1748211513750.0,922.53,923.03
1748211514876.0,922.63,923.13
1748211515358.0,922.53,923.03
1748211515568.0,922.63,923.13
1748211516540.0,922.53,923.03
1748211521448.0,922.63,923.13
1748211524828.0,922.53,923.03
1748211525712.0,922.63,923.13
1748211526294.0,922.53,923.03
1748211527187.0,922.63,923.13
1748211528271.0,922.53,923.03
1748211529443.0,922.63,923.13
1748211531216.0,922.53,923.03
1748211533782.0,922.63,923.13
1748211534973.0,922.53,923.03
1748211537330.0,922.63,923.13
1748211540272.0,922.53,923.03
1748211541002.0,922.43,922.93
1748211544233.0,922.53,923.03
1748211547922.0,922.63,923.13
1748211548144.0,922.53,923.03
1748211551610.0,922.43,922.93
1748211552732.0,922.53,923.03
1748211561759.0,922.73,923.23
1748211562926.0,922.63,923.13
1748211571147.0,922.73,923.23
1748211571857.0,922.63,923.13
1748211572691.0,922.73,923.23
1748211575027.0,922.63,923.13
1748211577264.0,922.73,923.23
1748211580823.0,922.83,923.33
1748211587533.0,922.73,923.23
1748211587746.0,922.83,923.33
1748211588662.0,922.73,923.23
1748211590606.0,922.83,923.33
1748211591335.0,923.53,924.03
1748211592459.0,923.43,923.93
1748211592685.0,923.33,923.83
1748211592928.0,923.23,923.73
1748211593165.0,923.33,923.83
1748211593378.0,923.23,923.73
1748211593609.0,923.33,923.83
1748211593826.0,923.23,923.73
1748211595196.0,923.33,923.83
1748211595856.0,923.23,923.73
1748211597168.0,923.33,923.83
1748211597629.0,923.43,923.93
1748211598015.0,923.33,923.83
1748211600057.0,923.43,923.93
1748211600507.0,923.33,923.83
1748211602663.0,923.53,924.03
1748211603330.0,923.43,923.93
1748211603722.0,923.53,924.03
1748211605252.0,923.63,924.13
1748211607197.0,923.53,924.03
1748211607412.0,923.63,924.13
1748211607865.0,923.63,924.13
1748211608761.0,923.53,924.03
1748211608978.0,923.63,924.13
1748211610006.0,923.53,924.03
1748211610493.0,923.63,924.13
1748211610724.0,923.73,924.23
1748211611400.0,923.63,924.13
1748211611920.0,923.73,924.23
1748211612373.0,923.63,924.13
1748211613351.0,923.73,924.23
1748211615773.0,923.63,924.13
1748211616225.0,923.73,924.23
1748211616447.0,923.63,924.13
1748211617180.0,923.73,924.23
1748211617645.0,923.83,924.33
1748211618109.0,923.73,924.23
1748211618309.0,923.83,924.33
1748211618997.0,923.73,924.23
1748211619398.0,923.83,924.33
1748211619611.0,923.73,924.23
1748211621177.0,923.83,924.33
1748211624819.0,923.83,924.33
1748211625204.0,923.73,924.23
1748211626315.0,923.83,924.33
1748211626537.0,923.73,924.23
1748211626767.0,923.83,924.33
1748211628174.0,923.93,924.43
1748211628897.0,923.83,924.33
1748211629601.0,923.73,924.23
1748211629836.0,923.83,924.33
1748211630439.0,923.73,924.23
1748211632304.0,923.63,924.13
1748211635050.0,923.53,924.03
1748211635932.0,923.63,924.13
1748211636319.0,923.73,924.23
1748211636543.0,923.63,924.13
1748211641082.0,923.73,924.23
1748211643437.0,923.63,924.13
1748211643975.0,923.73,924.23
1748211655516.0,923.63,924.13
1748211655741.0,923.73,924.23
1748211655956.0,923.63,924.13
1748211658392.0,923.53,924.03
1748211658832.0,923.43,923.93
1748211661225.0,923.33,923.83
1748211661398.0,923.43,923.93
1748211663277.0,923.53,924.03
1748211664449.0,923.43,923.93
1748211664663.0,923.33,923.83
1748211665981.0,923.43,923.93
1748211666246.0,923.53,924.03
1748211672864.0,923.63,924.13
1748211673689.0,923.53,924.03
1748211680388.0,923.73,924.23
1748211681057.0,923.63,924.13
1748211681271.0,923.73,924.23
1748211684141.0,923.93,924.43
1748211685994.0,923.83,924.33
1748211688642.0,923.73,924.23
1748211688866.0,923.83,924.33
1748211689935.0,923.73,924.23
1748211690374.0,923.73,924.23
1748211690599.0,923.83,924.33
1748211692275.0,923.93,924.43
1748211693958.0,923.83,924.33
1748211696095.0,924.03,924.53
1748211698982.0,924.13,924.63
1748211701107.0,924.03,924.53
1748211702361.0,923.93,924.43
1748211704699.0,923.83,924.33
1748211705681.0,923.93,924.43
1748211708937.0,924.03,924.53
1748211710149.0,923.93,924.43
1748211710363.0,924.03,924.53
1748211716042.0,923.93,924.43
1748211716496.0,924.03,924.53
1748211716720.0,923.93,924.43
1748211719675.0,923.83,924.33
1748211720299.0,923.93,924.43
1748211721703.0,924.03,924.53
1748211723150.0,923.93,924.43
1748211723516.0,924.03,924.53
1748211724075.0,924.13,924.63
1748211724303.0,924.03,924.53
1748211724740.0,924.23,924.73
1748211726571.0,924.33,924.83
1748211729924.0,924.23,924.73
1748211730349.0,924.33,924.83
1748211730792.0,924.23,924.73
1748211733197.0,924.33,924.83
1748211734591.0,924.23,924.73
1748211735710.0,924.53,925.03
1748211737103.0,924.43,924.93
1748211737304.0,924.53,925.03
1748211737855.0,924.63,925.13
1748211739984.0,924.53,925.03
1748211740231.0,924.63,925.13
1748211740807.0,924.73,925.23
1748211741038.0,924.63,925.13
1748211743795.0,924.53,925.03
1748211744470.0,924.63,925.13
1748211744696.0,924.53,925.03
1748211745477.0,924.63,925.13
1748211745917.0,924.73,925.23
1748211746143.0,924.83,925.33
1748211746368.0,924.73,925.23
1748211747028.0,924.93,925.43
1748211748284.0,924.83,925.33
1748211751777.0,924.93,925.43
1748211757093.0,925.03,925.53
1748211757306.0,925.13,925.63
1748211757969.0,925.23,925.73
1748211758204.0,925.13,925.63
1748211760373.0,924.93,925.43
1748211760560.0,925.03,925.53
1748211761233.0,925.03,925.53
1748211761637.0,924.93,925.43
1748211761862.0,925.03,925.53
1748211762876.0,925.13,925.63
1748211763899.0,925.03,925.53
1748211764119.0,925.13,925.63
1748211766270.0,925.03,925.53
1748211767071.0,924.93,925.43
1748211769869.0,925.03,925.53
1748211771529.0,925.13,925.63
1748211771739.0,925.03,925.53
1748211774332.0,925.13,925.63
1748211775613.0,925.23,925.73
1748211775839.0,925.03,925.53
1748211777390.0,925.13,925.63
1748211778429.0,925.23,925.73
1748211780761.0,925.13,925.63
1748211780997.0,925.23,925.73
1748211783260.0,925.13,925.63
1748211783472.0,925.23,925.73
1748211783882.0,925.13,925.63
1748211784107.0,925.23,925.73
1748211785020.0,925.53,926.03
1748211786073.0,925.43,925.93
1748211786329.0,925.53,926.03
1748211786848.0,925.43,925.93
1748211787549.0,925.33,925.83
1748211789889.0,925.43,925.93
1748211791229.0,925.53,926.03
1748211793686.0,925.73,926.23
1748211794528.0,925.63,926.13
1748211796550.0,925.53,926.03
1748211796785.0,925.63,926.13
1748211797557.0,925.33,925.83
1748211797792.0,925.43,925.93
1748211798875.0,925.43,925.93
1748211799609.0,925.33,925.83
1748211800085.0,925.23,925.73
1748211800710.0,925.03,925.53
1748211800933.0,925.13,925.63
1748211802537.0,925.23,925.73
1748211804140.0,925.33,925.83
1748211807508.0,925.43,925.93
1748211809078.0,925.33,925.83
1748211809290.0,925.43,925.93
1748211809529.0,925.53,926.03
1748211809753.0,925.43,925.93
1748211810162.0,925.43,925.93
1748211810439.0,925.53,926.03
1748211810631.0,925.43,925.93
1748211813385.0,925.33,925.83
1748211814517.0,925.43,925.93
1748211815527.0,925.33,925.83
1748211815774.0,925.43,925.93
1748211817640.0,925.53,926.03
1748211817874.0,925.73,926.23
1748211820008.0,925.63,926.13
1748211820221.0,925.73,926.23
1748211820448.0,925.63,926.13
1748211820671.0,925.73,926.23
1748211821143.0,925.63,926.13
1748211821346.0,925.73,926.23
1748211821584.0,925.63,926.13
1748211823535.0,925.73,926.23
1748211824889.0,925.63,926.13
1748211825277.0,925.73,926.23
1748211827637.0,926.03,926.53
1748211828434.0,925.93,926.43
1748211828641.0,926.03,926.53
1748211829314.0,925.93,926.43
1748211831878.0,925.83,926.33
1748211832103.0,925.93,926.43
1748211832316.0,925.83,926.33
1748211832666.0,925.93,926.43
1748211834978.0,925.83,926.33
1748211835842.0,925.93,926.43
1748211837331.0,925.83,926.33
1748211838966.0,925.73,926.23
1748211841777.0,925.63,926.13
1748211843349.0,925.73,926.23
1748211844183.0,925.83,926.33
1748211844397.0,925.63,926.13
1748211845069.0,925.73,926.23
1748211846332.0,925.63,926.13
1748211846543.0,925.73,926.23
1748211846778.0,925.63,926.13
1748211848337.0,925.93,926.43
1748211848809.0,925.73,926.23
1748211850446.0,925.63,926.13
1748211850895.0,925.73,926.23
1748211851130.0,925.63,926.13
1748211852189.0,925.73,926.23
1748211853649.0,925.63,926.13
1748211855848.0,925.53,926.03
1748211858035.0,925.63,926.13
1748211859868.0,925.53,926.03
1748211860751.0,925.33,925.83
1748211860975.0,925.23,925.73
1748211861198.0,925.33,925.83
1748211862560.0,925.43,925.93
1748211862791.0,925.33,925.83
1748211863690.0,925.43,925.93
1748211864387.0,925.53,926.03
1748211864561.0,925.43,925.93
1748211865052.0,925.53,926.03
1748211866126.0,925.43,925.93
1748211867212.0,925.53,926.03
1748211867395.0,925.43,925.93
1748211868446.0,925.53,926.03
1748211869263.0,925.43,925.93
1748211871630.0,925.83,926.33
1748211878077.0,925.73,926.23
1748211878291.0,925.83,926.33
1748211879402.0,925.73,926.23
1748211880741.0,925.83,926.33
1748211884746.0,925.93,926.43
1748211884959.0,925.83,926.33
1748211892187.0,926.13,926.63
1748211895221.0,926.23,926.73
1748211895658.0,926.33,926.83
1748211896428.0,926.83,927.33
1748211896646.0,926.73,927.23
1748211896861.0,926.83,927.33
1748211897312.0,927.03,927.53
1748211897544.0,926.93,927.43
1748211897762.0,927.03,927.53
1748211897994.0,926.93,927.43
1748211898299.0,927.03,927.53
1748211898678.0,926.93,927.43
1748211900492.0,927.03,927.53
1748211900704.0,926.93,927.43
1748211900939.0,927.13,927.63
1748211901177.0,927.03,927.53
1748211901379.0,926.93,927.43
1748211901840.0,926.83,927.33
1748211903001.0,926.93,927.43
1748211903882.0,927.03,927.53
1748211904499.0,927.13,927.63
1748211904724.0,927.03,927.53
1748211904949.0,927.13,927.63
1748211905544.0,927.03,927.53
1748211905779.0,927.13,927.63
1748211905995.0,926.93,927.43
1748211906678.0,926.73,927.23
1748211908166.0,926.83,927.33
1748211909617.0,926.73,927.23
1748211909849.0,926.83,927.33
1748211910812.0,926.93,927.43
1748211911042.0,926.83,927.33
1748211911260.0,926.93,927.43
1748211912872.0,927.03,927.53
1748211914961.0,927.13,927.63
1748211915413.0,927.23,927.73
1748211915652.0,927.13,927.63
1748211916376.0,927.03,927.53
1748211916966.0,926.83,927.33
1748211917339.0,926.93,927.43
1748211919491.0,926.83,927.33
1748211919708.0,926.93,927.43
1748211923624.0,926.73,927.23
1748211923840.0,926.83,927.33
1748211924301.0,926.73,927.23
1748211924612.0,926.83,927.33
1748211924847.0,926.73,927.23
1748211927005.0,926.83,927.33
1748211929387.0,926.93,927.43
1748211929756.0,926.83,927.33
1748211930214.0,926.73,927.23
1748211930456.0,926.83,927.33
1748211931824.0,926.93,927.43
1748211932237.0,927.03,927.53
1748211932636.0,926.93,927.43
1748211933640.0,927.33,927.83
1748211933853.0,927.43,927.93
1748211934277.0,927.63,928.13
1748211934717.0,927.73,928.23
1748211934950.0,927.63,928.13
1748211935616.0,927.43,927.93
1748211936305.0,927.13,927.63
1748211937077.0,927.03,927.53
1748211937466.0,926.93,927.43
1748211937692.0,927.03,927.53
1748211938200.0,926.93,927.43
1748211942177.0,927.03,927.53
1748211942543.0,926.93,927.43
1748211943178.0,926.83,927.33
1748211943546.0,926.93,927.43
1748211943944.0,926.83,927.33
1748211944178.0,926.93,927.43
1748211944406.0,926.83,927.33
1748211945092.0,926.93,927.43
1748211945293.0,926.83,927.33
1748211946634.0,926.93,927.43
1748211946851.0,926.83,927.33
1748211947238.0,926.93,927.43
1748211949027.0,926.83,927.33
1748211949371.0,926.93,927.43
1748211949598.0,926.83,927.33
1748211952173.0,926.93,927.43
1748211953588.0,926.83,927.33
1748211955291.0,926.93,927.43
1748211955513.0,926.83,927.33
1748211957515.0,926.73,927.23
1748211961139.0,926.83,927.33
1748211961958.0,926.73,927.23
1748211963516.0,926.63,927.13
1748211964193.0,926.73,927.23
1748211964886.0,926.63,927.13
1748211970174.0,926.53,927.03
1748211973138.0,926.43,926.93
1748211973351.0,926.53,927.03
1748211973908.0,926.43,926.93
1748211974345.0,926.33,926.83
1748211974784.0,926.23,926.73
1748211975895.0,926.33,926.83
1748211976137.0,926.23,926.73
1748211976885.0,926.33,926.83
1748211977305.0,926.23,926.73
1748211979041.0,926.13,926.63
1748211981082.0,926.03,926.53
1748211981287.0,926.13,926.63
1748211981506.0,926.03,926.53
1748211981941.0,926.13,926.63
1748211982175.0,926.03,926.53
1748211982390.0,926.13,926.63
1748211982615.0,926.03,926.53
1748211982840.0,926.13,926.63
1748211983418.0,926.03,926.53
1748211984521.0,926.13,926.63
1748211986575.0,926.23,926.73
1748211988709.0,926.33,926.83
1748211994669.0,926.23,926.73
1748211997571.0,926.13,926.63
1748212001160.0,926.23,926.73
1748212001365.0,926.13,926.63
1748212001599.0,926.23,926.73
1748212002992.0,926.13,926.63
1748212003772.0,926.23,926.73
1748212005176.0,926.13,926.63
1748212006983.0,926.23,926.73
1748212013266.0,926.13,926.63
1748212014687.0,926.23,926.73
1748212016047.0,926.13,926.63
1748212021226.0,926.03,926.53
1748212021618.0,925.93,926.43
1748212022076.0,926.03,926.53
1748212022292.0,925.93,926.43
1748212022515.0,926.03,926.53
1748212024940.0,925.93,926.43
1748212025681.0,926.03,926.53
1748212026137.0,925.93,926.43
1748212026353.0,926.03,926.53
1748212028067.0,925.93,926.43
1748212028881.0,926.03,926.53
1748212033953.0,925.93,926.43
1748212035138.0,926.03,926.53
1748212043749.0,925.93,926.43
1748212049258.0,926.03,926.53
1748212050523.0,925.93,926.43
1748212058735.0,926.03,926.53
1748212058959.0,925.93,926.43
1748212060400.0,926.03,926.53
1748212061205.0,925.93,926.43
1748212067522.0,926.03,926.53
1748212068411.0,925.93,926.43
1748212075485.0,926.03,926.53
1748212080017.0,926.33,926.83
1748212080232.0,926.23,926.73
1748212081268.0,926.33,926.83
1748212081866.0,926.23,926.73
1748212082752.0,926.33,926.83
1748212083471.0,926.23,926.73
1748212088067.0,926.13,926.63
1748212088922.0,926.23,926.73
1748212090263.0,926.23,926.73
1748212090527.0,926.13,926.63
1748212094343.0,926.03,926.53
1748212097287.0,926.13,926.63
1748212101010.0,926.03,926.53
1748212107158.0,925.93,926.43
1748212108665.0,926.03,926.53
1748212114448.0,926.13,926.63
1748212119349.0,926.03,926.53
1748212124085.0,925.93,926.43
1748212125390.0,926.03,926.53
1748212126630.0,926.13,926.63
1748212127075.0,926.03,926.53
1748212127285.0,926.13,926.63
1748212129098.0,926.03,926.53
1748212133316.0,926.13,926.63
1748212135323.0,926.03,926.53
1748212135705.0,926.13,926.63
1748212139709.0,926.23,926.73
1748212141647.0,926.13,926.63
1748212149053.0,926.03,926.53
1748212151216.0,926.03,926.53
1748212152138.0,926.13,926.63
1748212154368.0,926.03,926.53
1748212158652.0,926.13,926.63
1748212159351.0,926.03,926.53
1748212163638.0,926.13,926.63
1748212164670.0,926.03,926.53
1748212170525.0,926.13,926.63
1748212172176.0,926.03,926.53
1748212172966.0,926.13,926.63
1748212173296.0,926.03,926.53
1748212173508.0,926.13,926.63
1748212184763.0,926.23,926.73
1748212185683.0,926.33,926.83
1748212186999.0,926.43,926.93
1748212187480.0,926.33,926.83
1748212189139.0,926.43,926.93
1748212193375.0,926.53,927.03
1748212194404.0,926.43,926.93
1748212195847.0,926.53,927.03
1748212201256.0,926.63,927.13
1748212202197.0,926.53,927.03
1748212207507.0,926.43,926.93
1748212207959.0,926.53,927.03
1748212209343.0,926.43,926.93
1748212210830.0,926.33,926.83
1748212211611.0,926.23,926.73
1748212212983.0,926.33,926.83
1748212213219.0,926.23,926.73
1748212213433.0,926.33,926.83
1748212213792.0,926.23,926.73
1748212214022.0,926.33,926.83
1748212215012.0,926.23,926.73
1748212218300.0,926.13,926.63
1748212218472.0,926.23,926.73
1748212218956.0,926.13,926.63
1748212222162.0,926.03,926.53
1748212227939.0,926.13,926.63
1748212228160.0,926.03,926.53
1748212228377.0,926.13,926.63
1748212228599.0,926.03,926.53
1748212228836.0,926.13,926.63
1748212230776.0,926.03,926.53
1748212233164.0,925.93,926.43
1748212234264.0,926.03,926.53
1748212243451.0,926.13,926.63
1748212243676.0,926.03,926.53
1748212245369.0,926.13,926.63
1748212245954.0,926.03,926.53
1748212246188.0,926.13,926.63
1748212246951.0,926.03,926.53
1748212262654.0,925.93,926.43
1748212264495.0,925.83,926.33
1748212267232.0,925.73,926.23
1748212268829.0,925.83,926.33
1748212269274.0,925.73,926.23
1748212269478.0,925.83,926.33
1748212277019.0,925.73,926.23
1748212278939.0,925.63,926.13
1748212282430.0,925.73,926.23
1748212282688.0,925.63,926.13
1748212283021.0,925.73,926.23
1748212283238.0,925.63,926.13
1748212295372.0,925.53,926.03
1748212295612.0,925.63,926.13
1748212295837.0,925.53,926.03
1748212299160.0,925.63,926.13
1748212299629.0,925.53,926.03
1748212300494.0,925.63,926.13
1748212302789.0,925.73,926.23
1748212303594.0,925.63,926.13
1748212305512.0,925.83,926.33
1748212307335.0,925.73,926.23
1748212307890.0,925.83,926.33
1748212308844.0,925.73,926.23
1748212310641.0,925.83,926.33
1748212314020.0,925.73,926.23
1748212314617.0,925.83,926.33
1748212318146.0,925.73,926.23
1748212321878.0,925.53,926.03
1748212322090.0,925.63,926.13
1748212326716.0,925.73,926.23
1748212327770.0,925.63,926.13
1748212330319.0,925.73,926.23
1748212330777.0,925.63,926.13
1748212332274.0,925.73,926.23
1748212335586.0,925.63,926.13
1748212340228.0,925.53,926.03
1748212344516.0,925.43,925.93
1748212347268.0,925.53,926.03
1748212351101.0,925.43,925.93
1748212352078.0,925.53,926.03
1748212352298.0,925.43,925.93
1748212356887.0,925.33,925.83
1748212357327.0,925.43,925.93
1748212358458.0,925.33,925.83
1748212359069.0,925.43,925.93
1748212368457.0,925.33,925.83
1748212368851.0,925.43,925.93
1748212371624.0,925.33,925.83
1748212373384.0,925.43,925.93
1748212373596.0,925.33,925.83
1748212373822.0,925.43,925.93
1748212375399.0,925.33,925.83
1748212380592.0,925.43,925.93
1748212381890.0,925.53,926.03
1748212382525.0,925.43,925.93
1748212382731.0,925.53,926.03
1748212386625.0,925.43,925.93
1748212389557.0,925.53,926.03
1748212390717.0,925.43,925.93
1748212391636.0,925.33,925.83
1748212401713.0,925.23,925.73
1748212406759.0,925.33,925.83
1748212430218.0,925.23,925.73
1748212433326.0,925.13,925.63
1748212433719.0,925.23,925.73
1748212436850.0,925.13,925.63
1748212444309.0,925.13,925.63
1748212445219.0,925.23,925.73
1748212445657.0,925.33,925.83
1748212446059.0,925.23,925.73
1748212449742.0,925.33,925.83
1748212450206.0,925.23,925.73
1748212452773.0,925.33,925.83
1748212453170.0,925.23,925.73
1748212454262.0,925.13,925.63
1748212455336.0,925.03,925.53
1748212469459.0,924.93,925.43
1748212471342.0,925.03,925.53
1748212472393.0,924.93,925.43
1748212474149.0,925.03,925.53
1748212479878.0,924.93,925.43
1748212485350.0,925.03,925.53
1748212486135.0,924.93,925.43
1748212487122.0,925.03,925.53
1748212489059.0,924.93,925.43
1748212504363.0,924.73,925.23
1748212506051.0,924.83,925.33
1748212513062.0,924.73,925.23
1748212513272.0,924.83,925.33
1748212523270.0,924.93,925.43
1748212523879.0,924.83,925.33
1748212524116.0,924.93,925.43
1748212529451.0,924.83,925.33
1748212529667.0,924.93,925.43
1748212531154.0,925.03,925.53
1748212531538.0,924.93,925.43
1748212532047.0,925.03,925.53
1748212533464.0,924.93,925.43
1748212536774.0,925.03,925.53
1748212536986.0,925.13,925.63
1748212537537.0,925.03,925.53
1748212550416.0,924.93,925.43
1748212570648.0,924.83,925.33
1748212587936.0,924.73,925.23
1748212588472.0,924.83,925.33
1748212590601.0,924.93,925.43
1748212596504.0,924.83,925.33
1748212598367.0,924.93,925.43
1748212619735.0,925.13,925.63
1748212622554.0,925.03,925.53
1748212635222.0,924.93,925.43
1748212642882.0,924.83,925.33
1748212665910.0,924.73,925.23
1748212672834.0,924.83,925.33
1748212675851.0,924.73,925.23
1748212678125.0,924.83,925.33
1748212681282.0,924.73,925.23
1748212685108.0,924.83,925.33
1748212686185.0,924.73,925.23
1748212686871.0,924.83,925.33
1748212687104.0,924.73,925.23
1748212688320.0,924.73,925.23
1748212688546.0,924.83,925.33
1748212696161.0,924.73,925.23
1748212698074.0,924.83,925.33
1748212722476.0,924.73,925.23
1748212723196.0,924.83,925.33
1748212728066.0,924.73,925.23
1748212730901.0,924.83,925.33
1748212741078.0,924.93,925.43
1748212742007.0,924.83,925.33
1748212742202.0,924.93,925.43
1748212743755.0,924.83,925.33
1748212744418.0,924.93,925.43
1748212748182.0,924.83,925.33
1748212748364.0,924.93,925.43
1748212751923.0,924.83,925.33
1748212752677.0,924.73,925.23
1748212756542.0,924.83,925.33
1748212760314.0,924.73,925.23
1748212765255.0,924.83,925.33
1748212769189.0,924.73,925.23
1748212771707.0,924.63,925.13
1748212774960.0,924.53,925.03
1748212775361.0,924.63,925.13
1748212776285.0,924.83,925.33
1748212776506.0,924.73,925.23
1748212782451.0,924.83,925.33
1748212784820.0,924.73,925.23
1748212792059.0,924.83,925.33
1748212792596.0,924.73,925.23
1748212798352.0,924.83,925.33
1748212801674.0,924.73,925.23
1748212816550.0,924.83,925.33
1748212819041.0,924.93,925.43
1748212820124.0,924.83,925.33
1748212821140.0,924.93,925.43
1748212823342.0,924.83,925.33
1748212825035.0,924.93,925.43
1748212826083.0,924.83,925.33
1748212831849.0,924.93,925.43
1748212833264.0,924.83,925.33
1748212834176.0,924.93,925.43
1748212836377.0,925.03,925.53
1748212840452.0,924.93,925.43
1748212845246.0,924.83,925.33
1748212849564.0,925.03,925.53
1748212852466.0,924.93,925.43
1748212859243.0,925.03,925.53
1748212859820.0,924.93,925.43
1748212860660.0,925.03,925.53
1748212868411.0,925.13,925.63
1748212871288.0,925.03,925.53
1748212872264.0,925.13,925.63
1748212872475.0,925.03,925.53
1748212879528.0,924.93,925.43
1748212887191.0,924.83,925.33
1748212889605.0,924.93,925.43
1748212889820.0,924.83,925.33
1748212894703.0,924.73,925.23
1748212905518.0,924.63,925.13
1748212918288.0,924.73,925.23
1748212923350.0,924.63,925.13
1748212932097.0,924.73,925.23
1748212932639.0,924.63,925.13
1748212933494.0,924.73,925.23
1748212933704.0,924.63,925.13
1748212935255.0,924.73,925.23
1748212940469.0,924.63,925.13
1748212941161.0,924.73,925.23
1748212947148.0,924.63,925.13
1748212957038.0,924.73,925.23
1748212964550.0,924.63,925.13
1748212975055.0,924.73,925.23
1748212979032.0,924.83,925.33
1748212979607.0,924.93,925.43
1748212984081.0,924.83,925.33
1748212986648.0,924.93,925.43
1748212987684.0,925.03,925.53
1748212989646.0,925.13,925.63
1748212989849.0,925.03,925.53
1748212990217.0,925.13,925.63
1748212991305.0,925.03,925.53
1748213004998.0,925.13,925.63
1748213005245.0,925.03,925.53
1748213011018.0,924.93,925.43
1748213014409.0,924.83,925.33
1748213017831.0,924.93,925.43
1748213019426.0,924.83,925.33
1748213020845.0,924.93,925.43
1748213026133.0,925.03,925.53
1748213028270.0,924.93,925.43
1748213028900.0,925.03,925.53
1748213043794.0,924.93,925.43
1748213044805.0,925.03,925.53
1748213045466.0,924.93,925.43
1748213054064.0,924.83,925.33
1748213054331.0,924.93,925.43
1748213058468.0,924.83,925.33
1748213064022.0,924.93,925.43
1748213064286.0,924.83,925.33
1748213065202.0,925.03,925.53
1748213081809.0,925.23,925.73
1748213082340.0,925.13,925.63
1748213084503.0,925.23,925.73
1748213084821.0,925.13,925.63
1748213086328.0,925.23,925.73
1748213088230.0,925.13,925.63
1748213089853.0,925.23,925.73
1748213094074.0,925.13,925.63
1748213094295.0,925.23,925.73
1748213095484.0,925.13,925.63
1748213098194.0,925.23,925.73
1748213107669.0,925.43,925.93
1748213109236.0,925.53,926.03
1748213110784.0,925.43,925.93
1748213114977.0,925.53,926.03
1748213116649.0,925.63,926.13
1748213119557.0,925.53,926.03
1748213120169.0,925.63,926.13
1748213120556.0,925.53,926.03
1748213121136.0,925.63,926.13
1748213124134.0,925.73,926.23
1748213125678.0,925.83,926.33
1748213125894.0,925.73,926.23
1748213127222.0,925.83,926.33
1748213128398.0,925.73,926.23
1748213132780.0,925.83,926.33
1748213133225.0,925.73,926.23
1748213133433.0,925.83,926.33
1748213134360.0,925.73,926.23
1748213135504.0,925.83,926.33
1748213135720.0,925.73,926.23
1748213136179.0,925.73,926.23
1748213138166.0,925.83,926.33
1748213138557.0,925.73,926.23
1748213140708.0,925.63,926.13
1748213142724.0,925.73,926.23
1748213143398.0,925.63,926.13
1748213146011.0,925.73,926.23
1748213146223.0,925.63,926.13
1748213147126.0,925.73,926.23
1748213147750.0,925.83,926.33
1748213156331.0,925.73,926.23
1748213158594.0,925.83,926.33
1748213159387.0,925.73,926.23
1748213159602.0,925.83,926.33
1748213160090.0,925.73,926.23
1748213160971.0,925.83,926.33
1748213166562.0,925.73,926.23
1748213167848.0,925.63,926.13
1748213168079.0,925.73,926.23
1748213169163.0,925.63,926.13
1748213169730.0,925.73,926.23
1748213173178.0,925.83,926.33
1748213174016.0,925.73,926.23
1748213174239.0,925.83,926.33
1748213174619.0,925.73,926.23
1748213175091.0,925.63,926.13
1748213177642.0,925.73,926.23
1748213181698.0,925.63,926.13
1748213183213.0,925.73,926.23
1748213184674.0,925.63,926.13
1748213184887.0,925.73,926.23
1748213185349.0,925.63,926.13
1748213186244.0,925.73,926.23
1748213192474.0,925.63,926.13
1748213192700.0,925.73,926.23
1748213193097.0,925.63,926.13
1748213198067.0,925.53,926.03
1748213199028.0,925.63,926.13
1748213202291.0,925.53,926.03
1748213211560.0,925.43,925.93
1748213212456.0,925.53,926.03
1748213213493.0,925.43,925.93
1748213213940.0,925.53,926.03
1748213216380.0,925.43,925.93
1748213237909.0,925.33,925.83
1748213238174.0,925.43,925.93
1748213241262.0,925.33,925.83
1748213241526.0,925.23,925.73
1748213245037.0,925.13,925.63
1748213266327.0,925.03,925.53
1748213270227.0,925.13,925.63
1748213279658.0,925.03,925.53
1748213285478.0,925.13,925.63
1748213286289.0,925.03,925.53
1748213303475.0,925.13,925.63
1748213303929.0,925.23,925.73
1748213309820.0,925.33,925.83
1748213314355.0,925.23,925.73
1748213315126.0,925.33,925.83
1748213316332.0,925.23,925.73
1748213318404.0,925.33,925.83
1748213320561.0,925.23,925.73
1748213325112.0,925.33,925.83
1748213328024.0,925.43,925.93
1748213328205.0,925.33,925.83
1748213328730.0,925.43,925.93
1748213329117.0,925.33,925.83
1748213332718.0,925.23,925.73
1748213350207.0,925.33,925.83
1748213371198.0,925.23,925.73
1748213371416.0,925.33,925.83
1748213371636.0,925.23,925.73
1748213372142.0,925.33,925.83
1748213373619.0,925.23,925.73
1748213374964.0,925.33,925.83
1748213381841.0,925.43,925.93
1748213386590.0,925.73,926.23
1748213391439.0,925.83,926.33
1748213393757.0,925.73,926.23
1748213395122.0,925.83,926.33
1748213395507.0,925.73,926.23
1748213396140.0,925.83,926.33
1748213398374.0,925.93,926.43
1748213398584.0,925.83,926.33
1748213399786.0,925.93,926.43
1748213400498.0,925.83,926.33
1748213401768.0,925.93,926.43
1748213401985.0,926.03,926.53
1748213402783.0,926.13,926.63
1748213403158.0,926.23,926.73
1748213403383.0,926.13,926.63
1748213405304.0,926.23,926.73
1748213405530.0,926.13,926.63
1748213412985.0,926.23,926.73
1748213414457.0,926.13,926.63
1748213415524.0,926.23,926.73
1748213415749.0,926.13,926.63
1748213416706.0,926.23,926.73
1748213421325.0,926.13,926.63
1748213425630.0,926.23,926.73
1748213426836.0,926.13,926.63
1748213427072.0,926.23,926.73
1748213430786.0,926.13,926.63
1748213431717.0,926.03,926.53
1748213433664.0,925.93,926.43
1748213433878.0,925.83,926.33
1748213434237.0,925.93,926.43
1748213435693.0,925.83,926.33
1748213437135.0,925.73,926.23
1748213438153.0,925.63,926.13
1748213438387.0,925.73,926.23
1748213438618.0,925.63,926.13
1748213440187.0,925.53,926.03
1748213441230.0,925.43,925.93
1748213450482.0,925.53,926.03
1748213455938.0,925.63,926.13
1748213456182.0,925.53,926.03
1748213456385.0,925.63,926.13
1748213457085.0,925.53,926.03
1748213458152.0,925.43,925.93
1748213458507.0,925.53,926.03
1748213458957.0,925.43,925.93
1748213463388.0,925.53,926.03
1748213463976.0,925.63,926.13
1748213466059.0,925.53,926.03
1748213467036.0,925.43,925.93
1748213474067.0,925.33,925.83
1748213475027.0,925.23,925.73
1748213477049.0,925.33,925.83
1748213481015.0,925.43,925.93
1748213481210.0,925.33,925.83
1748213486150.0,925.23,925.73
1748213494214.0,925.33,925.83
1748213494915.0,925.23,925.73
1748213497230.0,925.33,925.83
1748213498075.0,925.43,925.93
1748213501865.0,925.53,926.03
1748213505644.0,925.43,925.93
1748213511032.0,925.53,926.03
1748213520384.0,925.43,925.93
1748213521472.0,925.53,926.03
1748213523620.0,925.43,925.93
1748213531684.0,925.33,925.83
1748213540660.0,925.23,925.73
1748213545372.0,925.33,925.83
1748213551429.0,925.43,925.93
1748213552918.0,925.33,925.83
1748213554554.0,925.43,925.93
1748213556445.0,925.33,925.83
1748213559338.0,925.43,925.93
1748213582803.0,925.33,925.83
1748213584898.0,925.43,925.93
1748213589014.0,925.33,925.83
1748213591513.0,925.33,925.83
1748213605203.0,925.43,925.93
1748213614662.0,925.33,925.83
1748213642339.0,925.43,925.93
1748213648770.0,925.53,926.03
1748213671220.0,925.43,925.93
1748213671615.0,925.53,926.03
1748213678737.0,925.43,925.93
1748213679148.0,925.53,926.03
1748213680119.0,925.43,925.93
1748213680330.0,925.53,926.03
1748213681350.0,925.43,925.93
1748213685016.0,925.53,926.03
1748213695632.0,925.63,926.13
1748213700812.0,925.73,926.23
1748213701559.0,925.63,926.13
1748213705569.0,925.73,926.23
1748213706452.0,925.63,926.13
1748213706664.0,925.73,926.23
1748213717798.0,925.83,926.33
1748213719003.0,925.93,926.43
1748213720258.0,925.83,926.33
1748213722678.0,925.93,926.43
1748213727586.0,925.83,926.33
1748213729112.0,925.73,926.23
1748213729330.0,925.83,926.33
1748213745328.0,925.93,926.43
1748213753071.0,925.83,926.33
1748213753630.0,925.73,926.23
1748213758920.0,925.63,926.13
1748213759157.0,925.73,926.23
1748213764945.0,925.83,926.33
1748213772692.0,925.73,926.23
1748213782102.0,925.83,926.33
1748213794010.0,925.73,926.23
1748213795245.0,925.83,926.33
1748213802068.0,925.93,926.43
1748213808233.0,925.83,926.33
1748213810174.0,925.93,926.43
1748213812102.0,925.83,926.33
1748213836258.0,925.73,926.23
1748213840342.0,925.83,926.33
1748213840544.0,925.73,926.23
1748213891714.0,925.63,926.13
1748213894389.0,925.53,926.03
1748213900810.0,925.43,925.93
1748213902148.0,925.53,926.03
1748213902360.0,925.43,925.93
1748213902807.0,925.53,926.03
1748213904058.0,925.43,925.93
1748213909099.0,925.53,926.03
1748213909308.0,925.43,925.93
1748213909725.0,925.53,926.03
1748213910620.0,925.43,925.93
1748213911572.0,925.53,926.03
1748213915674.0,925.43,925.93
1748213917590.0,925.53,926.03
1748213922420.0,925.43,925.93
1748213932718.0,925.53,926.03
1748213934401.0,925.43,925.93
1748213941234.0,925.53,926.03
1748213941599.0,925.43,925.93
1748213942589.0,925.53,926.03
1748213943169.0,925.43,925.93
1748213956474.0,925.53,926.03
1748213956688.0,925.43,925.93
1748213968064.0,925.33,925.83
1748213968161.0,925.23,925.73
1748213972322.0,925.33,925.83
1748213975815.0,925.23,925.73
1748213978624.0,925.33,925.83
1748213979566.0,925.23,925.73
1748213985424.0,925.33,925.83
1748213987172.0,925.23,925.73
1748213987847.0,925.33,925.83
1748213992012.0,925.23,925.73
1748214000783.0,925.33,925.83
1748214001527.0,925.43,925.93
1748214011948.0,925.63,926.13
1748214012178.0,925.53,926.03
1748214014432.0,925.43,925.93
1748214016770.0,925.53,926.03
1748214019179.0,925.63,926.13
1748214020591.0,925.53,926.03
1748214022712.0,925.43,925.93
1748214024881.0,925.53,926.03
1748214061613.0,925.43,925.93
1748214062524.0,925.53,926.03
1748214097443.0,925.63,926.13
1748214097863.0,925.73,926.23
1748214100449.0,925.63,926.13
1748214109155.0,925.53,926.03
1748214113165.0,925.63,926.13
1748214120212.0,925.73,926.23
1748214121122.0,925.63,926.13
1748214123342.0,925.83,926.33
1748214127603.0,925.93,926.43
1748214134338.0,926.03,926.53
1748214134562.0,925.93,926.43
1748214136553.0,926.03,926.53
1748214136758.0,925.93,926.43
1748214137477.0,926.03,926.53
1748214140191.0,926.13,926.63
1748214145692.0,926.03,926.53
1748214146115.0,926.13,926.63
1748214148134.0,926.23,926.73
1748214149598.0,926.13,926.63
1748214149983.0,926.23,926.73
1748214150654.0,926.13,926.63
1748214156800.0,925.93,926.43
1748214164510.0,926.03,926.53
1748214168695.0,925.93,926.43
1748214172198.0,926.03,926.53
1748214172411.0,925.93,926.43
1748214202121.0,925.83,926.33
1748214204178.0,925.73,926.23
1748214204391.0,925.83,926.33
1748214214010.0,925.93,926.43
1748214217649.0,925.83,926.33
1748214222927.0,925.93,926.43
1748214225079.0,925.83,926.33
1748214225465.0,925.93,926.43
1748214228995.0,925.83,926.33
1748214239752.0,925.73,926.23
1748214257393.0,925.83,926.33
1748214269877.0,925.93,926.43
1748214270790.0,925.83,926.33
1748214276626.0,925.93,926.43
1748214282657.0,926.03,926.53
1748214282888.0,925.93,926.43
1748214290695.0,925.83,926.33
1748214290919.0,925.93,926.43
1748214292942.0,925.83,926.33
1748214293166.0,925.93,926.43
1748214293781.0,925.83,926.33
1748214294006.0,925.93,926.43
1748214296758.0,925.83,926.33
1748214301180.0,925.93,926.43
1748214304324.0,926.03,926.53
1748214309491.0,925.93,926.43
1748214310262.0,926.03,926.53
1748214312012.0,925.93,926.43
1748214313355.0,926.03,926.53
1748214315358.0,926.13,926.63
1748214348457.0,926.23,926.73
1748214348673.0,926.13,926.63
1748214348909.0,926.23,926.73
1748214355230.0,926.13,926.63
1748214360064.0,926.33,926.83
1748214361504.0,926.43,926.93
1748214361942.0,926.33,926.83
1748214365310.0,926.43,926.93
1748214365522.0,926.33,926.83
1748214365918.0,926.43,926.93
1748214366153.0,926.33,926.83
1748214366707.0,926.43,926.93
1748214366943.0,926.33,926.83
1748214367393.0,926.43,926.93
1748214369671.0,926.33,926.83
1748214369894.0,926.43,926.93
1748214370467.0,926.33,926.83
1748214371926.0,926.43,926.93
1748214372781.0,926.33,926.83
1748214373005.0,926.23,926.73
1748214380412.0,926.33,926.83
1748214380622.0,926.23,926.73
1748214381653.0,926.33,926.83
1748214382760.0,926.23,926.73
1748214405017.0,926.33,926.83
1748214413224.0,926.23,926.73
1748214420357.0,926.03,926.53
1748214420573.0,925.93,926.43
1748214422351.0,925.83,926.33
1748214422789.0,925.93,926.43
1748214431951.0,925.83,926.33
1748214432730.0,925.93,926.43
1748214446323.0,926.03,926.53
1748214447946.0,925.93,926.43
1748214450056.0,926.03,926.53
1748214450314.0,925.93,926.43
1748214451107.0,926.03,926.53
1748214451884.0,925.93,926.43
1748214463860.0,925.83,926.33
1748214469219.0,925.93,926.43
1748214469855.0,925.83,926.33
1748214481905.0,925.93,926.43
1748214482139.0,925.83,926.33
1748214486611.0,925.93,926.43
1748214487139.0,925.83,926.33
1748214496971.0,925.93,926.43
1748214497196.0,925.83,926.33
1748214517000.0,925.73,926.23
1748214518677.0,925.83,926.33
1748214521810.0,925.63,926.13
1748214523636.0,925.53,926.03
1748214526462.0,925.63,926.13
1748214528382.0,925.73,926.23
1748214534286.0,925.63,926.13
1748214534664.0,925.73,926.23
1748214537022.0,925.63,926.13
1748214540078.0,925.53,926.03
1748214540290.0,925.63,926.13
1748214541810.0,925.73,926.23
1748214543225.0,925.63,926.13
1748214545691.0,925.73,926.23
1748214546671.0,925.63,926.13
1748214548558.0,925.73,926.23
1748214554427.0,925.63,926.13
1748214555101.0,925.73,926.23
1748214574187.0,925.63,926.13
1748214583232.0,925.53,926.03
1748214583441.0,925.43,925.93
1748214584443.0,925.53,926.03
1748214622695.0,925.63,926.13
1748214647549.0,925.53,926.03
1748214649876.0,925.63,926.13
1748214651389.0,925.53,926.03
1748214654697.0,925.63,926.13
1748214657187.0,925.53,926.03
1748214657402.0,925.63,926.13
1748214666554.0,925.73,926.23
1748214680926.0,925.83,926.33
1748214699197.0,925.93,926.43
1748214700561.0,925.83,926.33
1748214701476.0,925.93,926.43
1748214722643.0,926.03,926.53
1748214725411.0,925.93,926.43
1748214744155.0,925.83,926.33
1748214756659.0,925.73,926.23
1748214761324.0,925.83,926.33
1748214764888.0,925.73,926.23
1748214767732.0,925.83,926.33
1748214811152.0,925.73,926.23
1748214811764.0,925.83,926.33
1748214825425.0,925.93,926.43
1748214826350.0,925.83,926.33
1748214847215.0,925.73,926.23
1748214850247.0,925.83,926.33
1748214860893.0,925.73,926.23
1748214861604.0,925.83,926.33
1748214883385.0,925.73,926.23
1748214883768.0,925.83,926.33
1748214904228.0,925.63,926.13
1748214904839.0,925.73,926.23
1748214912614.0,925.63,926.13
1748214913963.0,925.53,926.03
1748214927825.0,925.63,926.13
1748214933173.0,925.53,926.03
1748214940623.0,925.63,926.13
1748214941677.0,925.53,926.03
1748214965491.0,925.43,925.93
1748214985714.0,925.33,925.83
1748214987742.0,925.23,925.73
1748214993178.0,925.33,925.83
1748214994477.0,925.23,925.73
1748214994900.0,925.33,925.83
1748214997716.0,925.23,925.73
1748214998534.0,925.33,925.83
1748215000595.0,925.33,925.83
1748215003067.0,925.23,925.73
1748215006557.0,925.33,925.83
1748215008044.0,925.23,925.73
1748215008557.0,925.33,925.83
1748215021551.0,925.43,925.93
1748215029474.0,925.33,925.83
1748215032021.0,925.43,925.93
1748215032204.0,925.33,925.83
1748215032848.0,925.43,925.93
1748215034545.0,925.33,925.83
1748215036124.0,925.43,925.93
1748215036305.0,925.33,925.83
1748215046396.0,925.43,925.93
1748215098441.0,925.33,925.83
1748215104763.0,925.43,925.93
1748215104943.0,925.33,925.83
1748215112076.0,925.43,925.93
1748215136703.0,925.33,925.83
1748215150660.0,925.43,925.93
1748215151404.0,925.33,925.83
1748215151821.0,925.43,925.93
1748215152389.0,925.33,925.83
1748215164650.0,925.43,925.93
1748215166339.0,925.33,925.83
1748215168893.0,925.43,925.93
1748215192673.0,925.33,925.83
1748215246412.0,925.43,925.93
1748215249367.0,925.33,925.83
1748215350887.0,925.23,925.73
1748215361171.0,925.13,925.63
1748215362735.0,925.23,925.73
1748215390824.0,925.33,925.83
1748215393699.0,925.23,925.73
1748215399484.0,925.33,925.83
1748215417197.0,925.23,925.73
1748215417429.0,925.33,925.83
1748215419953.0,925.23,925.73
1748215425556.0,925.33,925.83
1748215445180.0,925.23,925.73
1748215445506.0,925.33,925.83
1748215445978.0,925.23,925.73
1748215446841.0,925.33,925.83
1748215447604.0,925.23,925.73
1748215455429.0,925.33,925.83
1748215455824.0,925.23,925.73
1748215457672.0,925.33,925.83
1748215494811.0,925.43,925.93
1748215499344.0,925.53,926.03
1748215505472.0,925.43,925.93
1748215505931.0,925.53,926.03
1748215513591.0,925.63,926.13
1748215516902.0,925.73,926.23
1748215518253.0,925.63,926.13
1748215525062.0,925.73,926.23
1748215528332.0,925.63,926.13
1748215528547.0,925.73,926.23
1748215528771.0,925.63,926.13
1748215530073.0,925.73,926.23
1748215537228.0,925.83,926.33
1748215540148.0,925.73,926.23
1748215543355.0,925.83,926.33
1748215545875.0,925.73,926.23
1748215546961.0,925.83,926.33
1748215560605.0,925.93,926.43
1748215562126.0,925.83,926.33
1748215564642.0,925.93,926.43
1748215564855.0,925.83,926.33
1748215579968.0,925.73,926.23
1748215585800.0,925.83,926.33
1748215586642.0,925.73,926.23
1748215587484.0,925.83,926.33
1748215597290.0,925.73,926.23
1748215599367.0,925.63,926.13
1748215599834.0,925.73,926.23
1748215600404.0,925.63,926.13
1748215600794.0,925.73,926.23
1748215601922.0,925.63,926.13
1748215602438.0,925.73,926.23
1748215604537.0,925.63,926.13
1748215624636.0,925.53,926.03
1748215625127.0,925.63,926.13
1748215625340.0,925.53,926.03
1748215626194.0,925.63,926.13
1748215632926.0,925.73,926.23
1748215634298.0,925.63,926.13
1748215635231.0,925.73,926.23
1748215635855.0,925.63,926.13
1748215637076.0,925.73,926.23
1748215642101.0,925.63,926.13
1748215657965.0,925.53,926.03
1748215663979.0,925.63,926.13
1748215665945.0,925.53,926.03
1748215671111.0,925.63,926.13
1748215671322.0,925.53,926.03
1748215676940.0,925.63,926.13
1748215687695.0,925.73,926.23
1748215688905.0,925.63,926.13
1748215698659.0,925.53,926.03
1748215700219.0,925.63,926.13
1748215716293.0,925.73,926.23
1748215719413.0,925.63,926.13
1748215736931.0,925.73,926.23
1748215743910.0,925.63,926.13
1748215745059.0,925.73,926.23
1748215746529.0,925.63,926.13
1748215758118.0,925.73,926.23
1748215759642.0,925.63,926.13
1748215760881.0,925.73,926.23
1748215766590.0,925.63,926.13
1748215791984.0,925.73,926.23
1748215792842.0,925.63,926.13
1748215806510.0,925.53,926.03
1748215808012.0,925.63,926.13
1748215808915.0,925.53,926.03
1748215814881.0,925.63,926.13
1748215815298.0,925.53,926.03
1748215830676.0,925.43,925.93
1748215843828.0,925.33,925.83
1748215846161.0,925.23,925.73
1748215860263.0,925.13,925.63
1748215860491.0,925.23,925.73
1748215873186.0,925.33,925.83
1748215890617.0,925.43,925.93
1748215897826.0,925.53,926.03
1748215898334.0,925.43,925.93
1748215921297.0,925.53,926.03
1748215923653.0,925.63,926.13
1748215923858.0,925.53,926.03
1748215926984.0,925.63,926.13
1748215927948.0,925.73,926.23
1748215928594.0,925.83,926.33
1748215929182.0,925.73,926.23
1748215929806.0,925.83,926.33
1748215932490.0,925.73,926.23
1748215935169.0,925.83,926.33
1748215935381.0,925.73,926.23
1748215951281.0,925.83,926.33
1748215959531.0,925.73,926.23
1748215966875.0,925.83,926.33
1748215967097.0,925.73,926.23
1748215969539.0,925.83,926.33
1748215997541.0,925.73,926.23
1748215998258.0,925.83,926.33
1748216002013.0,925.73,926.23
1748216004390.0,925.83,926.33
1748216011296.0,925.73,926.23
1748216015721.0,925.83,926.33
1748216018762.0,925.73,926.23
1748216022539.0,925.83,926.33
1748216040372.0,925.73,926.23
1748216049484.0,925.63,926.13
1748216049699.0,925.73,926.23
1748216066349.0,925.83,926.33
1748216068374.0,925.73,926.23
1748216070980.0,925.83,926.33
1748216071950.0,925.73,926.23
1748216072772.0,925.83,926.33
1748216074125.0,925.73,926.23
1748216110291.0,925.83,926.33
1748216125196.0,925.73,926.23
1748216126095.0,925.83,926.33
1748216126312.0,925.73,926.23
1748216128546.0,925.83,926.33
1748216129320.0,925.73,926.23
1748216130739.0,925.83,926.33
1748216250332.0,925.93,926.43
1748216251546.0,926.03,926.53
1748216264087.0,925.93,926.43
1748216265175.0,926.03,926.53
1748216283752.0,926.13,926.63
1748216298458.0,926.03,926.53
1748216298836.0,926.13,926.63
1748216327190.0,926.23,926.73
1748216328208.0,926.13,926.63
1748216330127.0,926.23,926.73
1748216330981.0,926.13,926.63
1748216332302.0,926.23,926.73
1748216333316.0,926.33,926.83
1748216336280.0,926.43,926.93
1748216336740.0,926.33,926.83
1748216339594.0,926.43,926.93
1748216340112.0,926.33,926.83
1748216342345.0,926.43,926.93
1748216342557.0,926.33,926.83
1748216342782.0,926.23,926.73
1748216343007.0,926.33,926.83
1748216343233.0,926.23,926.73
1748216344894.0,926.33,926.83
1748216347566.0,926.23,926.73
1748216356900.0,926.33,926.83
1748216362074.0,926.23,926.73
1748216362289.0,926.33,926.83
1748216363176.0,926.23,926.73
1748216373806.0,926.13,926.63
1748216374692.0,926.23,926.73
1748216375151.0,926.23,926.73
1748216375490.0,926.33,926.83
1748216376451.0,926.23,926.73
1748216378843.0,926.33,926.83
1748216379862.0,926.23,926.73
1748216388093.0,926.33,926.83
1748216391503.0,926.23,926.73
1748216393633.0,926.33,926.83
1748216395743.0,926.43,926.93
1748216396768.0,926.33,926.83
1748216404045.0,926.23,926.73
1748216407696.0,926.33,926.83
1748216424136.0,926.23,926.73
1748216448828.0,926.33,926.83
1748216475515.0,926.23,926.73
1748216481292.0,926.33,926.83
1748216495344.0,926.23,926.73
1748216495554.0,926.33,926.83
1748216496777.0,926.23,926.73
1748216503064.0,926.33,926.83
1748216511355.0,926.43,926.93
1748216511678.0,926.33,926.83
1748216517039.0,926.43,926.93
1748216518227.0,926.53,927.03
1748216518432.0,926.43,926.93
1748216519644.0,926.53,927.03
1748216523498.0,926.63,927.13
1748216523715.0,926.53,927.03
1748216524212.0,926.63,927.13
1748216525493.0,926.83,927.33
1748216525941.0,926.73,927.23
1748216531743.0,926.83,927.33
1748216531978.0,926.73,927.23
1748216537626.0,926.83,927.33
1748216548592.0,926.73,927.23
1748216552996.0,926.83,927.33
1748216554362.0,926.73,927.23
1748216556526.0,926.83,927.33
1748216558982.0,926.93,927.43
1748216559459.0,926.83,927.33
1748216559654.0,926.93,927.43
1748216559932.0,926.83,927.33
1748216566875.0,926.73,927.23
1748216567954.0,926.83,927.33
1748216569792.0,926.93,927.43
1748216570711.0,926.83,927.33
1748216570886.0,926.93,927.43
1748216578379.0,926.83,927.33
1748216580543.0,926.93,927.43
1748216596476.0,926.83,927.33
1748216597004.0,926.73,927.23
1748216611517.0,926.63,927.13
1748216611907.0,926.73,927.23
1748216621555.0,926.63,927.13
1748216645120.0,926.73,927.23
1748216646247.0,926.63,927.13
1748216649318.0,926.73,927.23
1748216649530.0,926.63,927.13
1748216652127.0,926.73,927.23
1748216703450.0,926.83,927.33
1748216703699.0,926.73,927.23
1748216704113.0,926.83,927.33
1748216708614.0,926.93,927.43
1748216710596.0,926.83,927.33
1748216710780.0,926.93,927.43
1748216711040.0,926.83,927.33
1748216711657.0,926.93,927.43
1748216713167.0,926.83,927.33
1748216713821.0,926.93,927.43
1748216715324.0,926.83,927.33
1748216716143.0,926.93,927.43
1748216716398.0,926.83,927.33
1748216727838.0,926.73,927.23
1748216728071.0,926.83,927.33
1748216729441.0,926.73,927.23
1748216730332.0,926.83,927.33
1748216731514.0,926.73,927.23
1748216738408.0,926.63,927.13
1748216741313.0,926.53,927.03
1748216745150.0,926.63,927.13
1748216745359.0,926.53,927.03
1748216748295.0,926.63,927.13
1748216749252.0,926.53,927.03
1748216752518.0,926.63,927.13
1748216754180.0,926.53,927.03
1748216756634.0,926.63,927.13
1748216763881.0,926.53,927.03
1748216775272.0,926.73,927.23
1748216776171.0,926.63,927.13
1748216776615.0,926.73,927.23
1748216785416.0,926.63,927.13
1748216790217.0,926.53,927.03
1748216792872.0,926.43,926.93
1748216793684.0,926.53,927.03
1748216794710.0,926.73,927.23
1748216794923.0,926.63,927.13
1748216795569.0,926.73,927.23
1748216796007.0,926.63,927.13
1748216797718.0,926.73,927.23
1748216800454.0,926.93,927.43
1748216801050.0,926.83,927.33
1748216801482.0,926.83,927.33
1748216801778.0,926.93,927.43
1748216802744.0,926.83,927.33
1748216807681.0,926.93,927.43
1748216807896.0,926.83,927.33
1748216809390.0,926.73,927.23
1748216810444.0,926.83,927.33
1748216811880.0,926.73,927.23
1748216812443.0,926.83,927.33
1748216813066.0,926.73,927.23
1748216813275.0,926.83,927.33
1748216815587.0,926.73,927.23
1748216815811.0,926.83,927.33
1748216817153.0,926.73,927.23
1748216820563.0,926.83,927.33
1748216820789.0,926.73,927.23
1748216821012.0,926.83,927.33
1748216821237.0,926.73,927.23
1748216823549.0,926.63,927.13
1748216823773.0,926.73,927.23
1748216859337.0,926.63,927.13
1748216861401.0,926.53,927.03
1748216877088.0,926.63,927.13
1748216877300.0,926.53,927.03
1748216878611.0,926.63,927.13
1748216881234.0,926.53,927.03
1748216895454.0,926.63,927.13
1748216896105.0,926.53,927.03
1748216899486.0,926.63,927.13
1748216915524.0,926.53,927.03
1748216918030.0,926.43,926.93
1748216918131.0,926.33,926.83
1748216918468.0,926.43,926.93
1748216918915.0,926.33,926.83
1748216919529.0,926.43,926.93
1748216928815.0,926.33,926.83
1748216930154.0,926.43,926.93
1748216931411.0,926.33,926.83
1748216933140.0,926.43,926.93
1748216938574.0,926.33,926.83
1748216941272.0,926.23,926.73
1748216944276.0,926.33,926.83
1748216945482.0,926.23,926.73
1748216947212.0,926.33,926.83
1748216964241.0,926.23,926.73
1748216971820.0,926.33,926.83
1748216973350.0,926.23,926.73
1748217007430.0,926.33,926.83
1748217009690.0,926.43,926.93
1748217010472.0,926.33,926.83
1748217015530.0,926.43,926.93
1748217022835.0,926.33,926.83
1748217037920.0,926.43,926.93
1748217041098.0,926.33,926.83
1748217045999.0,926.43,926.93
1748217051041.0,926.33,926.83
1748217062677.0,926.23,926.73
1748217082591.0,926.13,926.63
1748217096958.0,926.03,926.53
1748217100001.0,926.13,926.63
1748217104342.0,926.03,926.53
1748217108878.0,926.23,926.73
1748217113140.0,926.33,926.83
1748217114263.0,926.23,926.73
1748217121412.0,926.13,926.63
1748217133669.0,926.03,926.53
1748217149918.0,925.83,926.33
1748217168824.0,925.73,926.23
1748217169383.0,925.83,926.33
1748217170201.0,925.73,926.23
1748217170418.0,925.83,926.33
1748217175702.0,925.93,926.43
1748217177226.0,926.03,926.53
1748217178407.0,926.03,926.53
1748217182124.0,925.93,926.43
1748217192178.0,925.83,926.33
1748217201042.0,925.93,926.43
1748217201251.0,925.83,926.33
1748217208943.0,925.93,926.43
1748217209467.0,925.83,926.33
1748217210538.0,925.93,926.43
1748217210748.0,925.83,926.33
1748217238416.0,925.73,926.23
1748217247506.0,925.83,926.33
1748217247903.0,925.73,926.23
1748217249248.0,925.83,926.33
1748217250526.0,925.73,926.23
1748217250740.0,925.83,926.33
1748217251346.0,925.73,926.23
1748217251572.0,925.83,926.33
1748217252557.0,925.73,926.23
1748217253578.0,925.83,926.33
1748217256909.0,925.73,926.23
1748217257314.0,925.83,926.33
1748217269870.0,925.73,926.23
1748217277266.0,925.83,926.33
1748217289909.0,925.73,926.23
1748217290134.0,925.83,926.33
1748217293065.0,925.73,926.23
1748217298293.0,925.83,926.33
1748217301028.0,925.73,926.23
1748217323619.0,925.63,926.13
1748217324516.0,925.73,926.23
1748217325223.0,925.63,926.13
1748217328155.0,925.73,926.23
1748217352287.0,925.83,926.33
1748217361062.0,925.93,926.43
1748217361265.0,925.83,926.33
1748217381892.0,925.93,926.43
1748217386853.0,925.83,926.33
1748217387475.0,925.93,926.43
1748217389896.0,925.83,926.33
1748217397437.0,925.93,926.43
1748217409723.0,926.03,926.53
1748217409938.0,925.93,926.43
1748217410171.0,926.03,926.53
1748217414776.0,925.93,926.43
1748217474975.0,926.03,926.53
1748217475369.0,925.93,926.43
1748217477925.0,926.03,926.53
1748217479303.0,925.93,926.43
1748217479529.0,926.03,926.53
1748217488426.0,925.93,926.43
1748217488637.0,926.03,926.53
1748217509166.0,925.93,926.43
1748217511531.0,926.03,926.53
1748217511753.0,925.93,926.43
1748217520956.0,926.03,926.53
1748217522465.0,925.93,926.43
1748217535696.0,926.03,926.53
1748217541168.0,925.93,926.43
1748217550113.0,926.03,926.53
1748217557364.0,925.93,926.43
1748217559725.0,926.03,926.53
1748217565271.0,925.93,926.43
1748217566818.0,926.03,926.53
1748217571523.0,925.93,926.43
1748217572227.0,926.03,926.53
1748217572850.0,925.93,926.43
1748217573086.0,926.03,926.53
1748217581708.0,926.13,926.63
1748217586712.0,926.23,926.73
1748217587460.0,926.13,926.63
1748217587885.0,926.23,926.73
1748217588307.0,926.13,926.63
1748217595517.0,926.03,926.53
1748217598155.0,926.13,926.63
1748217600545.0,926.23,926.73
1748217600784.0,926.13,926.63
1748217601733.0,926.23,926.73
1748217604816.0,926.33,926.83
1748217605128.0,926.23,926.73
1748217606297.0,926.33,926.83
1748217606522.0,926.23,926.73
1748217609822.0,926.33,926.83
1748217621540.0,926.23,926.73
1748217622564.0,926.13,926.63
1748217623237.0,926.03,926.53
1748217623452.0,925.93,926.43
1748217623680.0,926.03,926.53
1748217623903.0,925.93,926.43
1748217625546.0,925.83,926.33
1748217631044.0,925.73,926.23
1748217632305.0,925.83,926.33
1748217633265.0,925.73,926.23
1748217634424.0,925.63,926.13
1748217636474.0,925.73,926.23
1748217637337.0,925.63,926.13
1748217637560.0,925.73,926.23
1748217638756.0,925.63,926.13
1748217640382.0,925.73,926.23
1748217644878.0,925.63,926.13
1748217645605.0,925.73,926.23
1748217645816.0,925.83,926.33
1748217646609.0,925.73,926.23
1748217649304.0,925.63,926.13
1748217651301.0,925.73,926.23
1748217656601.0,925.63,926.13
1748217665826.0,925.53,926.03
1748217666104.0,925.63,926.13
1748217666322.0,925.53,926.03
1748217668227.0,925.63,926.13
1748217673046.0,925.53,926.03
1748217673260.0,925.63,926.13
1748217674072.0,925.53,926.03
1748217676680.0,925.63,926.13
1748217680097.0,925.53,926.03
1748217680605.0,925.63,926.13
1748217687707.0,925.73,926.23
1748217687935.0,925.63,926.13
1748217690643.0,925.73,926.23
1748217691890.0,925.63,926.13
1748217701908.0,925.73,926.23
1748217710368.0,925.83,926.33
1748217710814.0,925.73,926.23
1748217711215.0,925.83,926.33
1748217716813.0,925.93,926.43
1748217718155.0,926.03,926.53
1748217719634.0,926.13,926.63
1748217721275.0,926.33,926.83
1748217721838.0,926.23,926.73
1748217723058.0,926.33,926.83
1748217723536.0,926.23,926.73
1748217725468.0,926.13,926.63
1748217725936.0,926.23,926.73
1748217729916.0,926.33,926.83
1748217731126.0,926.23,926.73
1748217731337.0,926.33,926.83
1748217736606.0,926.23,926.73
1748217742879.0,926.13,926.63
1748217763613.0,926.03,926.53
1748217766220.0,926.13,926.63
1748217777201.0,926.03,926.53
1748217779313.0,925.93,926.43
1748217780442.0,926.03,926.53
1748217781137.0,925.93,926.43
1748217783563.0,925.83,926.33
1748217790993.0,925.73,926.23
1748217791714.0,925.83,926.33
1748217793495.0,925.73,926.23
1748217794716.0,925.83,926.33
1748217800761.0,925.93,926.43
1748217800970.0,925.83,926.33
1748217810515.0,925.73,926.23
1748217811287.0,925.83,926.33
1748217811682.0,925.73,926.23
1748217812295.0,925.83,926.33
1748217813325.0,925.73,926.23
1748217813712.0,925.83,926.33
1748217813928.0,925.73,926.23
1748217823687.0,925.83,926.33
1748217831768.0,925.73,926.23
1748217831992.0,925.83,926.33
1748217841696.0,925.93,926.43
1748217843217.0,926.03,926.53
1748217843645.0,925.93,926.43
1748217843868.0,926.03,926.53
1748217845795.0,925.93,926.43
1748217847365.0,926.03,926.53
1748217850898.0,926.13,926.63
1748217851132.0,926.03,926.53
1748217851642.0,926.13,926.63
1748217855168.0,926.03,926.53
1748217855487.0,926.13,926.63
1748217863335.0,926.03,926.53
1748217863547.0,926.13,926.63
1748217872972.0,926.03,926.53
1748217873867.0,925.93,926.43
1748217881180.0,926.03,926.53
1748217882167.0,925.93,926.43
1748217886488.0,926.03,926.53
1748217886701.0,925.93,926.43
1748217887443.0,926.03,926.53
1748217887645.0,925.93,926.43
1748217890482.0,926.03,926.53
1748217890699.0,925.93,926.43
1748217894104.0,926.03,926.53
1748217894321.0,925.93,926.43
1748217897669.0,925.83,926.33
1748217898122.0,925.93,926.43
1748217898332.0,925.83,926.33
1748217899101.0,925.93,926.43
1748217901885.0,926.03,926.53
1748217907196.0,926.13,926.63
1748217908181.0,926.03,926.53
1748217911311.0,926.13,926.63
1748217915525.0,926.03,926.53
1748217927323.0,925.93,926.43
1748217929237.0,926.03,926.53
1748217936249.0,926.13,926.63
1748217940554.0,926.03,926.53
1748217940767.0,926.13,926.63
1748217942351.0,926.23,926.73
1748217943586.0,926.43,926.93
1748217959771.0,926.53,927.03
1748217962584.0,926.63,927.13
1748217963011.0,926.53,927.03
1748217963877.0,926.63,927.13
1748217973602.0,926.73,927.23
1748217974416.0,926.83,927.33
1748217976999.0,926.73,927.23
1748217979360.0,926.63,927.13
1748217979576.0,926.73,927.23
1748217981097.0,926.63,927.13
1748217981311.0,926.73,927.23
1748217981580.0,926.63,927.13
1748217984042.0,926.73,927.23
1748217985426.0,926.63,927.13
1748217986251.0,926.73,927.23
1748217986460.0,926.63,927.13
1748217993104.0,926.73,927.23
1748217995893.0,926.83,927.33
1748217996397.0,926.73,927.23
1748218014895.0,926.83,927.33
1748218015119.0,926.73,927.23
1748218016884.0,926.83,927.33
1748218017613.0,926.73,927.23
1748218018153.0,926.83,927.33
1748218018368.0,926.73,927.23
1748218018591.0,926.83,927.33
1748218019280.0,926.73,927.23
1748218019493.0,926.83,927.33
1748218019864.0,926.73,927.23
1748218020099.0,926.83,927.33
1748218022708.0,926.93,927.43
1748218023617.0,926.83,927.33
1748218024651.0,926.93,927.43
1748218026022.0,926.83,927.33
1748218032660.0,926.73,927.23
1748218033486.0,926.63,927.13
1748218036220.0,926.73,927.23
1748218043491.0,926.63,927.13
1748218046459.0,926.53,927.03
1748218046657.0,926.63,927.13
1748218056130.0,926.73,927.23
1748218057441.0,926.63,927.13
1748218067492.0,926.53,927.03
1748218071346.0,926.63,927.13
1748218072117.0,926.53,927.03
1748218073782.0,926.63,927.13
1748218075022.0,926.53,927.03
1748218075511.0,926.63,927.13
1748218082366.0,926.73,927.23
1748218083725.0,926.63,927.13
1748218084190.0,926.73,927.23
1748218086538.0,926.63,927.13
1748218086932.0,926.73,927.23
1748218096075.0,926.83,927.33
1748218105382.0,926.73,927.23
1748218105594.0,926.83,927.33
1748218109601.0,926.93,927.43
1748218126686.0,927.03,927.53
1748218131989.0,927.23,927.73
1748218135059.0,927.33,927.83
1748218135746.0,927.43,927.93
1748218140362.0,927.33,927.83
1748218141127.0,927.43,927.93
1748218141721.0,927.33,927.83
1748218146335.0,927.43,927.93
1748218178635.0,927.53,928.03
1748218178855.0,927.43,927.93
1748218179875.0,927.33,927.83
1748218182864.0,927.23,927.73
1748218183267.0,927.33,927.83
1748218183826.0,927.23,927.73
1748218189270.0,927.33,927.83
1748218191263.0,927.43,927.93
1748218193279.0,927.33,927.83
1748218197518.0,927.23,927.73
1748218200799.0,927.13,927.63
1748218230975.0,927.23,927.73
1748218232618.0,927.13,927.63
1748218237292.0,927.03,927.53
1748218240181.0,926.93,927.43
1748218268097.0,926.83,927.33
1748218272208.0,926.73,927.23
1748218278518.0,926.63,927.13
1748218284236.0,926.53,927.03
1748218284832.0,926.63,927.13
1748218285070.0,926.53,927.03
1748218285282.0,926.63,927.13
1748218291007.0,926.73,927.23
1748218298488.0,926.63,927.13
1748218298716.0,926.73,927.23
1748218299113.0,926.63,927.13
1748218299705.0,926.73,927.23
1748218299942.0,926.63,927.13
1748218300191.0,926.73,927.23
1748218301766.0,926.83,927.33
1748218301991.0,926.73,927.23
1748218303103.0,926.83,927.33
1748218306298.0,926.73,927.23
1748218307731.0,926.83,927.33
1748218312478.0,926.73,927.23
1748218350497.0,926.83,927.33
1748218358200.0,926.73,927.23
1748218375484.0,926.63,927.13
1748218377323.0,926.73,927.23
1748218379329.0,926.53,927.03
1748218379544.0,926.63,927.13
1748218379765.0,926.53,927.03
1748218390545.0,926.63,927.13
1748218393790.0,926.53,927.03
1748218395300.0,926.63,927.13
1748218395954.0,926.53,927.03
1748218400329.0,926.63,927.13
1748218401169.0,926.53,927.03
1748218401386.0,926.63,927.13
1748218402156.0,926.53,927.03
1748218412512.0,926.63,927.13
1748218417347.0,926.53,927.03
1748218417744.0,926.63,927.13
1748218421525.0,926.53,927.03
1748218444541.0,926.63,927.13
1748218444754.0,926.53,927.03
1748218447308.0,926.63,927.13
1748218447520.0,926.53,927.03
1748218450106.0,926.43,926.93
1748218452080.0,926.63,927.13
1748218463846.0,926.83,927.33
1748218467676.0,926.73,927.23
1748218468473.0,926.83,927.33
1748218473890.0,926.73,927.23
1748218474447.0,926.83,927.33
1748218493707.0,927.03,927.53
1748218501492.0,927.13,927.63
1748218501770.0,927.03,927.53
1748218502369.0,927.13,927.63
1748218503871.0,927.23,927.73
1748218505385.0,927.13,927.63
1748218507187.0,927.23,927.73
1748218509587.0,927.33,927.83
1748218510205.0,927.43,927.93
1748218510487.0,928.13,928.63
1748218511087.0,927.73,928.23
1748218511504.0,928.03,928.53
1748218512398.0,927.83,928.33
1748218512698.0,928.13,928.63
1748218513074.0,928.03,928.53
1748218513545.0,927.83,928.33
1748218514143.0,927.63,928.13
1748218515679.0,927.83,928.33
1748218516277.0,927.93,928.43
1748218516580.0,928.33,928.83
1748218517178.0,928.23,928.73
1748218517478.0,928.33,928.83
1748218518550.0,928.23,928.73
1748218519451.0,928.13,928.63
1748218520026.0,928.03,928.53
1748218520251.0,928.13,928.63
1748218520638.0,928.33,928.83
1748218521682.0,928.73,929.23
1748218521908.0,928.83,929.33
1748218522132.0,928.73,929.23
1748218523423.0,929.23,929.73
1748218523636.0,929.03,929.53
1748218524864.0,928.93,929.43
1748218525090.0,929.13,929.63
1748218525542.0,929.23,929.73
1748218526666.0,929.13,929.63
1748218526893.0,929.23,929.73
1748218527341.0,929.13,929.63
1748218527789.0,928.93,929.43
1748218528465.0,928.83,929.33
1748218530620.0,928.93,929.43
1748218531798.0,929.33,929.83
1748218533987.0,929.43,929.93
1748218534453.0,929.63,930.13
1748218535179.0,929.93,930.43
1748218536900.0,930.13,930.63
1748218537568.0,930.33,930.83
1748218538727.0,930.13,930.63
1748218540917.0,929.93,930.43
1748218543679.0,930.13,930.63
1748218544186.0,930.33,930.83
1748218546389.0,930.53,931.03
1748218546983.0,930.63,931.13
1748218547219.0,930.83,931.33
1748218551970.0,930.93,931.43
1748218552191.0,931.13,931.63
1748218553110.0,931.03,931.53
1748218553337.0,931.23,931.73
1748218553782.0,931.13,931.63
1748218554010.0,931.23,931.73
1748218554236.0,931.33,931.83
1748218555485.0,931.43,931.93
1748218556488.0,931.53,932.03
1748218556937.0,931.63,932.13
1748218557576.0,931.73,932.23
1748218557830.0,931.83,932.33
1748218558074.0,931.73,932.23
1748218558298.0,931.63,932.13
1748218559459.0,931.83,932.33
1748218561570.0,932.13,932.63
1748218562299.0,932.33,932.83
1748218562743.0,932.43,932.93
1748218563844.0,932.33,932.83
1748218564069.0,932.43,932.93
1748218565406.0,932.33,932.83
1748218565888.0,932.43,932.93
1748218566333.0,932.63,933.13
1748218568231.0,932.63,933.13
1748218569797.0,932.93,933.43
1748218570640.0,932.83,933.33
1748218570865.0,932.93,933.43
1748218572789.0,933.13,933.63
1748218573785.0,933.23,933.73
1748218574037.0,933.13,933.63
1748218575132.0,932.93,933.43
1748218576069.0,932.83,933.33
1748218576292.0,932.93,933.43
1748218576519.0,933.23,933.73
1748218576745.0,933.33,933.83
1748218579570.0,933.43,933.93
1748218581884.0,933.53,934.03
1748218582111.0,933.43,933.93
1748218582696.0,933.53,934.03
1748218582919.0,933.43,933.93
1748218583609.0,933.63,934.13
1748218584060.0,933.93,934.43
1748218584548.0,933.83,934.33
1748218584795.0,933.83,934.33
1748218584990.0,933.63,934.13
1748218585637.0,932.83,933.33
1748218585863.0,932.53,933.03
1748218586315.0,932.63,933.13
1748218586542.0,932.23,932.73
1748218587028.0,932.03,932.53
1748218587352.0,931.93,932.43
1748218587578.0,931.83,932.33
1748218588299.0,931.63,932.13
1748218588773.0,931.83,932.33
1748218589628.0,931.63,932.13
1748218591682.0,931.83,932.33
1748218592952.0,931.93,932.43
1748218593175.0,932.03,932.53
1748218593400.0,932.13,932.63
1748218593624.0,932.43,932.93
1748218595372.0,932.33,932.83
1748218596145.0,932.23,932.73
1748218597812.0,932.43,932.93
1748218598044.0,932.53,933.03
1748218598259.0,932.43,932.93
1748218598898.0,932.83,933.33
1748218599120.0,933.03,933.53
1748218599345.0,932.93,933.43
1748218599821.0,932.83,933.33
1748218600305.0,932.73,933.23
1748218600721.0,932.63,933.13
1748218600946.0,932.53,933.03
1748218601394.0,932.43,932.93
1748218602395.0,932.63,933.13
1748218603660.0,932.93,933.43
1748218603883.0,932.83,933.33
1748218605448.0,932.63,933.13
1748218605673.0,932.73,933.23
1748218605902.0,932.83,933.33
1748218606125.0,932.73,933.23
1748218607529.0,932.63,933.13
1748218608493.0,932.83,933.33
1748218609429.0,933.03,933.53
1748218609627.0,933.13,933.63
1748218613966.0,933.33,933.83
1748218614413.0,933.43,933.93
1748218614884.0,933.63,934.13
1748218615488.0,933.83,934.33
1748218616180.0,933.63,934.13
1748218616785.0,933.83,934.33
1748218618721.0,933.63,934.13
1748218619393.0,933.43,933.93
1748218619617.0,933.63,934.13
1748218619850.0,933.43,933.93
1748218620528.0,933.53,934.03
1748218621048.0,933.63,934.13
1748218621641.0,933.83,934.33
1748218622525.0,933.63,934.13
1748218624823.0,933.33,933.83
1748218628366.0,932.83,933.33
1748218628590.0,932.73,933.23
1748218628816.0,932.83,933.33
1748218629043.0,932.93,933.43
1748218629268.0,933.13,933.63
1748218631024.0,933.43,933.93
1748218632292.0,933.63,934.13
1748218633005.0,933.83,934.33
1748218633527.0,933.43,933.93
1748218634787.0,933.63,934.13
1748218636189.0,933.83,934.33
1748218637700.0,933.63,934.13
1748218639294.0,933.93,934.43
1748218640681.0,933.83,934.33
1748218645096.0,933.63,934.13
1748218645257.0,933.73,934.23
1748218645672.0,933.83,934.33
1748218646353.0,933.53,934.03
1748218647286.0,933.43,933.93
1748218647706.0,933.33,933.83
1748218649403.0,933.43,933.93
1748218650558.0,933.23,933.73
1748218653992.0,933.43,933.93
1748218655973.0,933.23,933.73
1748218658939.0,933.13,933.63
1748218659166.0,933.03,933.53
1748218659688.0,933.13,933.63
1748218659904.0,933.03,933.53
1748218660132.0,932.93,933.43
1748218660587.0,933.13,933.63
1748218660809.0,933.03,933.53
1748218661041.0,933.13,933.63
1748218664265.0,933.03,933.53
1748218664479.0,932.93,933.43
1748218668287.0,933.13,933.63
1748218668938.0,932.93,933.43
1748218674835.0,933.03,933.53
1748218675281.0,932.93,933.43
1748218679376.0,932.73,933.23
1748218680543.0,932.63,933.13
1748218681020.0,932.53,933.03
1748218682377.0,932.63,933.13
1748218682792.0,932.53,933.03
1748218692078.0,932.63,933.13
1748218692514.0,932.43,932.93
1748218695598.0,932.33,932.83
1748218696156.0,932.23,932.73
1748218697878.0,932.13,932.63
1748218701148.0,932.23,932.73
1748218703281.0,932.13,932.63
1748218706372.0,931.93,932.43
1748218710596.0,931.83,932.33
1748218715120.0,931.73,932.23
1748218732585.0,931.93,932.43
1748218736251.0,931.73,932.23
1748218737105.0,931.63,932.13
1748218740547.0,931.43,931.93
1748218742723.0,931.13,931.63
1748218743397.0,931.23,931.73
1748218743622.0,931.43,931.93
1748218744293.0,931.53,932.03
1748218746319.0,931.63,932.13
1748218748044.0,931.43,931.93
1748218757847.0,931.53,932.03
1748218758744.0,931.63,932.13
1748218760202.0,931.53,932.03
1748218761266.0,931.63,932.13
1748218770689.0,931.73,932.23
1748218772766.0,931.93,932.43
1748218773823.0,932.13,932.63
1748218774639.0,931.93,932.43
1748218777340.0,931.73,932.23
1748218780741.0,931.83,932.33
1748218781693.0,931.93,932.43
1748218785693.0,932.03,932.53
1748218786629.0,932.13,932.63
1748218800294.0,931.93,932.43
1748218812606.0,931.83,932.33
1748218813892.0,931.73,932.23
1748218815659.0,931.83,932.33
1748218822172.0,931.73,932.23
1748218822396.0,931.83,932.33
1748218823683.0,931.93,932.43
1748218830619.0,931.73,932.23
1748218831645.0,931.83,932.33
1748218833545.0,931.73,932.23
1748218840820.0,931.63,932.13
1748218845629.0,931.53,932.03
1748218846227.0,931.63,932.13
1748218846440.0,931.53,932.03
1748218852094.0,931.63,932.13
1748218860619.0,931.43,931.93
1748218861478.0,931.53,932.03
1748218870365.0,931.43,931.93
1748218875609.0,931.33,931.83
1748218877302.0,931.23,931.73
1748218877529.0,931.33,931.83
1748218880062.0,931.23,931.73
1748218881648.0,931.13,931.63
1748218887540.0,931.23,931.73
1748218888754.0,931.33,931.83
1748218888976.0,931.23,931.73
1748218892299.0,931.13,931.63
1748218892522.0,931.23,931.73
1748218893571.0,931.13,931.63
1748218894285.0,931.23,931.73
1748218898166.0,931.13,931.63
1748218898471.0,931.23,931.73
1748218902170.0,931.43,931.93
1748218905018.0,931.63,932.13
1748218966441.0,931.73,932.23
1748218980184.0,931.93,932.43
1748218987385.0,932.13,932.63
1748219007912.0,931.93,932.43
1748219008362.0,932.13,932.63
1748219010696.0,932.23,932.73
1748219033232.0,932.13,932.63
1748219037265.0,931.93,932.43
1748219040513.0,931.73,932.23
1748219058980.0,931.63,932.13
1748219073775.0,931.43,931.93
1748219074895.0,931.23,931.73
1748219089966.0,931.43,931.93
1748219091791.0,931.33,931.83
1748219095424.0,931.23,931.73
1748219097709.0,931.13,931.63
1748219098665.0,931.23,931.73
1748219099357.0,931.33,931.83
1748219099608.0,931.43,931.93
1748219100047.0,931.53,932.03
1748219100271.0,931.63,932.13
1748219101414.0,931.43,931.93
1748219107453.0,931.23,931.73
1748219118794.0,931.43,931.93
1748219120040.0,931.23,931.73
1748219143651.0,931.13,931.63
1748219156144.0,931.03,931.53
1748219168609.0,930.93,931.43
1748219169492.0,930.83,931.33
1748219169990.0,930.73,931.23
1748219172414.0,930.63,931.13
1748219174252.0,930.53,931.03
1748219175643.0,930.33,930.83
1748219176928.0,930.23,930.73
1748219177721.0,930.13,930.63
1748219179326.0,930.03,930.53
1748219179700.0,929.83,930.33
1748219192173.0,930.03,930.53
1748219251140.0,929.93,930.43
1748219251361.0,929.83,930.33
1748219280482.0,929.73,930.23
1748219282922.0,929.83,930.33
1748219289868.0,930.03,930.53
1748219310700.0,929.83,930.33
1748219310926.0,929.73,930.23
1748219312581.0,929.83,930.33
1748219327694.0,930.03,930.53
1748219332577.0,929.73,930.23
1748219348955.0,929.53,930.03
1748219369111.0,929.73,930.23
1748219371318.0,929.53,930.03
1748219375712.0,929.73,930.23
1748219388989.0,929.83,930.33
1748219400736.0,929.93,930.43
1748219401434.0,930.03,930.53
1748219424971.0,929.93,930.43
1748219427074.0,929.83,930.33
1748219427770.0,929.93,930.43
1748219435671.0,929.83,930.33
1748219440342.0,929.73,930.23
1748219456317.0,929.53,930.03
1748219488033.0,929.43,929.93
1748219488245.0,929.33,929.83
1748219497129.0,929.53,930.03
1748219540578.0,929.43,929.93
1748219549409.0,929.53,930.03
1748219554489.0,929.33,929.83
1748219580510.0,929.23,929.73
1748219686440.0,929.43,929.93
1748219690533.0,929.33,929.83
1748219701399.0,929.23,929.73
1748219764102.0,929.03,929.53
1748219785354.0,928.93,929.43
1748219785758.0,929.03,929.53
1748219790550.0,928.93,929.43
1748219793569.0,929.03,929.53
1748219876596.0,929.23,929.73
1748219878680.0,929.43,929.93
1748219920454.0,929.23,929.73
1748219939082.0,929.43,929.93
1748219964562.0,929.53,930.03
1748219966361.0,929.63,930.13
1748220096558.0,929.43,929.93
1748220096782.0,929.23,929.73
1748220103772.0,929.13,929.63
1748220258440.0,929.33,929.83
1748220264396.0,929.43,929.93
1748220341752.0,929.53,930.03
1748220346383.0,929.63,930.13
1748220351557.0,929.93,930.43
1748220376388.0,930.03,930.53
1748220377919.0,929.93,930.43
1748220383055.0,930.03,930.53
1748220387113.0,930.13,930.63
1748220387330.0,930.03,930.53
1748220387556.0,929.93,930.43
1748220420562.0,929.63,930.13
1748220428002.0,929.73,930.23
1748220512825.0,929.93,930.43
1748220540982.0,929.73,930.23
1748220553737.0,929.63,930.13
1748220587232.0,929.53,930.03
1748220587449.0,929.43,929.93
1748220600511.0,929.23,929.73
1748220624331.0,929.13,929.63
1748220624556.0,929.23,929.73
1748220628097.0,929.13,929.63
1748220629761.0,929.03,929.53
1748220634572.0,929.23,929.73
1748220646035.0,929.33,929.83
1748220646257.0,929.13,929.63
1748220660613.0,929.03,929.53
1748220671815.0,929.13,929.63
1748220672266.0,929.03,929.53
1748220675903.0,928.93,929.43
1748220705252.0,928.83,929.33
1748220715240.0,928.93,929.43
1748220729036.0,928.83,929.33
1748220759089.0,928.73,929.23
1748220759750.0,928.63,929.13
1748220760159.0,928.53,929.03
1748220760809.0,928.43,928.93
1748220761340.0,928.33,928.83
1748220805059.0,928.43,928.93
1748220840759.0,928.33,928.83
1748220842035.0,928.43,928.93
1748220847415.0,928.33,928.83
1748220884536.0,928.13,928.63
1748220907289.0,928.33,928.83
1748220937125.0,928.13,928.63
1748220940198.0,928.23,928.73
1748220944219.0,928.13,928.63
1748220954912.0,927.93,928.43
1748220957298.0,928.13,928.63
1748220977089.0,928.33,928.83
1748220982287.0,928.43,928.93
1748220983166.0,928.33,928.83
1748220984750.0,928.43,928.93
1748220997285.0,928.63,929.13
1748220997954.0,928.43,928.93
1748220999461.0,928.53,929.03
1748220999685.0,928.63,929.13
1748221013164.0,928.43,928.93
1748221046386.0,928.63,929.13
1748221057230.0,928.83,929.33
1748221123723.0,928.73,929.23
1748221123948.0,928.63,929.13
1748221134760.0,928.83,929.33
1748221136012.0,928.93,929.43
1748221148687.0,929.13,929.63
1748221185177.0,928.93,929.43
1748221193528.0,928.83,929.33
1748221195673.0,928.93,929.43
1748221205447.0,928.83,929.33
1748221213965.0,928.93,929.43
1748221217640.0,928.83,929.33
1748221226573.0,928.63,929.13
1748221230100.0,928.83,929.33
1748221243475.0,928.73,929.23
1748221246676.0,928.43,928.93
1748221276267.0,928.63,929.13
1748221323188.0,928.43,928.93
1748221400514.0,928.23,928.73
1748221557095.0,928.33,928.83
1748221560667.0,928.23,928.73
1748221562198.0,928.43,928.93
1748221754557.0,928.53,929.03
1748221756261.0,928.43,928.93
1748221757985.0,928.63,929.13
1748221770044.0,928.83,929.33
1748221792040.0,928.73,929.23
1748221792654.0,928.83,929.33
1748221826967.0,928.93,929.43
1748221827192.0,928.83,929.33
1748221827419.0,928.93,929.43
1748221878835.0,929.13,929.63
1748221941652.0,928.93,929.43
1748221950351.0,929.03,929.53
1748221950585.0,929.13,929.63
1748221950803.0,928.93,929.43
1748221954731.0,929.03,929.53
1748221958445.0,929.13,929.63
1748222002020.0,929.23,929.73
1748222005762.0,929.33,929.83
1748222005989.0,929.13,929.63
1748222010197.0,928.93,929.43
1748222012954.0,928.83,929.33
1748222111541.0,929.63,930.13
1748222116907.0,929.53,930.03
1748222118838.0,929.43,929.93
1748222119058.0,929.33,929.83
1748222120998.0,929.13,929.63
1748222127376.0,929.23,929.73
1748222131957.0,929.33,929.83
1748222132196.0,929.23,929.73
1748222133070.0,929.33,929.83
1748222142501.0,929.43,929.93
1748222151706.0,929.33,929.83
1748222166946.0,929.43,929.93
1748222167045.0,929.53,930.03
1748222168286.0,929.43,929.93
1748222168763.0,929.53,930.03
1748222182865.0,929.43,929.93
1748222197573.0,929.53,930.03
1748222197797.0,929.43,929.93
1748222212791.0,929.33,929.83
1748222214627.0,929.43,929.93
1748222219252.0,929.33,929.83
1748222261922.0,929.43,929.93
1748222271068.0,929.33,929.83
1748222275501.0,929.43,929.93
1748222277053.0,929.33,929.83
1748222303881.0,929.43,929.93
1748222340754.0,929.33,929.83
1748222497309.0,929.13,929.63
1748222511739.0,928.93,929.43
1748222520453.0,929.13,929.63
1748222528746.0,929.03,929.53
1748222528971.0,929.13,929.63
1748222578456.0,929.33,929.83
1748222580596.0,929.13,929.63
1748222591839.0,928.93,929.43
1748222700758.0,928.83,929.33
1748222701208.0,928.93,929.43
1748222730271.0,928.83,929.33
1748222736727.0,928.93,929.43
1748222793907.0,928.73,929.23
1748222817682.0,928.83,929.33
1748222818315.0,928.73,929.23
1748222833766.0,928.83,929.33
1748222833987.0,928.73,929.23
1748222837321.0,928.83,929.33
1748222838361.0,928.73,929.23
1748222842519.0,928.83,929.33
1748222843955.0,928.73,929.23
1748222874544.0,928.83,929.33
1748222905474.0,928.73,929.23
1748222906086.0,928.83,929.33
1748222908770.0,928.73,929.23
1748222911120.0,928.63,929.13
1748222911346.0,928.73,929.23
1748222926386.0,928.83,929.33
1748222926609.0,928.73,929.23
1748222938633.0,928.83,929.33
1748222943480.0,928.73,929.23
1748223075903.0,928.63,929.13
1748223124091.0,928.43,928.93
1748223127945.0,928.63,929.13
1748223180497.0,928.33,928.83
1748223180721.0,928.43,928.93
1748223207339.0,928.63,929.13
1748223214494.0,928.43,928.93
1748223226426.0,928.63,929.13
1748223331701.0,928.83,929.33
1748223349962.0,928.93,929.43
1748223360588.0,928.83,929.33
1748223361774.0,928.93,929.43
1748223442017.0,929.13,929.63
1748223525254.0,929.33,929.83
1748223551095.0,929.43,929.93
1748223642336.0,929.63,930.13
1748223657400.0,929.83,930.33
1748223658727.0,929.93,930.43
1748223658935.0,930.03,930.53
1748223660306.0,929.83,930.33
1748223705254.0,930.03,930.53
1748223735394.0,929.83,930.33
1748223764745.0,929.93,930.43
1748223765116.0,930.03,930.53
1748223765617.0,929.93,930.43
1748223765852.0,929.83,930.33
1748223768492.0,929.93,930.43
1748223780811.0,930.03,930.53
1748223781041.0,929.93,930.43
1748223789095.0,929.83,930.33
1748223803196.0,929.93,930.43
1748223807239.0,930.03,930.53
1748223807462.0,929.93,930.43
1748223822643.0,930.03,930.53
1748223824715.0,929.93,930.43
1748223828801.0,929.83,930.33
1748223874779.0,929.93,930.43
1748223887366.0,930.03,930.53
1748223911917.0,929.83,930.33
1748223913671.0,929.93,930.43
1748223913878.0,930.03,930.53
1748223914103.0,929.93,930.43
1748223916262.0,929.83,930.33
1748223921953.0,929.93,930.43
1748223922402.0,929.83,930.33
1748223982445.0,930.03,930.53
1748224062167.0,930.13,930.63
1748224063553.0,930.03,930.53
1748224079362.0,930.13,930.63
1748224080289.0,930.03,930.53
1748224080504.0,930.13,930.63
1748224098493.0,930.03,930.53
1748224108991.0,930.13,930.63
1748224192140.0,930.03,930.53
1748224209195.0,929.83,930.33
1748224242552.0,929.73,930.23
1748224242767.0,929.83,930.33
1748224323380.0,929.73,930.23
1748224323837.0,929.83,930.33
1748224324924.0,929.73,930.23
1748224339650.0,929.63,930.13
1748224394776.0,929.53,930.03
1748224485253.0,929.63,930.13
1748224496136.0,929.53,930.03
1748224509322.0,929.63,930.13
1748224513969.0,929.53,930.03
1748224612310.0,929.63,930.13
1748224612534.0,929.53,930.03
1748224643403.0,929.63,930.13
1748224699899.0,929.53,930.03
1748224700558.0,929.63,930.13
1748224819133.0,929.53,930.03
1748224854806.0,929.33,929.83
1748224857819.0,929.43,929.93
1748224860315.0,929.33,929.83
1748224955858.0,929.43,929.93
1748224964316.0,929.53,930.03
1748224964757.0,929.43,929.93
1748224965203.0,929.53,930.03
1748224985676.0,929.33,929.83
1748225000387.0,929.13,929.63
1748225028116.0,929.33,929.83
1748225079077.0,929.53,930.03
1748225084915.0,929.63,930.13
1748225169471.0,929.53,930.03
1748225307495.0,929.63,930.13
1748225347252.0,929.83,930.33
1748225350685.0,929.63,930.13
1748225352327.0,929.73,930.23
1748225355745.0,929.83,930.33
1748225546476.0,929.63,930.13
1748225563335.0,929.83,930.33
1748225749905.0,929.63,930.13
1748225766274.0,929.53,930.03
1748225794918.0,929.63,930.13
1748225855838.0,929.83,930.33
1748225867626.0,930.03,930.53
1748225888962.0,929.83,930.33
1748225899977.0,930.03,930.53
1748225915029.0,930.23,930.73
1748225923477.0,930.13,930.63
1748225923578.0,930.03,930.53
1748225925668.0,930.13,930.63
1748225928078.0,930.03,930.53
1748225931298.0,930.13,930.63
1748225931398.0,930.23,930.73
1748225934160.0,930.13,930.63
1748225935103.0,930.23,930.73
1748225960603.0,930.13,930.63
1748225963954.0,930.23,930.73
1748225997488.0,930.13,930.63
1748226001729.0,930.03,930.53
1748226113770.0,930.13,930.63
1748226114002.0,930.23,930.73
1748226117126.0,930.33,930.83
1748226251351.0,930.23,930.73
1748226253536.0,930.03,930.53
1748226336140.0,930.23,930.73
1748226364920.0,930.33,930.83
1748226372737.0,930.43,930.93
1748226373131.0,930.33,930.83
1748226394920.0,930.43,930.93
1748226397170.0,930.53,931.03
1748226411784.0,930.43,930.93
1748226413820.0,930.33,930.83
1748226420582.0,930.23,930.73
1748226430052.0,930.13,930.63
1748226430547.0,930.23,930.73
1748226432583.0,930.33,930.83
1748226436685.0,930.43,930.93
1748226437781.0,930.53,931.03
1748226481892.0,930.43,930.93
1748226483556.0,930.53,931.03
1748226483774.0,930.43,930.93
1748226485169.0,930.33,930.83
1748226485411.0,930.23,930.73
1748226487927.0,930.33,930.83
1748226488648.0,930.23,930.73
1748226489647.0,930.33,930.83
1748226489873.0,930.23,930.73
1748226490332.0,930.33,930.83
1748226490570.0,930.23,930.73
1748226490796.0,930.13,930.63
1748226497022.0,930.03,930.53
1748226529634.0,929.83,930.33
1748226639934.0,930.03,930.53
1748226673333.0,929.83,930.33
1748226674837.0,929.93,930.43
1748226676907.0,929.83,930.33
1748226727535.0,929.73,930.23
1748226772703.0,929.63,930.13
1748226772921.0,929.73,930.23
1748226777671.0,929.63,930.13
1748226777895.0,929.73,930.23
1748226798441.0,929.53,930.03
1748226798950.0,929.43,929.93
1748226799207.0,929.53,930.03
1748226799913.0,929.43,929.93
1748226800492.0,929.53,930.03
1748226806953.0,929.43,929.93
1748226807400.0,929.53,930.03
1748226808028.0,929.43,929.93
1748226809805.0,929.53,930.03
1748226816109.0,929.43,929.93
1748226816955.0,929.33,929.83
1748226844523.0,929.13,929.63
1748226873419.0,929.03,929.53
1748227035713.0,928.93,929.43
1748227036545.0,928.83,929.33
1748227089718.0,928.73,929.23
1748227111264.0,928.83,929.33
1748227189269.0,928.73,929.23
1748227197597.0,928.63,929.13
1748227217609.0,928.43,928.93
1748227241988.0,928.63,929.13
1748227282594.0,928.83,929.33
1748227284370.0,928.73,929.23
1748227297849.0,928.63,929.13
1748227309963.0,928.73,929.23
1748227328857.0,928.63,929.13
1748227333113.0,928.73,929.23
1748227339454.0,928.63,929.13
1748227340772.0,928.73,929.23
1748227341622.0,928.83,929.33
1748227380774.0,928.73,929.23
1748227382367.0,928.63,929.13
1748227394796.0,928.43,928.93
1748227395966.0,928.63,929.13
1748227545251.0,928.83,929.33
1748227547700.0,928.73,929.23
1748227562760.0,928.63,929.13
1748227567071.0,928.73,929.23
1748227577216.0,928.63,929.13
1748227621603.0,928.53,929.03
1748227622223.0,928.43,928.93
1748227625826.0,928.63,929.13
1748227664577.0,928.53,929.03
1748227665028.0,928.63,929.13
1748227871752.0,928.73,929.23
1748227877687.0,928.83,929.33
1748227877922.0,928.73,929.23
1748227878755.0,928.83,929.33
1748227955333.0,928.73,929.23
1748227955533.0,928.83,929.33
1748228030726.0,928.73,929.23
1748228035761.0,928.63,929.13
1748228037544.0,928.83,929.33
1748228040940.0,928.73,929.23
1748228041164.0,928.63,929.13
1748228089247.0,928.73,929.23
1748228089487.0,928.63,929.13
1748228091968.0,928.83,929.33
1748228111375.0,928.63,929.13
1748228120651.0,928.43,928.93
1748228280363.0,928.53,929.03
1748228281409.0,928.43,928.93
1748228341090.0,928.33,928.83
1748228471305.0,928.43,928.93
1748228597992.0,928.53,929.03
1748228598681.0,928.63,929.13
1748228625198.0,928.53,929.03
1748228625420.0,928.63,929.13
1748228741275.0,928.73,929.23
1748228741775.0,928.83,929.33
1748228744314.0,929.03,929.53
1748229111214.0,929.13,929.63
1748229112407.0,929.03,929.53
1748229242949.0,929.33,929.83
1748229277638.0,929.53,930.03
1748229340443.0,929.43,929.93
1748229360536.0,929.33,929.83
1748229375530.0,929.43,929.93
1748229376546.0,929.53,930.03
1748229376769.0,929.43,929.93
1748229386799.0,929.53,930.03
1748229391745.0,929.63,930.13
1748229401267.0,929.53,930.03
1748229447123.0,929.63,930.13
1748229524597.0,929.53,930.03
1748229528924.0,929.63,930.13
1748229541607.0,929.53,930.03
1748229584254.0,929.63,930.13
1748229594635.0,929.83,930.33
1748229619160.0,929.73,930.23
1748229619386.0,929.63,930.13
1748229773041.0,929.83,930.33
1748229779115.0,929.63,930.13
1748229780770.0,929.83,930.33
1748229871294.0,929.73,930.23
1748229873669.0,929.63,930.13
1748229896929.0,929.83,930.33
1748229897606.0,929.73,930.23
1748229901944.0,929.63,930.13
1748229905294.0,929.73,930.23
1748229923017.0,929.83,930.33
1748229993237.0,930.03,930.53
1748230217699.0,929.93,930.43
1748230218457.0,930.03,930.53
1748230219360.0,929.93,930.43
1748230219599.0,929.83,930.33
1748230295856.0,930.03,930.53
1748230327228.0,930.13,930.63
1748230339057.0,930.03,930.53
1748230339506.0,930.13,930.63
1748230364574.0,930.33,930.83
1748230400256.0,930.53,931.03
1748230440960.0,930.63,931.13
1748230441532.0,930.83,931.33
1748230458268.0,930.73,931.23
1748230461612.0,930.83,931.33
1748230485396.0,930.73,931.23
1748230485645.0,930.63,931.13
1748230490371.0,930.73,931.23
1748230492255.0,930.63,931.13
1748230512798.0,930.53,931.03
1748230522559.0,930.43,930.93
1748230525311.0,930.33,930.83
1748230598848.0,930.53,931.03
1748230737849.0,930.63,931.13
1748230740397.0,930.53,931.03
1748231002573.0,930.73,931.23
1748231025377.0,930.83,931.33
1748231028679.0,930.93,931.43
1748231028882.0,931.03,931.53
1748231029116.0,930.83,931.33
1748231048433.0,930.73,931.23
1748231053982.0,930.83,931.33
1748231122206.0,931.03,931.53
1748231193240.0,931.23,931.73
1748231223008.0,931.13,931.63
1748231223234.0,931.03,931.53
1748231262103.0,930.93,931.43
1748231263049.0,930.83,931.33
1748231263501.0,930.93,931.43
1748231263995.0,931.03,931.53
1748231300559.0,930.93,931.43
1748231303298.0,930.83,931.33
1748231328958.0,930.73,931.23
1748231330277.0,930.63,931.13
