None,,
None,,
1748210483901.0,36846.6,36861.6
1748210489745,,
1748210489932.0,36841.6,36856.6
1748210490132.0,36836.6,36851.6
1748210490330.0,36841.6,36856.6
1748210494721.0,36844.1,36859.1
1748210494919.0,36854.1,36869.1
1748210535025.0,36851.6,36866.6
1748210535226.0,36854.1,36869.1
1748210535424.0,36856.6,36871.6
1748210536940.0,36859.1,36874.1
1748210537134.0,36861.6,36876.6
1748210537815,,
1748210538018.0,36879.1,36894.1
1748210572841.0,36881.6,36896.6
1748210580991.0,36884.1,36899.1
1748210581190.0,36889.1,36904.1
1748210640955.0,36881.6,36896.6
1748210641155.0,36889.1,36904.1
1748210649936.0,36881.6,36896.6
1748210650135.0,36889.1,36904.1
1748210650767.0,36886.6,36901.6
1748210661415.0,36874.1,36889.1
1748210681778.0,36876.6,36891.6
1748210706727.0,36879.1,36894.1
1748210709391.0,36881.6,36896.6
1748210709591.0,36884.1,36899.1
1748210712084.0,36886.6,36901.6
1748210712284.0,36889.1,36904.1
1748210717683.0,36886.6,36901.6
1748210717883.0,36889.1,36904.1
1748210718083.0,36886.6,36901.6
1748210719552.0,36889.1,36904.1
1748210725224.0,36891.6,36906.6
1748210769221.0,36894.1,36909.1
1748210778085,,
1748210778285.0,36886.6,36901.6
1748210779467.0,36889.1,36904.1
1748210783092.0,36886.6,36901.6
1748210791888.0,36889.1,36904.1
1748210792086.0,36891.6,36906.6
1748210795707,,
1748210809771.0,36889.1,36904.1
1748210809969.0,36891.6,36906.6
1748210811202.0,36889.1,36904.1
1748210815673.0,36891.6,36906.6
1748210816072.0,36894.1,36909.1
1748210816271.0,36921.6,36936.6
1748210816471.0,36924.1,36939.1
1748210816672.0,36921.6,36936.6
1748210816876.0,36924.1,36939.1
1748210817476.0,36936.6,36951.6
1748210817867.0,36939.1,36954.1
1748210818071.0,36931.6,36946.6
1748210818461.0,36934.1,36949.1
1748210818661.0,36941.6,36956.6
1748210818959.0,36939.1,36954.1
1748210819158.0,36944.1,36959.1
1748210819362.0,36966.6,36981.6
1748210819783.0,36964.1,36979.1
1748210820543.0,36966.6,36981.6
1748210820993.0,36969.1,36984.1
1748210821193.0,36971.6,36986.6
1748210821394.0,36974.1,36989.1
1748210821591.0,36971.6,36986.6
1748210821838,,
1748210822028.0,36969.1,36984.1
1748210825545.0,36971.6,36986.6
1748210825743.0,36974.1,36989.1
1748210826143.0,36969.1,36984.1
1748210826343.0,36966.6,36981.6
1748210826741.0,36969.1,36984.1
1748210828294.0,36971.6,36986.6
1748210829169.0,36974.1,36989.1
1748210829369.0,36971.6,36986.6
1748210829958,,
1748210830157.0,36966.6,36981.6
1748210830557.0,36969.1,36984.1
1748210830757.0,36966.6,36981.6
1748210831883.0,36969.1,36984.1
1748210832281.0,36966.6,36981.6
1748210835726.0,36969.1,36984.1
1748210836535,,
1748210836737.0,36964.1,36979.1
1748210837073.0,36966.6,36981.6
1748210837471.0,36964.1,36979.1
1748210843669.0,36966.6,36981.6
1748210845643.0,36969.1,36984.1
1748210850709.0,36971.6,36986.6
1748210851989.0,36974.1,36989.1
1748210852186.0,36971.6,36986.6
1748210852610.0,36976.6,36991.6
1748210853148.0,36974.1,36989.1
1748210853343.0,36976.6,36991.6
1748210853828.0,36974.1,36989.1
1748210854025.0,36976.6,36991.6
1748210854334.0,36974.1,36989.1
1748210854532.0,36969.1,36984.1
1748210856956.0,36971.6,36986.6
1748210857150.0,36974.1,36989.1
1748210857701.0,36971.6,36986.6
1748210857899.0,36974.1,36989.1
1748210858973.0,36971.6,36986.6
1748210859173.0,36974.1,36989.1
1748210862975.0,36971.6,36986.6
1748210863175.0,36974.1,36989.1
1748210863373.0,36971.6,36986.6
1748210863574.0,36974.1,36989.1
1748210864774.0,36976.6,36991.6
1748210865302.0,36974.1,36989.1
1748210865495.0,36966.6,36981.6
1748210869003.0,36969.1,36984.1
1748210869201.0,36966.6,36981.6
1748210871427.0,36969.1,36984.1
1748210871628.0,36966.6,36981.6
1748210872199.0,36969.1,36984.1
1748210873230.0,36966.6,36981.6
1748210875499.0,36969.1,36984.1
1748210875896.0,36966.6,36981.6
1748210876362.0,36969.1,36984.1
1748210879417.0,36971.6,36986.6
1748210881277.0,36974.1,36989.1
1748210884951.0,36976.6,36991.6
1748210885350.0,36974.1,36989.1
1748210886031.0,36976.6,36991.6
1748210887187.0,36979.1,36994.1
1748210887381.0,36976.6,36991.6
1748210887743.0,36979.1,36994.1
1748210888454.0,36981.6,36996.6
1748210888855.0,36994.1,37009.1
1748210909754.0,36996.6,37011.6
1748210925203.0,36999.1,37014.1
1748210925391.0,37004.1,37019.1
1748210927596.0,37006.6,37021.6
1748210927790.0,37014.1,37029.1
1748210930763.0,37016.6,37031.6
1748210930962.0,37014.1,37029.1
1748210931809.0,37016.6,37031.6
1748210932008.0,37014.1,37029.1
1748210933572.0,37016.6,37031.6
1748210933771.0,37019.1,37034.1
1748210935790.0,37016.6,37031.6
1748210937238,,
1748210937437.0,37009.1,37024.1
1748210945572.0,37011.6,37026.6
1748210952598.0,37014.1,37029.1
1748210953584.0,37011.6,37026.6
1748210953776.0,37009.1,37024.1
1748210956932,,
1748210957135.0,37001.6,37016.6
1748210959405.0,36999.1,37014.1
1748210959607.0,36996.6,37011.6
1748210962567.0,36999.1,37014.1
1748210964440.0,37001.6,37016.6
1748210965521.0,37004.1,37019.1
1748210966697.0,37009.1,37024.1
1748210966899.0,37006.6,37021.6
1748210972263.0,37004.1,37019.1
1748210973552.0,37001.6,37016.6
1748210973751.0,36994.1,37009.1
1748210974458.0,36996.6,37011.6
1748210974656.0,37001.6,37016.6
1748210975809.0,37004.1,37019.1
1748210976010.0,37011.6,37026.6
1748210976895.0,37009.1,37024.1
1748210977096.0,37011.6,37026.6
1748210977668.0,37009.1,37024.1
1748210977882.0,37011.6,37026.6
1748210980233.0,37009.1,37024.1
1748210982474.0,37011.6,37026.6
1748210982678.0,37014.1,37029.1
1748210982872.0,37011.6,37026.6
1748210983272.0,37014.1,37029.1
1748210983790.0,37011.6,37026.6
1748210984203.0,37014.1,37029.1
1748210985977.0,37011.6,37026.6
1748210986869.0,37014.1,37029.1
1748210989570.0,37016.6,37031.6
1748210989766.0,37019.1,37034.1
1748210990540.0,37016.6,37031.6
1748210991763.0,37019.1,37034.1
1748210994073.0,37021.6,37036.6
1748210994271.0,37029.1,37044.1
1748210995283.0,37026.6,37041.6
1748211001336.0,37024.1,37039.1
1748211001526.0,37021.6,37036.6
1748211007295.0,37024.1,37039.1
1748211007494.0,37026.6,37041.6
1748211008720.0,37029.1,37044.1
1748211008921.0,37034.1,37049.1
1748211009154.0,37031.6,37046.6
1748211012006.0,37029.1,37044.1
1748211012198.0,37021.6,37036.6
1748211015395.0,37024.1,37039.1
1748211015796.0,37021.6,37036.6
1748211020652.0,37024.1,37039.1
1748211021536.0,37026.6,37041.6
1748211021735.0,37029.1,37044.1
1748211023432.0,37026.6,37041.6
1748211027630.0,37024.1,37039.1
1748211027826.0,37011.6,37026.6
1748211036084.0,37009.1,37024.1
1748211036746,,
1748211036945.0,37004.1,37019.1
1748211040657.0,37006.6,37021.6
1748211046618.0,37011.6,37026.6
1748211048111.0,37009.1,37024.1
1748211048306.0,37011.6,37026.6
1748211050151.0,37009.1,37024.1
1748211052251.0,37004.1,37019.1
1748211052866,,
1748211053065.0,37001.6,37016.6
1748211055411.0,36999.1,37014.1
1748211055610.0,36991.6,37006.6
1748211058912.0,36989.1,37004.1
1748211059381,,
1748211059581.0,36984.1,36999.1
1748211066773,,
1748211066972.0,36976.6,36991.6
1748211067608.0,36979.1,36994.1
1748211068221.0,36976.6,36991.6
1748211068421.0,36979.1,36994.1
1748211077451.0,36976.6,36991.6
1748211092073.0,36971.6,36986.6
1748211092522.0,36969.1,36984.1
1748211097060.0,36971.6,36986.6
1748211101081.0,36974.1,36989.1
1748211101295.0,36979.1,36994.1
1748211105883.0,36976.6,36991.6
1748211110931.0,36979.1,36994.1
1748211111131.0,36976.6,36991.6
1748211118092.0,36979.1,36994.1
1748211118292.0,36981.6,36996.6
1748211119993.0,36976.6,36991.6
1748211121899.0,36979.1,36994.1
1748211122940.0,36976.6,36991.6
1748211125919.0,36979.1,36994.1
1748211126116.0,36991.6,37006.6
1748211134641.0,36989.1,37004.1
1748211134840.0,36986.6,37001.6
1748211139064.0,36989.1,37004.1
1748211139263.0,36994.1,37009.1
1748211141854.0,36991.6,37006.6
1748211144169.0,36994.1,37009.1
1748211151959.0,36991.6,37006.6
1748211158569.0,36994.1,37009.1
1748211158968.0,37021.6,37036.6
1748211159952.0,37019.1,37034.1
1748211160151.0,37016.6,37031.6
1748211165833,,
1748211166036.0,37006.6,37021.6
1748211174765.0,37009.1,37024.1
1748211174963.0,37011.6,37026.6
1748211184183.0,37014.1,37029.1
1748211184581.0,37016.6,37031.6
1748211185397.0,37019.1,37034.1
1748211186192.0,37016.6,37031.6
1748211186391,,
1748211192509.0,37014.1,37029.1
1748211197333.0,37016.6,37031.6
1748211197529.0,37021.6,37036.6
1748211197729.0,37019.1,37034.1
1748211198387.0,37021.6,37036.6
1748211198811.0,37019.1,37034.1
1748211199695.0,37021.6,37036.6
1748211199894.0,37024.1,37039.1
1748211204493.0,37021.6,37036.6
1748211204694.0,37019.1,37034.1
1748211213051.0,37016.6,37031.6
1748211213250.0,37014.1,37029.1
1748211214436.0,37016.6,37031.6
1748211219337.0,37019.1,37034.1
1748211220918.0,37021.6,37036.6
1748211232308.0,37019.1,37034.1
1748211240113,,
1748211240312.0,37016.6,37031.6
1748211244571.0,37014.1,37029.1
1748211244770.0,37009.1,37024.1
1748211248087,,
1748211248295.0,36999.1,37014.1
1748211251034,,
1748211251207.0,37004.1,37019.1
1748211252902.0,37001.6,37016.6
1748211266242.0,36999.1,37014.1
1748211266443.0,36996.6,37011.6
1748211266640.0,36994.1,37009.1
1748211268092.0,36996.6,37011.6
1748211268292.0,36999.1,37014.1
1748211270608,,
1748211270802.0,36996.6,37011.6
1748211271951.0,36994.1,37009.1
1748211284061.0,36996.6,37011.6
1748211284260.0,37004.1,37019.1
1748211293940.0,37006.6,37021.6
1748211294141.0,37009.1,37024.1
1748211297129,,
1748211297327.0,37004.1,37019.1
1748211303494.0,37006.6,37021.6
1748211304197,,
1748211304395.0,37009.1,37024.1
1748211305324.0,37011.6,37026.6
1748211309937.0,37009.1,37024.1
1748211310747.0,37011.6,37026.6
1748211310947.0,37009.1,37024.1
1748211315282.0,37006.6,37021.6
1748211316002.0,37004.1,37019.1
1748211316477.0,37001.6,37016.6
1748211332821.0,36999.1,37014.1
1748211333427.0,36996.6,37011.6
1748211333622.0,36994.1,37009.1
1748211334025.0,36996.6,37011.6
1748211334423.0,36994.1,37009.1
1748211356485.0,36991.6,37006.6
1748211359807.0,36994.1,37009.1
1748211360514.0,36991.6,37006.6
1748211366678.0,36994.1,37009.1
1748211367076.0,36991.6,37006.6
1748211367365.0,36994.1,37009.1
1748211369282.0,36996.6,37011.6
1748211370779.0,36994.1,37009.1
1748211371198.0,36996.6,37011.6
1748211373070.0,36994.1,37009.1
1748211373471.0,36996.6,37011.6
1748211377103.0,36994.1,37009.1
1748211377302.0,36991.6,37006.6
1748211378610.0,36994.1,37009.1
1748211378810.0,36991.6,37006.6
1748211379012.0,36996.6,37011.6
1748211383349.0,36999.1,37014.1
1748211386897.0,36996.6,37011.6
1748211392980.0,36999.1,37014.1
1748211393179.0,37001.6,37016.6
1748211396466.0,36999.1,37014.1
1748211396662.0,37001.6,37016.6
1748211398701.0,36999.1,37014.1
1748211398902.0,37001.6,37016.6
1748211399101.0,36999.1,37014.1
1748211406282.0,37001.6,37016.6
1748211406480.0,37006.6,37021.6
1748211407808.0,37009.1,37024.1
1748211408009.0,37011.6,37026.6
1748211408207.0,37009.1,37024.1
1748211409297.0,37006.6,37021.6
1748211409989.0,37004.1,37019.1
1748211410189.0,37006.6,37021.6
1748211411711.0,37004.1,37019.1
1748211412121.0,37006.6,37021.6
1748211413963.0,37004.1,37019.1
1748211415063.0,37006.6,37021.6
1748211419847.0,37004.1,37019.1
1748211420245.0,37006.6,37021.6
1748211420627.0,37004.1,37019.1
1748211423892.0,37006.6,37021.6
1748211426161.0,37004.1,37019.1
1748211426572.0,37006.6,37021.6
1748211438086.0,37009.1,37024.1
1748211440801.0,37006.6,37021.6
1748211443304.0,37009.1,37024.1
1748211447239.0,37006.6,37021.6
1748211462917.0,37004.1,37019.1
1748211463317.0,37006.6,37021.6
1748211473687.0,37009.1,37024.1
1748211473885.0,37011.6,37026.6
1748211475640.0,37014.1,37029.1
1748211475840.0,37016.6,37031.6
1748211480250.0,37019.1,37034.1
1748211480449.0,37021.6,37036.6
1748211480753.0,37024.1,37039.1
1748211480954.0,37019.1,37034.1
1748211481154.0,37021.6,37036.6
1748211482684.0,37019.1,37034.1
1748211482884.0,37021.6,37036.6
1748211485662.0,37019.1,37034.1
1748211488813.0,37016.6,37031.6
1748211489012.0,37014.1,37029.1
1748211489486.0,37016.6,37031.6
1748211502311.0,37014.1,37029.1
1748211502508.0,37016.6,37031.6
1748211502709.0,37014.1,37029.1
1748211509897.0,37011.6,37026.6
1748211514523.0,37014.1,37029.1
1748211525486.0,37016.6,37031.6
1748211525881.0,37014.1,37029.1
1748211526940.0,37016.6,37031.6
1748211527563.0,37014.1,37029.1
1748211528792.0,37016.6,37031.6
1748211534819.0,37014.1,37029.1
1748211536598.0,37016.6,37031.6
1748211540127.0,37014.1,37029.1
1748211541345.0,37011.6,37026.6
1748211544738,,
1748211544935.0,37014.1,37029.1
1748211551372.0,37011.6,37026.6
1748211561497.0,37014.1,37029.1
1748211567078.0,37011.6,37026.6
1748211567910.0,37014.1,37029.1
1748211570892.0,37016.6,37031.6
1748211571617.0,37014.1,37029.1
1748211577850.0,37016.6,37031.6
1748211581337.0,37019.1,37034.1
1748211581533.0,37021.6,37036.6
1748211581734.0,37019.1,37034.1
1748211582649.0,37021.6,37036.6
1748211586125.0,37024.1,37039.1
1748211587369.0,37021.6,37036.6
1748211587571.0,37019.1,37034.1
1748211590363.0,37021.6,37036.6
1748211591150.0,37024.1,37039.1
1748211591549.0,37049.1,37064.1
1748211591750.0,37044.1,37059.1
1748211591948.0,37046.6,37061.6
1748211592348.0,37041.6,37056.6
1748211592965.0,37044.1,37059.1
1748211593165.0,37046.6,37061.6
1748211595656,,
1748211595854.0,37039.1,37054.1
1748211596104.0,37041.6,37056.6
1748211596304.0,37044.1,37059.1
1748211600618.0,37046.6,37061.6
1748211600815.0,37049.1,37064.1
1748211601302.0,37046.6,37061.6
1748211601937.0,37049.1,37064.1
1748211602514.0,37051.6,37066.6
1748211604381,,
1748211604578.0,37049.1,37064.1
1748211604982.0,37051.6,37066.6
1748211605182.0,37054.1,37069.1
1748211610120.0,37051.6,37066.6
1748211610317.0,37054.1,37069.1
1748211610922.0,37056.6,37071.6
1748211612176,,
1748211612377.0,37049.1,37064.1
1748211613082.0,37051.6,37066.6
1748211613283.0,37054.1,37069.1
1748211615655.0,37051.6,37066.6
1748211615855.0,37049.1,37064.1
1748211616117.0,37051.6,37066.6
1748211616316.0,37049.1,37064.1
1748211616974.0,37051.6,37066.6
1748211617174.0,37049.1,37064.1
1748211617586.0,37054.1,37069.1
1748211622828.0,37056.6,37071.6
1748211624147,,
1748211624353.0,37054.1,37069.1
1748211627893.0,37056.6,37071.6
1748211628090.0,37059.1,37074.1
1748211628883.0,37056.6,37071.6
1748211629391,,
1748211629590.0,37054.1,37069.1
1748211630372.0,37051.6,37066.6
1748211630773.0,37054.1,37069.1
1748211631236.0,37051.6,37066.6
1748211631435.0,37054.1,37069.1
1748211632033.0,37051.6,37066.6
1748211632232.0,37054.1,37069.1
1748211632633.0,37051.6,37066.6
1748211633736.0,37049.1,37064.1
1748211633935.0,37051.6,37066.6
1748211634768.0,37049.1,37064.1
1748211636007.0,37051.6,37066.6
1748211636204.0,37054.1,37069.1
1748211636405.0,37049.1,37064.1
1748211636604.0,37051.6,37066.6
1748211637475.0,37049.1,37064.1
1748211640600.0,37051.6,37066.6
1748211641001.0,37054.1,37069.1
1748211641290.0,37051.6,37066.6
1748211641690.0,37049.1,37064.1
1748211641890.0,37051.6,37066.6
1748211642472.0,37049.1,37064.1
1748211642671.0,37051.6,37066.6
1748211643374.0,37049.1,37064.1
1748211643927.0,37051.6,37066.6
1748211644631.0,37049.1,37064.1
1748211645581.0,37051.6,37066.6
1748211649195.0,37049.1,37064.1
1748211649590.0,37054.1,37069.1
1748211649989.0,37054.1,37069.1
1748211654812.0,37051.6,37066.6
1748211655012.0,37049.1,37064.1
1748211658907,,
1748211659107.0,37044.1,37059.1
1748211660970.0,37041.6,37056.6
1748211661164.0,37044.1,37059.1
1748211664577.0,37041.6,37056.6
1748211664774.0,37039.1,37054.1
1748211665773,,
1748211665968.0,37044.1,37059.1
1748211668346.0,37046.6,37061.6
1748211668552.0,37049.1,37064.1
1748211673420.0,37046.6,37061.6
1748211673622.0,37049.1,37064.1
1748211680109.0,37051.6,37066.6
1748211680310.0,37054.1,37069.1
1748211683916.0,37056.6,37071.6
1748211684547.0,37054.1,37069.1
1748211684747.0,37056.6,37071.6
1748211685722.0,37054.1,37069.1
1748211688190.0,37051.6,37066.6
1748211688390.0,37054.1,37069.1
1748211688594.0,37051.6,37066.6
1748211688794.0,37054.1,37069.1
1748211689682.0,37051.6,37066.6
1748211690283.0,37054.1,37069.1
1748211695837,,
1748211696038.0,37061.6,37076.6
1748211698940.0,37064.1,37079.1
1748211702534.0,37061.6,37076.6
1748211702933.0,37064.1,37079.1
1748211704214.0,37061.6,37076.6
1748211705463.0,37064.1,37079.1
1748211705666.0,37061.6,37076.6
1748211707304.0,37064.1,37079.1
1748211717192.0,37061.6,37076.6
1748211717810.0,37064.1,37079.1
1748211719406.0,37061.6,37076.6
1748211719985,,
1748211720186.0,37059.1,37074.1
1748211721425.0,37061.6,37076.6
1748211723270.0,37064.1,37079.1
1748211724226.0,37066.6,37081.6
1748211724427.0,37069.1,37084.1
1748211724623.0,37066.6,37081.6
1748211724896.0,37069.1,37084.1
1748211725506.0,37066.6,37081.6
1748211726292.0,37069.1,37084.1
1748211729737.0,37066.6,37081.6
1748211729937.0,37069.1,37084.1
1748211730608.0,37066.6,37081.6
1748211730811.0,37064.1,37079.1
1748211732223.0,37066.6,37081.6
1748211732622.0,37069.1,37084.1
1748211733489.0,37066.6,37081.6
1748211733688.0,37069.1,37084.1
1748211734342.0,37066.6,37081.6
1748211735202.0,37069.1,37084.1
1748211735601.0,37074.1,37089.1
1748211736120.0,37071.6,37086.6
1748211736319.0,37074.1,37089.1
1748211737648.0,37076.6,37091.6
1748211737853.0,37079.1,37094.1
1748211739743.0,37076.6,37091.6
1748211740144.0,37079.1,37094.1
1748211741427.0,37076.6,37091.6
1748211741627.0,37079.1,37094.1
1748211743329.0,37076.6,37091.6
1748211744324.0,37079.1,37094.1
1748211744524.0,37076.6,37091.6
1748211745265.0,37079.1,37094.1
1748211746558.0,37076.6,37091.6
1748211746957.0,37084.1,37099.1
1748211747156.0,37081.6,37096.6
1748211748277.0,37079.1,37094.1
1748211751698,,
1748211751899.0,37084.1,37099.1
1748211755039.0,37086.6,37101.6
1748211755460.0,37084.1,37099.1
1748211756471.0,37086.6,37101.6
1748211758244.0,37084.1,37099.1
1748211758645.0,37086.6,37101.6
1748211760151.0,37084.1,37099.1
1748211760352.0,37086.6,37101.6
1748211760549.0,37084.1,37099.1
1748211761789.0,37086.6,37101.6
1748211761990.0,37084.1,37099.1
1748211762388.0,37086.6,37101.6
1748211762590.0,37084.1,37099.1
1748211765147.0,37086.6,37101.6
1748211766060.0,37084.1,37099.1
1748211768756.0,37086.6,37101.6
1748211769673.0,37089.1,37104.1
1748211771576.0,37089.1,37104.1
1748211774267.0,37091.6,37106.6
1748211774465.0,37094.1,37109.1
1748211775632.0,37091.6,37106.6
1748211775842.0,37089.1,37104.1
1748211777525.0,37091.6,37106.6
1748211777721.0,37094.1,37109.1
1748211784777.0,37096.6,37111.6
1748211784979.0,37101.6,37116.6
1748211785177.0,37104.1,37119.1
1748211785434.0,37101.6,37116.6
1748211786318.0,37104.1,37119.1
1748211786515.0,37101.6,37116.6
1748211786899.0,37099.1,37114.1
1748211787755.0,37096.6,37111.6
1748211791124.0,37099.1,37114.1
1748211791325.0,37101.6,37116.6
1748211791584.0,37104.1,37119.1
1748211792212.0,37101.6,37116.6
1748211793401.0,37104.1,37119.1
1748211794254,,
1748211794454.0,37109.1,37124.1
1748211795208.0,37106.6,37121.6
1748211797343.0,37104.1,37119.1
1748211797542.0,37099.1,37114.1
1748211797952.0,37101.6,37116.6
1748211798379.0,37104.1,37119.1
1748211798785.0,37101.6,37116.6
1748211799612.0,37099.1,37114.1
1748211800563.0,37096.6,37111.6
1748211801038,,
1748211801238,,
1748211801964.0,37099.1,37114.1
1748211803203.0,37101.6,37116.6
1748211803401.0,37104.1,37119.1
1748211803599.0,37101.6,37116.6
1748211803892.0,37104.1,37119.1
1748211804292.0,37099.1,37114.1
1748211805045.0,37101.6,37116.6
1748211805244.0,37099.1,37114.1
1748211806229.0,37101.6,37116.6
1748211806427.0,37104.1,37119.1
1748211806801.0,37101.6,37116.6
1748211807435.0,37104.1,37119.1
1748211807886.0,37101.6,37116.6
1748211809128.0,37104.1,37119.1
1748211809728.0,37101.6,37116.6
1748211815282,,
1748211815480.0,37099.1,37114.1
1748211817646,,
1748211817852.0,37104.1,37119.1
1748211820391.0,37106.6,37121.6
1748211820791.0,37111.6,37126.6
1748211820989,,
1748211821192.0,37114.1,37129.1
1748211827380.0,37116.6,37131.6
1748211827578.0,37124.1,37139.1
1748211831751.0,37121.6,37136.6
1748211831951.0,37124.1,37139.1
1748211834582.0,37121.6,37136.6
1748211834780.0,37119.1,37134.1
1748211838714.0,37116.6,37131.6
1748211838910.0,37114.1,37129.1
1748211848119.0,37116.6,37131.6
1748211848317.0,37119.1,37134.1
1748211848685.0,37116.6,37131.6
1748211848885.0,37114.1,37129.1
1748211860273.0,37111.6,37126.6
1748211860674,,
1748211860935,,
1748211861070.0,37114.1,37129.1
1748211861639.0,37116.6,37131.6
1748211861839.0,37114.1,37129.1
1748211862313.0,37116.6,37131.6
1748211862512.0,37114.1,37129.1
1748211863247.0,37116.6,37131.6
1748211864127,,
1748211864330.0,37119.1,37134.1
1748211865890.0,37116.6,37131.6
1748211866100.0,37114.1,37129.1
1748211866892.0,37116.6,37131.6
1748211871377,,
1748211871577.0,37124.1,37139.1
1748211875257,,
1748211875454.0,37116.6,37131.6
1748211881423,,
1748211881624.0,37119.1,37134.1
1748211884047.0,37121.6,37136.6
1748211884490.0,37124.1,37139.1
1748211891933.0,37126.6,37141.6
1748211892132.0,37129.1,37144.1
1748211893705.0,37131.6,37146.6
1748211893907.0,37134.1,37149.1
1748211896277.0,37136.6,37151.6
1748211896679.0,37146.6,37161.6
1748211897210.0,37156.6,37171.6
1748211897410.0,37154.1,37169.1
1748211900827.0,37156.6,37171.6
1748211901301,,
1748211903676,,
1748211903879.0,37161.6,37176.6
1748211904314.0,37164.1,37179.1
1748211905791.0,37161.6,37176.6
1748211906415,,
1748211906585.0,37151.6,37166.6
1748211907049.0,37154.1,37169.1
1748211907248.0,37151.6,37166.6
1748211907693.0,37154.1,37169.1
1748211910573.0,37156.6,37171.6
1748211912666,,
1748211912867.0,37159.1,37174.1
1748211915314.0,37161.6,37176.6
1748211916544.0,37159.1,37174.1
1748211916874.0,37156.6,37171.6
1748211917283.0,37159.1,37174.1
1748211918054.0,37156.6,37171.6
1748211918553.0,37159.1,37174.1
1748211918951.0,37156.6,37171.6
1748211919151.0,37159.1,37174.1
1748211922879.0,37156.6,37171.6
1748211923080.0,37159.1,37174.1
1748211923369.0,37156.6,37171.6
1748211923568.0,37154.1,37169.1
1748211924554.0,37156.6,37171.6
1748211924754.0,37159.1,37174.1
1748211925269.0,37156.6,37171.6
1748211925473.0,37159.1,37174.1
1748211929607.0,37156.6,37171.6
1748211931537,,
1748211933387,,
1748211933586.0,37166.6,37181.6
1748211934051.0,37169.1,37184.1
1748211934253.0,37179.1,37194.1
1748211935322.0,37176.6,37191.6
1748211935522.0,37171.6,37186.6
1748211936022,,
1748211936222.0,37164.1,37179.1
1748211936853.0,37161.6,37176.6
1748211938835.0,37154.1,37169.1
1748211939421.0,37156.6,37171.6
1748211939620.0,37154.1,37169.1
1748211941229.0,37156.6,37171.6
1748211947076,,
1748211947269.0,37159.1,37174.1
1748211950247.0,37156.6,37171.6
1748211950445.0,37159.1,37174.1
1748211955019.0,37149.1,37164.1
1748211955221.0,37154.1,37169.1
1748211960889.0,37156.6,37171.6
1748211962625.0,37154.1,37169.1
1748211962825.0,37156.6,37171.6
1748211969918,,
1748211970117.0,37154.1,37169.1
1748211971327.0,37151.6,37166.6
1748211971531.0,37149.1,37164.1
1748211974083.0,37146.6,37161.6
1748211974283.0,37139.1,37154.1
1748211974588.0,37136.6,37151.6
1748211974787.0,37134.1,37149.1
1748211975484.0,37136.6,37151.6
1748211976026.0,37134.1,37149.1
1748211980361.0,37131.6,37146.6
1748211980560.0,37129.1,37144.1
1748211980760.0,37131.6,37146.6
1748211980960.0,37129.1,37144.1
1748211984268.0,37131.6,37146.6
1748211984465.0,37134.1,37149.1
1748211985923.0,37131.6,37146.6
1748211986559.0,37134.1,37149.1
1748211994420.0,37131.6,37146.6
1748211994897.0,37134.1,37149.1
1748211995098.0,37131.6,37146.6
1748211995456.0,37134.1,37149.1
1748211995655.0,37131.6,37146.6
1748211996453.0,37134.1,37149.1
1748211997711.0,37129.1,37144.1
1748212000196.0,37131.6,37146.6
1748212001090.0,37134.1,37149.1
1748212002745.0,37131.6,37146.6
1748212003147.0,37134.1,37149.1
1748212006406.0,37131.6,37146.6
1748212006804.0,37134.1,37149.1
1748212016422.0,37131.6,37146.6
1748212017260.0,37134.1,37149.1
1748212017461.0,37131.6,37146.6
1748212020968.0,37129.1,37144.1
1748212021571.0,37124.1,37139.1
1748212023100.0,37126.6,37141.6
1748212023495.0,37124.1,37139.1
1748212024691.0,37121.6,37136.6
1748212025421.0,37124.1,37139.1
1748212031437.0,37121.6,37136.6
1748212031635.0,37124.1,37139.1
1748212042266.0,37121.6,37136.6
1748212043670.0,37119.1,37134.1
1748212045625.0,37121.6,37136.6
1748212046562.0,37119.1,37134.1
1748212047958.0,37121.6,37136.6
1748212049001.0,37124.1,37139.1
1748212050269.0,37121.6,37136.6
1748212050667.0,37124.1,37139.1
1748212051520.0,37121.6,37136.6
1748212052171.0,37124.1,37139.1
1748212052372.0,37121.6,37136.6
1748212053014.0,37124.1,37139.1
1748212068143.0,37121.6,37136.6
1748212068542.0,37124.1,37139.1
1748212079736.0,37126.6,37141.6
1748212079931.0,37131.6,37146.6
1748212084358.0,37129.1,37144.1
1748212087838.0,37126.6,37141.6
1748212088675.0,37129.1,37144.1
1748212090836.0,37126.6,37141.6
1748212094674.0,37124.1,37139.1
1748212098210.0,37126.6,37141.6
1748212098408.0,37129.1,37144.1
1748212098813.0,37126.6,37141.6
1748212099210.0,37129.1,37144.1
1748212100753.0,37126.6,37141.6
1748212102574.0,37129.1,37144.1
1748212103035.0,37126.6,37141.6
1748212103787.0,37129.1,37144.1
1748212104499.0,37126.6,37141.6
1748212106892.0,37124.1,37139.1
1748212108419.0,37126.6,37141.6
1748212108618.0,37124.1,37139.1
1748212110717.0,37126.6,37141.6
1748212110917.0,37124.1,37139.1
1748212111279.0,37126.6,37141.6
1748212111478.0,37129.1,37144.1
1748212117379.0,37126.6,37141.6
1748212117577.0,37124.1,37139.1
1748212125935.0,37126.6,37141.6
1748212126135.0,37124.1,37139.1
1748212133065.0,37126.6,37141.6
1748212133263.0,37124.1,37139.1
1748212136994.0,37126.6,37141.6
1748212138212.0,37124.1,37139.1
1748212138413.0,37126.6,37141.6
1748212141381.0,37124.1,37139.1
1748212142424.0,37126.6,37141.6
1748212142624.0,37124.1,37139.1
1748212157735.0,37121.6,37136.6
1748212161076.0,37119.1,37134.1
1748212161759.0,37121.6,37136.6
1748212162661.0,37119.1,37134.1
1748212163511.0,37121.6,37136.6
1748212170068.0,37119.1,37134.1
1748212170267.0,37121.6,37136.6
1748212173397,,
1748212173596.0,37124.1,37139.1
1748212183448.0,37126.6,37141.6
1748212183646.0,37124.1,37139.1
1748212184748.0,37126.6,37141.6
1748212184948.0,37129.1,37144.1
1748212186526.0,37131.6,37146.6
1748212186725.0,37134.1,37149.1
1748212189261,,
1748212189462.0,37136.6,37151.6
1748212191153.0,37134.1,37149.1
1748212193107.0,37136.6,37151.6
1748212193784.0,37134.1,37149.1
1748212194182.0,37136.6,37151.6
1748212194391.0,37134.1,37149.1
1748212196118.0,37136.6,37151.6
1748212196517.0,37134.1,37149.1
1748212198822.0,37136.6,37151.6
1748212199450.0,37134.1,37149.1
1748212199649.0,37136.6,37151.6
1748212200513.0,37134.1,37149.1
1748212200712.0,37136.6,37151.6
1748212201223.0,37139.1,37154.1
1748212201417.0,37144.1,37159.1
1748212201617.0,37141.6,37156.6
1748212201922.0,37139.1,37154.1
1748212202323.0,37136.6,37151.6
1748212202521.0,37139.1,37154.1
1748212207235.0,37136.6,37151.6
1748212207657.0,37139.1,37154.1
1748212210089.0,37136.6,37151.6
1748212212241.0,37131.6,37146.6
1748212213872.0,37134.1,37149.1
1748212214270.0,37136.6,37151.6
1748212214472.0,37134.1,37149.1
1748212215367.0,37131.6,37146.6
1748212216209.0,37129.1,37144.1
1748212216407.0,37131.6,37146.6
1748212216961.0,37129.1,37144.1
1748212218797.0,37126.6,37141.6
1748212219537.0,37129.1,37144.1
1748212219738.0,37126.6,37141.6
1748212219936.0,37124.1,37139.1
1748212221911.0,37121.6,37136.6
1748212222110.0,37124.1,37139.1
1748212222833.0,37121.6,37136.6
1748212223306.0,37124.1,37139.1
1748212226965.0,37121.6,37136.6
1748212227163.0,37119.1,37134.1
1748212227364.0,37124.1,37139.1
1748212233004.0,37121.6,37136.6
1748212234007.0,37124.1,37139.1
1748212239795.0,37121.6,37136.6
1748212240326.0,37124.1,37139.1
1748212240725.0,37121.6,37136.6
1748212241454.0,37124.1,37139.1
1748212249988.0,37121.6,37136.6
1748212250724.0,37124.1,37139.1
1748212255966.0,37121.6,37136.6
1748212256614.0,37124.1,37139.1
1748212257018.0,37119.1,37134.1
1748212257215.0,37121.6,37136.6
1748212258709.0,37121.6,37136.6
1748212260043.0,37124.1,37139.1
1748212260243.0,37121.6,37136.6
1748212260819.0,37124.1,37139.1
1748212261507.0,37121.6,37136.6
1748212261707.0,37119.1,37134.1
1748212264234.0,37116.6,37131.6
1748212264432.0,37119.1,37134.1
1748212266898.0,37116.6,37131.6
1748212267096.0,37119.1,37134.1
1748212267956.0,37116.6,37131.6
1748212268154.0,37119.1,37134.1
1748212276764.0,37116.6,37131.6
1748212277432.0,37119.1,37134.1
1748212278695.0,37116.6,37131.6
1748212279095.0,37119.1,37134.1
1748212279300.0,37116.6,37131.6
1748212279500.0,37119.1,37134.1
1748212279700.0,37116.6,37131.6
1748212280334.0,37114.1,37129.1
1748212292719.0,37116.6,37131.6
1748212292930.0,37114.1,37129.1
1748212302634.0,37116.6,37131.6
1748212302835.0,37119.1,37134.1
1748212303716.0,37116.6,37131.6
1748212303917.0,37119.1,37134.1
1748212321619.0,37116.6,37131.6
1748212322016.0,37119.1,37134.1
1748212322218.0,37116.6,37131.6
1748212322776.0,37119.1,37134.1
1748212335811,,
1748212338484.0,37116.6,37131.6
1748212340422.0,37114.1,37129.1
1748212357467.0,37116.6,37131.6
1748212357665.0,37114.1,37129.1
1748212362305.0,37116.6,37131.6
1748212362502.0,37114.1,37129.1
1748212364222.0,37116.6,37131.6
1748212364422.0,37114.1,37129.1
1748212375135.0,37116.6,37131.6
1748212375335.0,37114.1,37129.1
1748212380619.0,37116.6,37131.6
1748212380819.0,37114.1,37129.1
1748212381621.0,37114.1,37129.1
1748212383411.0,37116.6,37131.6
1748212385114.0,37114.1,37129.1
1748212386379.0,37111.6,37126.6
1748212386576.0,37114.1,37129.1
1748212389451.0,37116.6,37131.6
1748212389651.0,37114.1,37129.1
1748212394823.0,37111.6,37126.6
1748212395408.0,37114.1,37129.1
1748212401694.0,37111.6,37126.6
1748212402091.0,37114.1,37129.1
1748212407894.0,37116.6,37131.6
1748212408470.0,37114.1,37129.1
1748212411660.0,37116.6,37131.6
1748212412067.0,37114.1,37129.1
1748212414508.0,37116.6,37131.6
1748212416103.0,37119.1,37134.1
1748212419642.0,37116.6,37131.6
1748212433073,,
1748212433272.0,37114.1,37129.1
1748212444600.0,37116.6,37131.6
1748212444799.0,37114.1,37129.1
1748212445149.0,37116.6,37131.6
1748212445349.0,37114.1,37129.1
1748212445659.0,37116.6,37131.6
1748212446122.0,37114.1,37129.1
1748212449491.0,37116.6,37131.6
1748212449688.0,37114.1,37129.1
1748212454017.0,37116.6,37131.6
1748212454216.0,37111.6,37126.6
1748212455477,,
1748212486928.0,37114.1,37129.1
1748212488812.0,37111.6,37126.6
1748212489020.0,37114.1,37129.1
1748212489918.0,37111.6,37126.6
1748212504342.0,37109.1,37124.1
1748212506677.0,37111.6,37126.6
1748212507076.0,37109.1,37124.1
1748212518819.0,37111.6,37126.6
1748212519705.0,37109.1,37124.1
1748212523015.0,37111.6,37126.6
1748212523212.0,37109.1,37124.1
1748212525109.0,37111.6,37126.6
1748212525306.0,37109.1,37124.1
1748212530002.0,37111.6,37126.6
1748212530201.0,37109.1,37124.1
1748212530894.0,37111.6,37126.6
1748212536075.0,37109.1,37124.1
1748212536560.0,37111.6,37126.6
1748212537443.0,37109.1,37124.1
1748212539915.0,37111.6,37126.6
1748212546689.0,37109.1,37124.1
1748212566014.0,37111.6,37126.6
1748212566209.0,37114.1,37129.1
1748212570386.0,37111.6,37126.6
1748212570584.0,37109.1,37124.1
1748212590348.0,37111.6,37126.6
1748212590546.0,37114.1,37129.1
1748212592523.0,37109.1,37124.1
1748212598105.0,37111.6,37126.6
1748212598303.0,37114.1,37129.1
1748212616855.0,37111.6,37126.6
1748212617054.0,37109.1,37124.1
1748212618037.0,37111.6,37126.6
1748212618235.0,37114.1,37129.1
1748212622297.0,37111.6,37126.6
1748212622496.0,37109.1,37124.1
1748212640935.0,37106.6,37121.6
1748212641135.0,37109.1,37124.1
1748212643064.0,37109.1,37124.1
1748212644118.0,37106.6,37121.6
1748212646334.0,37109.1,37124.1
1748212646534.0,37106.6,37121.6
1748212648415.0,37109.1,37124.1
1748212648613.0,37106.6,37121.6
1748212649009.0,37109.1,37124.1
1748212649211.0,37106.6,37121.6
1748212658426.0,37109.1,37124.1
1748212658626.0,37106.6,37121.6
1748212672585.0,37109.1,37124.1
1748212672980.0,37106.6,37121.6
1748212678065.0,37109.1,37124.1
1748212679891.0,37106.6,37121.6
1748212684839.0,37109.1,37124.1
1748212685038.0,37106.6,37121.6
1748212697871.0,37109.1,37124.1
1748212698071.0,37106.6,37121.6
1748212707758.0,37109.1,37124.1
1748212707956.0,37106.6,37121.6
1748212713957.0,37109.1,37124.1
1748212714157.0,37106.6,37121.6
1748212715256.0,37109.1,37124.1
1748212715456.0,37106.6,37121.6
1748212722945.0,37109.1,37124.1
1748212723144.0,37106.6,37121.6
1748212736629.0,37109.1,37124.1
1748212736826.0,37106.6,37121.6
1748212743288.0,37109.1,37124.1
1748212743827.0,37106.6,37121.6
1748212745875.0,37109.1,37124.1
1748212746567.0,37106.6,37121.6
1748212748553.0,37109.1,37124.1
1748212751497.0,37106.6,37121.6
1748212752420.0,37104.1,37119.1
1748212752620.0,37101.6,37116.6
1748212771671,,
1748212776031,,
1748212776231.0,37106.6,37121.6
1748212836118,,
1748212836318.0,37111.6,37126.6
1748212840197,,
1748212840395.0,37106.6,37121.6
1748212849312,,
1748212849514.0,37111.6,37126.6
1748212852262,,
1748212852464.0,37106.6,37121.6
1748212861566,,
1748212861762.0,37111.6,37126.6
1748212871167,,
1748212871362.0,37109.1,37124.1
1748212872333.0,37106.6,37121.6
1748212876481.0,37109.1,37124.1
1748212878140.0,37106.6,37121.6
1748212884461.0,37101.6,37116.6
1748212887404.0,37104.1,37119.1
1748212887602.0,37101.6,37116.6
1748212893651,,
1748212893848,,
1748212905480,,
1748212905757,,
1748212942343,,
1748212942543.0,37106.6,37121.6
1748212953911.0,37104.1,37119.1
1748212956779.0,37106.6,37121.6
1748212974783,,
1748212974981.0,37109.1,37124.1
1748212979360.0,37111.6,37126.6
1748212979882,,
1748212980083.0,37114.1,37129.1
1748212986115.0,37111.6,37126.6
1748212986588.0,37114.1,37129.1
1748212987712.0,37116.6,37131.6
1748212988805.0,37119.1,37134.1
1748212989004.0,37116.6,37131.6
1748212990487.0,37119.1,37134.1
1748212990685.0,37116.6,37131.6
1748212991026.0,37119.1,37134.1
1748212991225.0,37116.6,37131.6
1748213004164.0,37119.1,37134.1
1748213007953.0,37116.6,37131.6
1748213020072,,
1748213020174.0,37114.1,37129.1
1748213020593.0,37116.6,37131.6
1748213025911.0,37119.1,37134.1
1748213026976.0,37116.6,37131.6
1748213028852.0,37119.1,37134.1
1748213043632.0,37116.6,37131.6
1748213044563.0,37119.1,37134.1
1748213045461.0,37116.6,37131.6
1748213048386.0,37119.1,37134.1
1748213049413.0,37121.6,37136.6
1748213053811,,
1748213054005.0,37119.1,37134.1
1748213059818.0,37116.6,37131.6
1748213061141.0,37119.1,37134.1
1748213064103.0,37116.6,37131.6
1748213064302.0,37119.1,37134.1
1748213064952.0,37121.6,37136.6
1748213072258,,
1748213072459.0,37126.6,37141.6
1748213081704.0,37129.1,37144.1
1748213082102.0,37126.6,37141.6
1748213082321.0,37129.1,37144.1
1748213107571.0,37131.6,37146.6
1748213107770.0,37139.1,37154.1
1748213109133.0,37141.6,37156.6
1748213116488,,
1748213116688.0,37144.1,37159.1
1748213117190.0,37146.6,37161.6
1748213118156.0,37149.1,37164.1
1748213118356.0,37146.6,37161.6
1748213123481,,
1748213123587.0,37144.1,37159.1
1748213123997.0,37146.6,37161.6
1748213125432.0,37149.1,37164.1
1748213125833.0,37146.6,37161.6
1748213127135.0,37149.1,37164.1
1748213128336.0,37146.6,37161.6
1748213128537.0,37144.1,37159.1
1748213130661.0,37141.6,37156.6
1748213130860.0,37144.1,37159.1
1748213133166.0,37141.6,37156.6
1748213133361.0,37144.1,37159.1
1748213134303.0,37141.6,37156.6
1748213135252.0,37144.1,37159.1
1748213136157.0,37141.6,37156.6
1748213136356.0,37139.1,37154.1
1748213140668.0,37134.1,37149.1
1748213142468.0,37136.6,37151.6
1748213142668.0,37139.1,37154.1
1748213143140.0,37136.6,37151.6
1748213143340.0,37139.1,37154.1
1748213147355.0,37141.6,37156.6
1748213147554.0,37144.1,37159.1
1748213149468.0,37141.6,37156.6
1748213149663.0,37139.1,37154.1
1748213166326.0,37136.6,37151.6
1748213166536.0,37139.1,37154.1
1748213167493.0,37136.6,37151.6
1748213167686.0,37134.1,37149.1
1748213168020.0,37136.6,37151.6
1748213168217.0,37139.1,37154.1
1748213172922.0,37141.6,37156.6
1748213173121.0,37139.1,37154.1
1748213174774.0,37136.6,37151.6
1748213174975.0,37134.1,37149.1
1748213177387.0,37136.6,37151.6
1748213177583.0,37134.1,37149.1
1748213182926.0,37136.6,37151.6
1748213184410,,
1748213184509.0,37139.1,37154.1
1748213191171.0,37141.6,37156.6
1748213191370.0,37139.1,37154.1
1748213193067.0,37136.6,37151.6
1748213193260.0,37139.1,37154.1
1748213194570.0,37136.6,37151.6
1748213195704.0,37139.1,37154.1
1748213206474.0,37136.6,37151.6
1748213206670.0,37139.1,37154.1
1748213211089.0,37136.6,37151.6
1748213213894.0,37139.1,37154.1
1748213216097.0,37136.6,37151.6
1748213216297.0,37134.1,37149.1
1748213241282.0,37131.6,37146.6
1748213241479.0,37129.1,37144.1
1748213244811.0,37126.6,37141.6
1748213245015.0,37124.1,37139.1
1748213248831.0,37126.6,37141.6
1748213249030.0,37124.1,37139.1
1748213250096.0,37121.6,37136.6
1748213250291.0,37119.1,37134.1
1748213283744.0,37121.6,37136.6
1748213283951.0,37119.1,37134.1
1748213303685.0,37121.6,37136.6
1748213305458.0,37119.1,37134.1
1748213307308.0,37121.6,37136.6
1748213307516.0,37119.1,37134.1
1748213309078.0,37121.6,37136.6
1748213309273.0,37119.1,37134.1
1748213310888.0,37116.6,37131.6
1748213311670.0,37119.1,37134.1
1748213313079.0,37121.6,37136.6
1748213313480.0,37119.1,37134.1
1748213316457.0,37116.6,37131.6
1748213327993.0,37119.1,37134.1
1748213349925.0,37121.6,37136.6
1748213350712.0,37119.1,37134.1
1748213351812.0,37121.6,37136.6
1748213354368.0,37121.6,37136.6
1748213361303.0,37119.1,37134.1
1748213361702.0,37121.6,37136.6
1748213365461.0,37119.1,37134.1
1748213366731.0,37121.6,37136.6
1748213367932.0,37119.1,37134.1
1748213374726.0,37121.6,37136.6
1748213377329.0,37119.1,37134.1
1748213377527.0,37121.6,37136.6
1748213379402.0,37119.1,37134.1
1748213379600.0,37121.6,37136.6
1748213383196,,
1748213383402.0,37129.1,37144.1
1748213386336.0,37131.6,37146.6
1748213386532.0,37134.1,37149.1
1748213387092.0,37136.6,37151.6
1748213387291.0,37139.1,37154.1
1748213390091.0,37141.6,37156.6
1748213390291.0,37134.1,37149.1
1748213391462.0,37139.1,37154.1
1748213398130.0,37141.6,37156.6
1748213398347.0,37139.1,37154.1
1748213400262.0,37136.6,37151.6
1748213400467.0,37139.1,37154.1
1748213401700.0,37141.6,37156.6
1748213402698,,
1748213402900.0,37144.1,37159.1
1748213403183.0,37141.6,37156.6
1748213403582.0,37144.1,37159.1
1748213406243.0,37146.6,37161.6
1748213406443.0,37144.1,37159.1
1748213412847.0,37146.6,37161.6
1748213413044.0,37149.1,37164.1
1748213421102.0,37146.6,37161.6
1748213421307.0,37149.1,37164.1
1748213425373.0,37151.6,37166.6
1748213425572.0,37149.1,37164.1
1748213431248.0,37146.6,37161.6
1748213433534,,
1748213433732.0,37141.6,37156.6
1748213436302.0,37144.1,37159.1
1748213436503.0,37141.6,37156.6
1748213437072.0,37139.1,37154.1
1748213439769.0,37136.6,37151.6
1748213439968.0,37134.1,37149.1
1748213440490.0,37131.6,37146.6
1748213441114.0,37129.1,37144.1
1748213442536.0,37126.6,37141.6
1748213442733.0,37124.1,37139.1
1748213443394.0,37121.6,37136.6
1748213443592.0,37124.1,37139.1
1748213445042.0,37121.6,37136.6
1748213445241.0,37124.1,37139.1
1748213446658.0,37126.6,37141.6
1748213446853.0,37124.1,37139.1
1748213449864.0,37126.6,37141.6
1748213450060.0,37129.1,37144.1
1748213450445.0,37131.6,37146.6
1748213450643.0,37129.1,37144.1
1748213455695.0,37131.6,37146.6
1748213455883.0,37129.1,37144.1
1748213458669.0,37126.6,37141.6
1748213458869.0,37129.1,37144.1
1748213460763.0,37126.6,37141.6
1748213461167.0,37129.1,37144.1
1748213463362.0,37131.6,37146.6
1748213463558.0,37129.1,37144.1
1748213464051.0,37134.1,37149.1
1748213464942.0,37131.6,37146.6
1748213466788.0,37129.1,37144.1
1748213470036.0,37126.6,37141.6
1748213470233.0,37124.1,37139.1
1748213470995.0,37126.6,37141.6
1748213471210.0,37124.1,37139.1
1748213473947.0,37121.6,37136.6
1748213474144.0,37119.1,37134.1
1748213480004.0,37121.6,37136.6
1748213480199.0,37124.1,37139.1
1748213485903.0,37121.6,37136.6
1748213486096.0,37119.1,37134.1
1748213494000.0,37121.6,37136.6
1748213494212.0,37124.1,37139.1
1748213499190.0,37126.6,37141.6
1748213499385.0,37129.1,37144.1
1748213500396.0,37126.6,37141.6
1748213501109.0,37129.1,37144.1
1748213506392.0,37126.6,37141.6
1748213506593.0,37129.1,37144.1
1748213524783.0,37126.6,37141.6
1748213524986.0,37124.1,37139.1
1748213538760.0,37121.6,37136.6
1748213538955.0,37119.1,37134.1
1748213541516.0,37121.6,37136.6
1748213542044.0,37124.1,37139.1
1748213554303.0,37126.6,37141.6
1748213554501.0,37129.1,37144.1
1748213556434.0,37126.6,37141.6
1748213558630.0,37129.1,37144.1
1748213566413,,
1748213566609.0,37124.1,37139.1
1748213604931.0,37126.6,37141.6
1748213605326.0,37129.1,37144.1
1748213606824.0,37126.6,37141.6
1748213614455,,
1748213614649.0,37124.1,37139.1
1748213639709.0,37126.6,37141.6
1748213639907.0,37129.1,37144.1
1748213640518.0,37126.6,37141.6
1748213640715.0,37129.1,37144.1
1748213644964.0,37131.6,37146.6
1748213645156.0,37129.1,37144.1
1748213648808.0,37131.6,37146.6
1748213649008.0,37134.1,37149.1
1748213650285.0,37131.6,37146.6
1748213651670.0,37134.1,37149.1
1748213652902.0,37131.6,37146.6
1748213653904.0,37134.1,37149.1
1748213655502.0,37131.6,37146.6
1748213660129.0,37134.1,37149.1
1748213661843.0,37131.6,37146.6
1748213700316.0,37134.1,37149.1
1748213700515.0,37131.6,37146.6
1748213700714.0,37134.1,37149.1
1748213717681.0,37136.6,37151.6
1748213717882.0,37139.1,37154.1
1748213724809.0,37144.1,37159.1
1748213728026.0,37141.6,37156.6
1748213735447.0,37139.1,37154.1
1748213735646.0,37129.1,37144.1
1748213743901.0,37131.6,37146.6
1748213767137,,
1748213767336.0,37139.1,37154.1
1748213769371.0,37136.6,37151.6
1748213774601,,
1748213774799.0,37134.1,37149.1
1748213781834.0,37131.6,37146.6
1748213783608,,
1748213783802.0,37134.1,37149.1
1748213784893.0,37136.6,37151.6
1748213785092.0,37139.1,37154.1
1748213790549.0,37136.6,37151.6
1748213790749.0,37134.1,37149.1
1748213811809.0,37131.6,37146.6
1748213831237.0,37129.1,37144.1
1748213839164.0,37126.6,37141.6
1748213839359.0,37124.1,37139.1
1748213840073.0,37126.6,37141.6
1748213840490.0,37124.1,37139.1
1748213846882.0,37121.6,37136.6
1748213847084.0,37124.1,37139.1
1748213849722.0,37126.6,37141.6
1748213853757.0,37124.1,37139.1
1748213855046.0,37126.6,37141.6
1748213868811.0,37129.1,37144.1
1748213874197.0,37126.6,37141.6
1748213878933.0,37129.1,37144.1
1748213879561.0,37126.6,37141.6
1748213879964.0,37129.1,37144.1
1748213891335.0,37126.6,37141.6
1748213891759.0,37124.1,37139.1
1748213903535.0,37121.6,37136.6
1748213903733.0,37124.1,37139.1
1748213906208.0,37121.6,37136.6
1748213906407.0,37124.1,37139.1
1748213909196.0,37121.6,37136.6
1748213909596.0,37124.1,37139.1
1748213912029.0,37121.6,37136.6
1748213912482.0,37124.1,37139.1
1748213915621.0,37121.6,37136.6
1748213917726.0,37124.1,37139.1
1748213920175.0,37121.6,37136.6
1748213920373.0,37124.1,37139.1
1748213930032.0,37121.6,37136.6
1748213930229.0,37119.1,37134.1
1748213932459.0,37121.6,37136.6
1748213934281.0,37119.1,37134.1
1748213941021.0,37116.6,37131.6
1748213960501.0,37114.1,37129.1
1748213967811.0,37111.6,37126.6
1748213968012.0,37109.1,37124.1
1748213985851.0,37114.1,37129.1
1748213998955.0,37111.6,37126.6
1748213999153.0,37109.1,37124.1
1748213999891.0,37111.6,37126.6
1748214000090.0,37109.1,37124.1
1748214000481.0,37111.6,37126.6
1748214000681.0,37114.1,37129.1
1748214001159.0,37116.6,37131.6
1748214001359.0,37126.6,37141.6
1748214001650.0,37129.1,37144.1
1748214002305.0,37131.6,37146.6
1748214002504.0,37129.1,37144.1
1748214003109,,
1748214003310.0,37119.1,37134.1
1748214003621.0,37121.6,37136.6
1748214003822.0,37124.1,37139.1
1748214010688,,
1748214011700.0,37126.6,37141.6
1748214011898.0,37129.1,37144.1
1748214013540.0,37126.6,37141.6
1748214015841.0,37129.1,37144.1
1748214016041.0,37126.6,37141.6
1748214017833.0,37129.1,37144.1
1748214019732.0,37126.6,37141.6
1748214024408,,
1748214024608.0,37124.1,37139.1
1748214024810.0,37129.1,37144.1
1748214025678.0,37126.6,37141.6
1748214027676.0,37129.1,37144.1
1748214031957.0,37126.6,37141.6
1748214032631.0,37129.1,37144.1
1748214063118.0,37131.6,37146.6
1748214063316.0,37134.1,37149.1
1748214083966.0,37131.6,37146.6
1748214085723.0,37134.1,37149.1
1748214097194.0,37136.6,37151.6
1748214097393.0,37139.1,37154.1
1748214100089.0,37141.6,37156.6
1748214109094.0,37136.6,37151.6
1748214109294.0,37139.1,37154.1
1748214112913.0,37141.6,37156.6
1748214119956.0,37144.1,37159.1
1748214123065.0,37146.6,37161.6
1748214123274.0,37149.1,37164.1
1748214129656.0,37146.6,37161.6
1748214130543.0,37149.1,37164.1
1748214134232.0,37146.6,37161.6
1748214134426,,
1748214135754.0,37149.1,37164.1
1748214136699.0,37146.6,37161.6
1748214137099.0,37149.1,37164.1
1748214138396.0,37146.6,37161.6
1748214138987.0,37149.1,37164.1
1748214140601.0,37146.6,37161.6
1748214140800.0,37149.1,37164.1
1748214144864.0,37146.6,37161.6
1748214145860.0,37149.1,37164.1
1748214147214.0,37146.6,37161.6
1748214147761.0,37149.1,37164.1
1748214148222.0,37151.6,37166.6
1748214148422.0,37149.1,37164.1
1748214150529.0,37146.6,37161.6
1748214150729.0,37149.1,37164.1
1748214150957.0,37146.6,37161.6
1748214151157.0,37149.1,37164.1
1748214156550.0,37146.6,37161.6
1748214156746.0,37141.6,37156.6
1748214165425.0,37144.1,37159.1
1748214173628.0,37141.6,37156.6
1748214251760.0,37139.1,37154.1
1748214253333.0,37141.6,37156.6
1748214263781.0,37139.1,37154.1
1748214263979.0,37141.6,37156.6
1748214266625.0,37139.1,37154.1
1748214266823.0,37136.6,37151.6
1748214269621.0,37139.1,37154.1
1748214270532.0,37136.6,37151.6
1748214271757.0,37134.1,37149.1
1748214273995.0,37131.6,37146.6
1748214274450.0,37134.1,37149.1
1748214282380.0,37136.6,37151.6
1748214283016.0,37134.1,37149.1
1748214295454.0,37131.6,37146.6
1748214295655.0,37134.1,37149.1
1748214302591.0,37136.6,37151.6
1748214302790.0,37139.1,37154.1
1748214315082.0,37141.6,37156.6
1748214315282.0,37144.1,37159.1
1748214348900.0,37146.6,37161.6
1748214349105.0,37149.1,37164.1
1748214354949.0,37146.6,37161.6
1748214355397,,
1748214355598.0,37144.1,37159.1
1748214359810.0,37146.6,37161.6
1748214360010.0,37149.1,37164.1
1748214360210.0,37144.1,37159.1
1748214360411.0,37149.1,37164.1
1748214361225.0,37151.6,37166.6
1748214361423.0,37149.1,37164.1
1748214361779.0,37146.6,37161.6
1748214361976.0,37149.1,37164.1
1748214363355.0,37146.6,37161.6
1748214363555.0,37144.1,37159.1
1748214365051.0,37146.6,37161.6
1748214365250.0,37149.1,37164.1
1748214365450.0,37146.6,37161.6
1748214365649.0,37144.1,37159.1
1748214365851.0,37149.1,37164.1
1748214367030.0,37146.6,37161.6
1748214367230.0,37149.1,37164.1
1748214368892.0,37146.6,37161.6
1748214369622.0,37144.1,37159.1
1748214399643.0,37141.6,37156.6
1748214404783.0,37144.1,37159.1
1748214418098.0,37141.6,37156.6
1748214420102.0,37139.1,37154.1
1748214420303.0,37134.1,37149.1
1748214420502.0,37131.6,37146.6
1748214421423.0,37129.1,37144.1
1748214422265.0,37126.6,37141.6
1748214422665.0,37129.1,37144.1
1748214424061.0,37126.6,37141.6
1748214424260.0,37131.6,37146.6
1748214424462.0,37134.1,37149.1
1748214425770.0,37131.6,37146.6
1748214425969.0,37134.1,37149.1
1748214429293.0,37131.6,37146.6
1748214433987.0,37134.1,37149.1
1748214434943.0,37131.6,37146.6
1748214446048.0,37134.1,37149.1
1748214451827.0,37131.6,37146.6
1748214463588.0,37129.1,37144.1
1748214463788.0,37126.6,37141.6
1748214467676.0,37124.1,37139.1
1748214467872.0,37126.6,37141.6
1748214478716.0,37124.1,37139.1
1748214479115.0,37126.6,37141.6
1748214480208.0,37124.1,37139.1
1748214480608.0,37126.6,37141.6
1748214485401.0,37124.1,37139.1
1748214513451.0,37121.6,37136.6
1748214521560,,
1748214521760.0,37116.6,37131.6
1748214524546,,
1748214524746.0,37111.6,37126.6
1748214526648,,
1748214526749.0,37119.1,37134.1
1748214528613.0,37121.6,37136.6
1748214529011.0,37119.1,37134.1
1748214538875.0,37116.6,37131.6
1748214541075.0,37119.1,37134.1
1748214541276.0,37116.6,37131.6
1748214541539.0,37119.1,37134.1
1748214560355.0,37121.6,37136.6
1748214562643.0,37119.1,37134.1
1748214564560.0,37121.6,37136.6
1748214567100.0,37119.1,37134.1
1748214583178.0,37116.6,37131.6
1748214583372.0,37114.1,37129.1
1748214596533.0,37116.6,37131.6
1748214601294.0,37119.1,37134.1
1748214604496.0,37116.6,37131.6
1748214612951.0,37114.1,37129.1
1748214616116.0,37116.6,37131.6
1748214616316.0,37119.1,37134.1
1748214617621.0,37116.6,37131.6
1748214622122.0,37119.1,37134.1
1748214633227.0,37121.6,37136.6
1748214660734.0,37124.1,37139.1
1748214680674.0,37126.6,37141.6
1748214680871.0,37129.1,37144.1
1748214686049.0,37126.6,37141.6
1748214686249.0,37124.1,37139.1
1748214687618.0,37126.6,37141.6
1748214687817.0,37129.1,37144.1
1748214689822.0,37126.6,37141.6
1748214690020.0,37124.1,37139.1
1748214698943.0,37126.6,37141.6
1748214699139.0,37129.1,37144.1
1748214699757.0,37126.6,37141.6
1748214699958.0,37124.1,37139.1
1748214701222.0,37126.6,37141.6
1748214706802.0,37124.1,37139.1
1748214709603.0,37129.1,37144.1
1748214727053.0,37124.1,37139.1
1748214733383.0,37126.6,37141.6
1748214734378.0,37124.1,37139.1
1748214734577.0,37126.6,37141.6
1748214736179.0,37124.1,37139.1
1748214736607.0,37126.6,37141.6
1748214739051.0,37129.1,37144.1
1748214741477.0,37126.6,37141.6
1748214741673.0,37124.1,37139.1
1748214743998.0,37121.6,37136.6
1748214745689.0,37124.1,37139.1
1748214750064.0,37121.6,37136.6
1748214750263.0,37124.1,37139.1
1748214756389.0,37121.6,37136.6
1748214756984.0,37124.1,37139.1
1748214758385.0,37126.6,37141.6
1748214758585.0,37124.1,37139.1
1748214760189.0,37121.6,37136.6
1748214760391.0,37124.1,37139.1
1748214765631.0,37121.6,37136.6
1748214767669.0,37124.1,37139.1
1748214771999.0,37121.6,37136.6
1748214772199.0,37124.1,37139.1
1748214776110.0,37121.6,37136.6
1748214778114.0,37124.1,37139.1
1748214783369.0,37121.6,37136.6
1748214784420.0,37124.1,37139.1
1748214785947.0,37119.1,37134.1
1748214790184.0,37121.6,37136.6
1748214790380.0,37119.1,37134.1
1748214868731.0,37121.6,37136.6
1748214868931.0,37124.1,37139.1
1748214876796.0,37121.6,37136.6
1748214876996.0,37119.1,37134.1
1748214888072.0,37121.6,37136.6
1748214888271.0,37119.1,37134.1
1748214903976.0,37116.6,37131.6
1748214908964.0,37119.1,37134.1
1748214912351.0,37116.6,37131.6
1748214913861.0,37114.1,37129.1
1748214918998.0,37111.6,37126.6
1748214919197.0,37114.1,37129.1
1748214931986,,
1748214932187.0,37104.1,37119.1
1748214942016,,
1748214947038,,
1748214947433,,
1748214951866.0,37106.6,37121.6
1748214955204,,
1748214955401.0,37101.6,37116.6
1748214983129,,
1748214983323.0,37096.6,37111.6
1748214983775.0,37099.1,37114.1
1748214985503.0,37096.6,37111.6
1748214985916.0,37099.1,37114.1
1748214986117.0,37096.6,37111.6
1748214986602.0,37099.1,37114.1
1748214987533.0,37096.6,37111.6
1748214988511.0,37099.1,37114.1
1748214990472.0,37099.1,37114.1
1748214990986.0,37099.1,37114.1
1748214991413.0,37096.6,37111.6
1748214992019.0,37099.1,37114.1
1748214999386.0,37096.6,37111.6
1748214999585.0,37099.1,37114.1
1748215002060,,
1748215005037,,
1748215005236.0,37099.1,37114.1
1748215014728.0,37101.6,37116.6
1748215146235,,
1748215146428.0,37099.1,37114.1
1748215149012.0,37101.6,37116.6
1748215150407.0,37104.1,37119.1
1748215152368.0,37101.6,37116.6
1748215164592.0,37104.1,37119.1
1748215166567.0,37101.6,37116.6
1748215168644.0,37104.1,37119.1
1748215169114.0,37106.6,37121.6
1748215175757,,
1748215175956.0,37101.6,37116.6
1748215176442.0,37104.1,37119.1
1748215182816.0,37106.6,37121.6
1748215260287,,
1748215260483.0,37101.6,37116.6
1748215261398.0,37104.1,37119.1
1748215262232.0,37101.6,37116.6
1748215303897.0,37104.1,37119.1
1748215304095.0,37101.6,37116.6
1748215310418.0,37104.1,37119.1
1748215319316.0,37101.6,37116.6
1748215322089.0,37104.1,37119.1
1748215326391.0,37106.6,37121.6
1748215342372.0,37109.1,37124.1
1748215342572.0,37106.6,37121.6
1748215354167,,
1748215354364.0,37101.6,37116.6
1748215356024.0,37104.1,37119.1
1748215356220.0,37101.6,37116.6
1748215362678.0,37104.1,37119.1
1748215366214.0,37101.6,37116.6
1748215366412.0,37104.1,37119.1
1748215368050.0,37101.6,37116.6
1748215369003.0,37104.1,37119.1
1748215378612.0,37106.6,37121.6
1748215390572.0,37109.1,37124.1
1748215391592.0,37106.6,37121.6
1748215399274.0,37109.1,37124.1
1748215415879.0,37106.6,37121.6
1748215444879.0,37109.1,37124.1
1748215445278.0,37106.6,37121.6
1748215455370.0,37109.1,37124.1
1748215456189.0,37106.6,37121.6
1748215457217.0,37109.1,37124.1
1748215457771.0,37106.6,37121.6
1748215462263.0,37109.1,37124.1
1748215494564.0,37111.6,37126.6
1748215498212.0,37114.1,37129.1
1748215498411.0,37111.6,37126.6
1748215505224,,
1748215505424.0,37109.1,37124.1
1748215505674.0,37111.6,37126.6
1748215505872.0,37114.1,37129.1
1748215506332.0,37111.6,37126.6
1748215513321.0,37114.1,37129.1
1748215513518.0,37116.6,37131.6
1748215516663.0,37119.1,37134.1
1748215517461.0,37116.6,37131.6
1748215524721.0,37119.1,37134.1
1748215528078.0,37116.6,37131.6
1748215528679.0,37116.6,37131.6
1748215529815.0,37119.1,37134.1
1748215531375,,
1748215531569.0,37111.6,37126.6
1748215534564,,
1748215534764.0,37114.1,37129.1
1748215534963.0,37111.6,37126.6
1748215537171.0,37114.1,37129.1
1748215539877.0,37111.6,37126.6
1748215547932.0,37114.1,37129.1
1748215549846.0,37111.6,37126.6
1748215555458.0,37114.1,37129.1
1748215557662.0,37111.6,37126.6
1748215557862.0,37114.1,37129.1
1748215559222.0,37111.6,37126.6
1748215559421.0,37114.1,37129.1
1748215559622.0,37111.6,37126.6
1748215560335,,
1748215560532.0,37116.6,37131.6
1748215583666,,
1748215583864.0,37111.6,37126.6
1748215584324.0,37114.1,37129.1
1748215587357.0,37116.6,37131.6
1748215587555,,
1748215597036,,
1748215597233.0,37111.6,37126.6
1748215599088.0,37109.1,37124.1
1748215608499.0,37106.6,37121.6
1748215610882,,
1748215613213.0,37109.1,37124.1
1748215634981.0,37111.6,37126.6
1748215635179.0,37109.1,37124.1
1748215657699.0,37106.6,37121.6
1748215657900.0,37109.1,37124.1
1748215666483.0,37106.6,37121.6
1748215666682.0,37109.1,37124.1
1748215674652.0,37106.6,37121.6
1748215680750.0,37109.1,37124.1
1748215686850.0,37106.6,37121.6
1748215687051.0,37109.1,37124.1
1748215687650.0,37109.1,37124.1
1748215700329.0,37111.6,37126.6
1748215700527.0,37109.1,37124.1
1748215770127.0,37106.6,37121.6
1748215771141.0,37104.1,37119.1
1748215794779.0,37101.6,37116.6
1748215796117.0,37104.1,37119.1
1748215797466,,
1748215797662.0,37101.6,37116.6
1748215800219,,
1748215800417.0,37089.1,37104.1
1748215800617.0,37094.1,37109.1
1748215806254.0,37091.6,37106.6
1748215807840,,
1748215808039.0,37086.6,37101.6
1748215810041,,
1748215810239.0,37081.6,37096.6
1748215810442.0,37079.1,37094.1
1748215814127.0,37081.6,37096.6
1748215814527.0,37084.1,37099.1
1748215814727.0,37089.1,37104.1
1748215815013.0,37093.1,37100.1
1748215815112.0,37095.6,37102.6
1748215816490.0,37093.1,37100.1
1748215816688.0,37090.6,37097.6
1748215819597.0,37093.1,37100.1
1748215820195.0,37090.6,37097.6
1748215820392.0,37093.1,37100.1
1748215841709.0,37090.6,37097.6
1748215842019,,
1748215842992,,
1748215846101,,
1748215846251.0,37088.1,37095.1
1748215851938,,
1748215852139.0,37080.6,37087.6
1748215852496.0,37078.1,37085.1
1748215853487.0,37075.6,37082.6
1748215853740.0,37078.1,37085.1
1748215853940.0,37080.6,37087.6
1748215854139.0,37085.6,37092.6
1748215860178,,
1748215860376.0,37088.1,37095.1
1748215872221.0,37090.6,37097.6
1748215872421.0,37095.6,37102.6
1748215873221.0,37098.1,37105.1
1748215873421.0,37100.6,37107.6
1748215897703.0,37103.1,37110.1
1748215901797.0,37105.6,37112.6
1748215901996.0,37108.1,37115.1
1748215905220,,
1748215910786,,
1748215912958.0,37110.6,37117.6
1748215913157,,
1748215913355.0,37108.1,37115.1
1748215913897.0,37110.6,37117.6
1748215914953.0,37108.1,37115.1
1748215915353.0,37110.6,37117.6
1748215915659,,
1748215915859.0,37118.1,37125.1
1748215916402.0,37115.6,37122.6
1748215916603.0,37118.1,37125.1
1748215917859.0,37115.6,37122.6
1748215918057.0,37113.1,37120.1
1748215918257.0,37115.6,37122.6
1748215918457.0,37110.6,37117.6
1748215920325.0,37108.1,37115.1
1748215921015,,
1748215921153.0,37110.6,37117.6
1748215921353.0,37115.6,37122.6
1748215922747.0,37113.1,37120.1
1748215927848.0,37115.6,37122.6
1748215928048.0,37118.1,37125.1
1748215928249.0,37120.6,37127.6
1748215928451.0,37123.1,37130.1
1748215935308.0,37120.6,37127.6
1748215935509.0,37113.1,37120.1
1748215946865.0,37113.1,37120.1
1748215947958,,
1748215951342.0,37115.6,37122.6
1748215951540.0,37123.1,37130.1
1748215952031,,
1748215955073.0,37125.6,37132.6
1748215955272,,
1748215956074.0,37123.1,37130.1
1748215956988,,
1748215957186.0,37125.6,37132.6
1748215960401.0,37123.1,37130.1
1748215984368,,
1748215984490.0,37130.6,37137.6
1748215984687.0,37128.1,37135.1
1748215984966.0,37130.6,37137.6
1748215985166.0,37133.1,37140.1
1748215986877,,
1748215988019.0,37130.6,37137.6
1748215988219.0,37133.1,37140.1
1748215991276.0,37130.6,37137.6
1748215995203,,
1748215995402.0,37133.1,37140.1
1748215996227,,
1748216000854,,
1748216001889.0,37130.6,37137.6
1748216002089,,
1748216004286.0,37133.1,37140.1
1748216004485,,
1748216013403.0,37130.6,37137.6
1748216014509.0,37133.1,37140.1
1748216014954,,
1748216022156.0,37135.6,37142.6
1748216022356.0,37133.1,37140.1
1748216028361.0,37130.6,37137.6
1748216028561.0,37133.1,37140.1
1748216039322.0,37130.6,37137.6
1748216039520.0,37128.1,37135.1
1748216039720.0,37123.1,37130.1
1748216045176.0,37125.6,37132.6
1748216046050.0,37123.1,37130.1
1748216061249,,
1748216061490,,
1748216061589.0,37125.6,37132.6
1748216066014,,
1748216066213.0,37133.1,37140.1
1748216066414.0,37135.6,37142.6
1748216069050,,
1748216070907,,
1748216071051.0,37138.1,37145.1
1748216077124,,
1748216079006.0,37140.6,37147.6
1748216082044,,
1748216082245.0,37148.1,37155.1
1748216082444.0,37150.6,37157.6
1748216082663.0,37148.1,37155.1
1748216084936.0,37150.6,37157.6
1748216085132,,
1748216092783.0,37148.1,37155.1
1748216101431.0,37150.6,37157.6
1748216101628.0,37153.1,37160.1
1748216105679.0,37150.6,37157.6
1748216105877.0,37148.1,37155.1
1748216106077.0,37150.6,37157.6
1748216106458.0,37153.1,37160.1
1748216106658.0,37155.6,37162.6
1748216106858.0,37150.6,37157.6
1748216108655.0,37148.1,37155.1
1748216108854.0,37153.1,37160.1
1748216109055.0,37155.6,37162.6
1748216109969,,
1748216110170.0,37160.6,37167.6
1748216112049,,
1748216116943.0,37163.1,37170.1
1748216117207.0,37165.6,37172.6
1748216117407.0,37163.1,37170.1
1748216118857,,
1748216119748.0,37165.6,37172.6
1748216119948.0,37158.1,37165.1
1748216120148.0,37160.6,37167.6
1748216120347,,
1748216124915,,
1748216125061.0,37155.6,37162.6
1748216128457,,
1748216128584.0,37158.1,37165.1
1748216129282,,
1748216130057.0,37155.6,37162.6
1748216131435.0,37158.1,37165.1
1748216133195.0,37160.6,37167.6
1748216133404.0,37155.6,37162.6
1748216133644,,
1748216136355.0,37153.1,37160.1
1748216136754.0,37148.1,37155.1
1748216140240.0,37150.6,37157.6
1748216147557.0,37155.6,37162.6
1748216147810,,
1748216149443.0,37153.1,37160.1
1748216149959.0,37155.6,37162.6
1748216160317.0,37153.1,37160.1
1748216161376,,
1748216161487.0,37155.6,37162.6
1748216162089.0,37153.1,37160.1
1748216168368.0,37155.6,37162.6
1748216173441.0,37153.1,37160.1
1748216177206,,
1748216198708,,
1748216198906.0,37160.6,37167.6
1748216199106.0,37163.1,37170.1
1748216220841.0,37160.6,37167.6
1748216233469.0,37163.1,37170.1
1748216233668.0,37168.1,37175.1
1748216253288.0,37170.6,37177.6
1748216253488.0,37173.1,37180.1
1748216256175.0,37170.6,37177.6
1748216260361,,
1748216260559.0,37168.1,37175.1
1748216262183.0,37165.6,37172.6
1748216265249.0,37168.1,37175.1
1748216267731.0,37165.6,37172.6
1748216269456.0,37168.1,37175.1
1748216272762,,
1748216277325,,
1748216277525.0,37173.1,37180.1
1748216286825.0,37170.6,37177.6
1748216294438,,
1748216294585.0,37173.1,37180.1
1748216333217,,
1748216333419.0,37178.1,37185.1
1748216333968.0,37180.6,37187.6
1748216339876,,
1748216340311,,
1748216347477.0,37178.1,37185.1
1748216347953,,
1748216348083.0,37175.6,37182.6
1748216348283.0,37173.1,37180.1
1748216354981.0,37170.6,37177.6
1748216355182.0,37168.1,37175.1
1748216357784.0,37170.6,37177.6
1748216357984.0,37173.1,37180.1
1748216360001.0,37170.6,37177.6
1748216360200.0,37168.1,37175.1
1748216366236.0,37170.6,37177.6
1748216367729.0,37168.1,37175.1
1748216367927,,
1748216370005.0,37165.6,37172.6
1748216370206.0,37168.1,37175.1
1748216373682.0,37165.6,37172.6
1748216373883.0,37168.1,37175.1
1748216374635.0,37170.6,37177.6
1748216379179.0,37173.1,37180.1
1748216379375,,
1748216379737.0,37170.6,37177.6
1748216387427.0,37173.1,37180.1
1748216387838,,
1748216387967.0,37175.6,37182.6
1748216395592.0,37178.1,37185.1
1748216395791.0,37180.6,37187.6
1748216396840.0,37178.1,37185.1
1748216400859.0,37178.1,37185.1
1748216401057.0,37180.6,37187.6
1748216401259.0,37178.1,37185.1
1748216402251.0,37180.6,37187.6
1748216402624.0,37178.1,37185.1
1748216404172.0,37180.6,37187.6
1748216404572.0,37178.1,37185.1
1748216405080.0,37180.6,37187.6
1748216406074.0,37178.1,37185.1
1748216406487,,
1748216406686,,
1748216407568.0,37180.6,37187.6
1748216407768,,
1748216407982.0,37178.1,37185.1
1748216408182.0,37180.6,37187.6
1748216409075.0,37178.1,37185.1
1748216409654.0,37180.6,37187.6
1748216409854.0,37183.1,37190.1
1748216410052,,
1748216415924.0,37180.6,37187.6
1748216417483.0,37183.1,37190.1
1748216430033.0,37180.6,37187.6
1748216430232,,
1748216443592,,
1748216443742.0,37175.6,37182.6
1748216448797,,
1748216457185.0,37178.1,37185.1
1748216457602,,
1748216461051.0,37175.6,37182.6
1748216465521.0,37173.1,37180.1
1748216465721.0,37170.6,37177.6
1748216467002.0,37173.1,37180.1
1748216467303.0,37170.6,37177.6
1748216469896.0,37173.1,37180.1
1748216470821.0,37170.6,37177.6
1748216471019,,
1748216471221.0,37163.1,37170.1
1748216476366.0,37165.6,37172.6
1748216477411.0,37170.6,37177.6
1748216477851.0,37168.1,37175.1
1748216480596.0,37170.6,37177.6
1748216480847.0,37168.1,37175.1
1748216481235,,
1748216481962.0,37170.6,37177.6
1748216482798.0,37168.1,37175.1
1748216483733,,
1748216485754.0,37170.6,37177.6
1748216485953.0,37168.1,37175.1
1748216492151.0,37165.6,37172.6
1748216492348,,
1748216496847.0,37163.1,37170.1
1748216497045.0,37158.1,37165.1
1748216501018,,
1748216503135.0,37163.1,37170.1
1748216503817.0,37165.6,37172.6
1748216504017.0,37168.1,37175.1
1748216504216.0,37165.6,37172.6
1748216504418.0,37163.1,37170.1
1748216505521.0,37165.6,37172.6
1748216506202.0,37168.1,37175.1
1748216506921.0,37170.6,37177.6
1748216507122.0,37168.1,37175.1
1748216508657.0,37170.6,37177.6
1748216516897.0,37173.1,37180.1
1748216517097,,
1748216517580.0,37178.1,37185.1
1748216519332.0,37180.6,37187.6
1748216519530,,
1748216519833.0,37183.1,37190.1
1748216520082,,
1748216520232.0,37185.6,37192.6
1748216520505.0,37188.1,37195.1
1748216520703.0,37183.1,37190.1
1748216520910.0,37185.6,37192.6
1748216521178.0,37180.6,37187.6
1748216521378.0,37183.1,37190.1
1748216521578,,
1748216521780.0,37188.1,37195.1
1748216522487.0,37190.6,37197.6
1748216522688.0,37193.1,37200.1
1748216522900.0,37190.6,37197.6
1748216523098.0,37188.1,37195.1
1748216524441.0,37190.6,37197.6
1748216524640.0,37188.1,37195.1
1748216525348.0,37185.6,37192.6
1748216525548.0,37193.1,37200.1
1748216525989.0,37190.6,37197.6
1748216527108.0,37188.1,37195.1
1748216528059.0,37190.6,37197.6
1748216528258.0,37193.1,37200.1
1748216528459.0,37188.1,37195.1
1748216530303.0,37190.6,37197.6
1748216530956.0,37193.1,37200.1
1748216531155.0,37198.1,37205.1
1748216532043.0,37195.6,37202.6
1748216532243.0,37198.1,37205.1
1748216538417.0,37200.6,37207.6
1748216541332,,
1748216545647.0,37198.1,37205.1
1748216546194,,
1748216546328.0,37195.6,37202.6
1748216547117.0,37193.1,37200.1
1748216547317,,
1748216547806.0,37190.6,37197.6
1748216553758,,
1748216554240.0,37188.1,37195.1
1748216555799.0,37190.6,37197.6
1748216556554.0,37193.1,37200.1
1748216556754,,
1748216557867.0,37195.6,37202.6
1748216559784.0,37198.1,37205.1
1748216562399.0,37195.6,37202.6
1748216562600.0,37193.1,37200.1
1748216571344.0,37195.6,37202.6
1748216571982.0,37198.1,37205.1
1748216574912.0,37195.6,37202.6
1748216575111.0,37198.1,37205.1
1748216577902,,
1748216578062.0,37193.1,37200.1
1748216579771,,
1748216589252.0,37195.6,37202.6
1748216589452.0,37198.1,37205.1
1748216592966.0,37195.6,37202.6
1748216595590.0,37193.1,37200.1
1748216596894.0,37190.6,37197.6
1748216599093.0,37188.1,37195.1
1748216611358.0,37190.6,37197.6
1748216611559.0,37193.1,37200.1
1748216614460.0,37195.6,37202.6
1748216617749.0,37193.1,37200.1
1748216617948,,
1748216620853.0,37195.6,37202.6
1748216621456.0,37193.1,37200.1
1748216623572.0,37195.6,37202.6
1748216626882.0,37198.1,37205.1
1748216627287,,
1748216627441.0,37195.6,37202.6
1748216627640.0,37193.1,37200.1
1748216636119.0,37195.6,37202.6
1748216637689,,
1748216638238.0,37198.1,37205.1
1748216644942.0,37195.6,37202.6
1748216651218.0,37198.1,37205.1
1748216657282.0,37195.6,37202.6
1748216658094,,
1748216662353,,
1748216663627,,
1748216663825,,
1748216664960.0,37190.6,37197.6
1748216665158.0,37193.1,37200.1
1748216666121.0,37195.6,37202.6
1748216666317.0,37193.1,37200.1
1748216666878.0,37190.6,37197.6
1748216667077.0,37193.1,37200.1
1748216671937.0,37195.6,37202.6
1748216672595.0,37198.1,37205.1
1748216672792.0,37200.6,37207.6
1748216673379.0,37203.1,37210.1
1748216674679.0,37205.6,37212.6
1748216674876,,
1748216677415.0,37203.1,37210.1
1748216677614.0,37200.6,37207.6
1748216680515.0,37198.1,37205.1
1748216680714,,
1748216682210.0,37195.6,37202.6
1748216682410.0,37193.1,37200.1
1748216683232.0,37190.6,37197.6
1748216684445.0,37193.1,37200.1
1748216687927.0,37190.6,37197.6
1748216690371,,
1748216690572.0,37198.1,37205.1
1748216693284.0,37200.6,37207.6
1748216694923.0,37203.1,37210.1
1748216695624,,
1748216696253.0,37205.6,37212.6
1748216696465.0,37203.1,37210.1
1748216700242.0,37205.6,37212.6
1748216701092.0,37203.1,37210.1
1748216701294.0,37198.1,37205.1
1748216701492.0,37188.1,37195.1
1748216701691.0,37198.1,37205.1
1748216702312.0,37195.6,37202.6
1748216702511.0,37200.6,37207.6
1748216702712.0,37203.1,37210.1
1748216703421.0,37203.1,37210.1
1748216704384.0,37205.6,37212.6
1748216704583.0,37208.1,37215.1
1748216704784.0,37205.6,37212.6
1748216704981,,
1748216705303.0,37208.1,37215.1
1748216705502.0,37210.6,37217.6
1748216705702.0,37208.1,37215.1
1748216706571.0,37210.6,37217.6
1748216706769.0,37213.1,37220.1
1748216709423.0,37215.6,37222.6
1748216709623.0,37218.1,37225.1
1748216709823.0,37220.6,37227.6
1748216710023.0,37223.1,37230.1
1748216710286,,
1748216710489.0,37218.1,37225.1
1748216710687.0,37220.6,37227.6
1748216711467.0,37223.1,37230.1
1748216711680,,
1748216712719.0,37220.6,37227.6
1748216713322.0,37223.1,37230.1
1748216713819.0,37225.6,37232.6
1748216714016.0,37228.1,37235.1
1748216714225,,
1748216714423.0,37220.6,37227.6
1748216714886.0,37218.1,37225.1
1748216716306.0,37220.6,37227.6
1748216717980.0,37218.1,37225.1
1748216720301.0,37215.6,37222.6
1748216720500.0,37213.1,37220.1
1748216720699.0,37218.1,37225.1
1748216723476.0,37220.6,37227.6
1748216723861.0,37218.1,37225.1
1748216724061.0,37223.1,37230.1
1748216724260.0,37218.1,37225.1
1748216724828.0,37215.6,37222.6
1748216725029.0,37218.1,37225.1
1748216725872.0,37215.6,37222.6
1748216726071.0,37213.1,37220.1
1748216726271.0,37210.6,37217.6
1748216726471.0,37213.1,37220.1
1748216726671.0,37210.6,37217.6
1748216726871.0,37213.1,37220.1
1748216727824.0,37210.6,37217.6
1748216728020.0,37208.1,37215.1
1748216728847,,
1748216729327.0,37203.1,37210.1
1748216729959.0,37205.6,37212.6
1748216730157.0,37208.1,37215.1
1748216731154.0,37205.6,37212.6
1748216731355.0,37198.1,37205.1
1748216731555.0,37200.6,37207.6
1748216732255.0,37198.1,37205.1
1748216732653.0,37195.6,37202.6
1748216732850.0,37198.1,37205.1
1748216733049.0,37200.6,37207.6
1748216733782.0,37203.1,37210.1
1748216733983,,
1748216736142.0,37200.6,37207.6
1748216736338.0,37198.1,37205.1
1748216737303.0,37200.6,37207.6
1748216738266.0,37198.1,37205.1
1748216738466.0,37195.6,37202.6
1748216738664.0,37193.1,37200.1
1748216741493.0,37190.6,37197.6
1748216742132.0,37188.1,37195.1
1748216742331,,
1748216743298.0,37190.6,37197.6
1748216743497,,
1748216743698.0,37193.1,37200.1
1748216743985.0,37195.6,37202.6
1748216744185.0,37193.1,37200.1
1748216746040,,
1748216746240,,
1748216747274.0,37190.6,37197.6
1748216747473.0,37193.1,37200.1
1748216750046.0,37190.6,37197.6
1748216750244.0,37193.1,37200.1
1748216751830.0,37195.6,37202.6
1748216752229.0,37193.1,37200.1
1748216752429.0,37200.6,37207.6
1748216752829.0,37203.1,37210.1
1748216753605.0,37200.6,37207.6
1748216753804.0,37203.1,37210.1
1748216754135.0,37200.6,37207.6
1748216754334.0,37198.1,37205.1
1748216756141.0,37200.6,37207.6
1748216757206.0,37198.1,37205.1
1748216758117.0,37195.6,37202.6
1748216758315.0,37193.1,37200.1
1748216760136.0,37190.6,37197.6
1748216760337.0,37193.1,37200.1
1748216760736.0,37198.1,37205.1
1748216761445.0,37195.6,37202.6
1748216761645.0,37193.1,37200.1
1748216762267.0,37195.6,37202.6
1748216762465.0,37193.1,37200.1
1748216763140.0,37195.6,37202.6
1748216763339.0,37198.1,37205.1
1748216763539.0,37203.1,37210.1
1748216763741.0,37200.6,37207.6
1748216763998.0,37198.1,37205.1
1748216765074.0,37200.6,37207.6
1748216765274.0,37198.1,37205.1
1748216766140.0,37195.6,37202.6
1748216766335.0,37198.1,37205.1
1748216766535.0,37195.6,37202.6
1748216767447.0,37198.1,37205.1
1748216767646.0,37200.6,37207.6
1748216767846.0,37198.1,37205.1
1748216768046.0,37200.6,37207.6
1748216770485.0,37203.1,37210.1
1748216770684,,
1748216771125.0,37205.6,37212.6
1748216771325.0,37200.6,37207.6
1748216771874.0,37198.1,37205.1
1748216772076.0,37193.1,37200.1
1748216772654.0,37195.6,37202.6
1748216773408.0,37193.1,37200.1
1748216774313.0,37195.6,37202.6
1748216774543.0,37198.1,37205.1
1748216775132.0,37200.6,37207.6
1748216775335.0,37203.1,37210.1
1748216777150.0,37205.6,37212.6
1748216777351.0,37203.1,37210.1
1748216777957.0,37205.6,37212.6
1748216778164.0,37203.1,37210.1
1748216778531.0,37205.6,37212.6
1748216778729.0,37208.1,37215.1
1748216779703.0,37205.6,37212.6
1748216780011.0,37208.1,37215.1
1748216780210,,
1748216780410.0,37205.6,37212.6
1748216781335.0,37208.1,37215.1
1748216782338.0,37210.6,37217.6
1748216782537.0,37213.1,37220.1
1748216782737.0,37208.1,37215.1
1748216785536.0,37205.6,37212.6
1748216785734.0,37203.1,37210.1
1748216785934,,
1748216789470,,
1748216790072.0,37200.6,37207.6
1748216790271.0,37193.1,37200.1
1748216790469.0,37188.1,37195.1
1748216791439,,
1748216791539.0,37193.1,37200.1
1748216792726.0,37190.6,37197.6
1748216792925,,
1748216794089.0,37193.1,37200.1
1748216794581.0,37195.6,37202.6
1748216794894,,
1748216797790.0,37198.1,37205.1
1748216798887.0,37195.6,37202.6
1748216799089.0,37198.1,37205.1
1748216799906.0,37198.1,37205.1
1748216800132.0,37200.6,37207.6
1748216800330.0,37205.6,37212.6
1748216800868.0,37205.6,37212.6
1748216801066.0,37200.6,37207.6
1748216801468.0,37198.1,37205.1
1748216803276,,
1748216803675,,
1748216805045.0,37198.1,37205.1
1748216806880,,
1748216807135.0,37195.6,37202.6
1748216807336.0,37198.1,37205.1
1748216807737.0,37200.6,37207.6
1748216808917,,
1748216809041.0,37198.1,37205.1
1748216809637.0,37193.1,37200.1
1748216810180.0,37195.6,37202.6
1748216810378.0,37198.1,37205.1
1748216810742.0,37200.6,37207.6
1748216812400,,
1748216812937.0,37198.1,37205.1
1748216813136.0,37193.1,37200.1
1748216813337.0,37195.6,37202.6
1748216813536.0,37198.1,37205.1
1748216814357.0,37200.6,37207.6
1748216814558.0,37203.1,37210.1
1748216815448.0,37200.6,37207.6
1748216815650.0,37198.1,37205.1
1748216815848.0,37200.6,37207.6
1748216816069,,
1748216816269.0,37198.1,37205.1
1748216817116,,
1748216817800.0,37195.6,37202.6
1748216818652.0,37193.1,37200.1
1748216818850,,
1748216820263.0,37195.6,37202.6
1748216820463.0,37198.1,37205.1
1748216820669,,
1748216820984,,
1748216821911.0,37195.6,37202.6
1748216822112.0,37193.1,37200.1
1748216823063.0,37195.6,37202.6
1748216823262.0,37193.1,37200.1
1748216823941.0,37195.6,37202.6
1748216824140.0,37193.1,37200.1
1748216825484.0,37195.6,37202.6
1748216825847,,
1748216825946.0,37198.1,37205.1
1748216829944.0,37200.6,37207.6
1748216831135.0,37203.1,37210.1
1748216831565.0,37205.6,37212.6
1748216834603.0,37203.1,37210.1
1748216834802.0,37205.6,37212.6
1748216835005.0,37200.6,37207.6
1748216835205.0,37203.1,37210.1
1748216835744.0,37205.6,37212.6
1748216835943.0,37208.1,37215.1
1748216836471.0,37210.6,37217.6
1748216836869.0,37210.6,37217.6
1748216837170.0,37208.1,37215.1
1748216838640.0,37205.6,37212.6
1748216840088.0,37208.1,37215.1
1748216840348,,
1748216840490.0,37205.6,37212.6
1748216843531,,
1748216843731.0,37200.6,37207.6
1748216844212.0,37203.1,37210.1
1748216845735,,
1748216847371.0,37200.6,37207.6
1748216847579.0,37203.1,37210.1
1748216850078.0,37200.6,37207.6
1748216852137.0,37203.1,37210.1
1748216859094,,
1748216859310.0,37200.6,37207.6
1748216859493.0,37198.1,37205.1
1748216860071,,
1748216861137,,
1748216861336.0,37198.1,37205.1
1748216866582.0,37195.6,37202.6
1748216866991.0,37193.1,37200.1
1748216869031,,
1748216870188.0,37193.1,37200.1
1748216875134.0,37195.6,37202.6
1748216875332.0,37183.1,37190.1
1748216875799.0,37185.6,37192.6
1748216875998.0,37188.1,37195.1
1748216876978,,
1748216877178,,
1748216877880.0,37185.6,37192.6
1748216878685.0,37188.1,37195.1
1748216878913.0,37185.6,37192.6
1748216879645.0,37188.1,37195.1
1748216880220.0,37185.6,37192.6
1748216881813,,
1748216882012.0,37183.1,37190.1
1748216887242.0,37185.6,37192.6
1748216887440.0,37188.1,37195.1
1748216888657.0,37185.6,37192.6
1748216888857.0,37183.1,37190.1
1748216889284.0,37185.6,37192.6
1748216893872.0,37183.1,37190.1
1748216894072.0,37185.6,37192.6
1748216894933,,
1748216895032.0,37188.1,37195.1
1748216895140.0,37193.1,37200.1
1748216895336.0,37195.6,37202.6
1748216895537,,
1748216897335.0,37198.1,37205.1
1748216897532.0,37203.1,37210.1
1748216898503.0,37205.6,37212.6
1748216898700.0,37203.1,37210.1
1748216899284.0,37205.6,37212.6
1748216899493.0,37203.1,37210.1
1748216899703.0,37205.6,37212.6
1748216900332.0,37203.1,37210.1
1748216900588,,
1748216900939.0,37200.6,37207.6
1748216901179.0,37203.1,37210.1
1748216902070,,
1748216912542.0,37205.6,37212.6
1748216913916.0,37203.1,37210.1
1748216917495.0,37200.6,37207.6
1748216917862.0,37198.1,37205.1
1748216918063.0,37193.1,37200.1
1748216918877,,
1748216918976.0,37195.6,37202.6
1748216920132.0,37198.1,37205.1
1748216920331.0,37200.6,37207.6
1748216920532.0,37198.1,37205.1
1748216920732,,
1748216921136.0,37200.6,37207.6
1748216921333.0,37198.1,37205.1
1748216921776.0,37195.6,37202.6
1748216923853.0,37193.1,37200.1
1748216924855,,
1748216926881.0,37190.6,37197.6
1748216928704.0,37188.1,37195.1
1748216928902.0,37185.6,37192.6
1748216929247.0,37188.1,37195.1
1748216930714.0,37185.6,37192.6
1748216930913.0,37188.1,37195.1
1748216931135.0,37190.6,37197.6
1748216931940.0,37188.1,37195.1
1748216933336.0,37190.6,37197.6
1748216938502.0,37188.1,37195.1
1748216938696.0,37183.1,37190.1
1748216940845.0,37180.6,37187.6
1748216941242.0,37173.1,37180.1
1748216944348.0,37175.6,37182.6
1748216947717.0,37173.1,37180.1
1748216948207.0,37175.6,37182.6
1748216951138.0,37178.1,37185.1
1748216951337.0,37175.6,37182.6
1748216955006.0,37173.1,37180.1
1748216956344,,
1748216963513.0,37170.6,37177.6
1748216963709.0,37173.1,37180.1
1748216964277.0,37170.6,37177.6
1748216964476.0,37173.1,37180.1
1748216966709.0,37175.6,37182.6
1748216967166,,
1748216970448.0,37173.1,37180.1
1748216970646,,
1748216970846.0,37175.6,37182.6
1748216971046.0,37178.1,37185.1
1748216971702.0,37180.6,37187.6
1748216972138.0,37178.1,37185.1
1748216973027.0,37180.6,37187.6
1748216974957.0,37183.1,37190.1
1748216979196.0,37180.6,37187.6
1748216979721.0,37183.1,37190.1
1748216982871.0,37180.6,37187.6
1748216990391.0,37175.6,37182.6
1748216990639,,
1748216990791.0,37173.1,37180.1
1748216997010,,
1748216997208.0,37175.6,37182.6
1748216997409.0,37173.1,37180.1
1748217001047.0,37175.6,37182.6
1748217001247.0,37173.1,37180.1
1748217002464.0,37170.6,37177.6
1748217004470.0,37173.1,37180.1
1748217004677,,
1748217007671.0,37175.6,37182.6
1748217007870.0,37183.1,37190.1
1748217009237.0,37180.6,37187.6
1748217009436.0,37178.1,37185.1
1748217010232.0,37180.6,37187.6
1748217010517.0,37178.1,37185.1
1748217011346.0,37180.6,37187.6
1748217011544.0,37178.1,37185.1
1748217015571.0,37180.6,37187.6
1748217016174.0,37175.6,37182.6
1748217016373.0,37178.1,37185.1
1748217017900.0,37180.6,37187.6
1748217018099.0,37183.1,37190.1
1748217032010.0,37185.6,37192.6
1748217032210.0,37183.1,37190.1
1748217034112.0,37185.6,37192.6
1748217034310.0,37183.1,37190.1
1748217037240.0,37185.6,37192.6
1748217037438.0,37188.1,37195.1
1748217037638.0,37190.6,37197.6
1748217038358.0,37193.1,37200.1
1748217038555,,
1748217046389.0,37190.6,37197.6
1748217059316.0,37193.1,37200.1
1748217062579.0,37190.6,37197.6
1748217063980.0,37188.1,37195.1
1748217064178,,
1748217071584.0,37190.6,37197.6
1748217074154.0,37188.1,37195.1
1748217074636.0,37185.6,37192.6
1748217074835.0,37188.1,37195.1
1748217075036.0,37185.6,37192.6
1748217080113.0,37188.1,37195.1
1748217080311.0,37185.6,37192.6
1748217080643.0,37188.1,37195.1
1748217080844.0,37185.6,37192.6
1748217081345,,
1748217081546.0,37183.1,37190.1
1748217083151.0,37185.6,37192.6
1748217085982.0,37183.1,37190.1
1748217086236,,
1748217087004.0,37185.6,37192.6
1748217087203.0,37188.1,37195.1
1748217087403.0,37190.6,37197.6
1748217087603.0,37188.1,37195.1
1748217089029.0,37190.6,37197.6
1748217089229.0,37188.1,37195.1
1748217089701.0,37190.6,37197.6
1748217089900.0,37193.1,37200.1
1748217090763.0,37190.6,37197.6
1748217091132.0,37193.1,37200.1
1748217091332,,
1748217092943.0,37195.6,37202.6
1748217093143.0,37193.1,37200.1
1748217093458.0,37195.6,37202.6
1748217093658.0,37198.1,37205.1
1748217096347.0,37195.6,37202.6
1748217096546.0,37193.1,37200.1
1748217102406.0,37190.6,37197.6
1748217102916.0,37193.1,37200.1
1748217104767.0,37190.6,37197.6
1748217104966.0,37183.1,37190.1
1748217107762.0,37180.6,37187.6
1748217108747.0,37183.1,37190.1
1748217109199.0,37185.6,37192.6
1748217109396.0,37188.1,37195.1
1748217109597.0,37190.6,37197.6
1748217109798,,
1748217111012.0,37193.1,37200.1
1748217120174.0,37190.6,37197.6
1748217120374,,
1748217121625.0,37193.1,37200.1
1748217122072,,
1748217124904.0,37190.6,37197.6
1748217125103.0,37183.1,37190.1
1748217126574.0,37185.6,37192.6
1748217126777.0,37188.1,37195.1
1748217126972.0,37193.1,37200.1
1748217128625,,
1748217132275.0,37195.6,37202.6
1748217132474.0,37198.1,37205.1
1748217133741.0,37195.6,37202.6
1748217148543.0,37198.1,37205.1
1748217148743.0,37200.6,37207.6
1748217149587.0,37198.1,37205.1
1748217149786.0,37193.1,37200.1
1748217150924,,
1748217151497.0,37190.6,37197.6
1748217156292.0,37193.1,37200.1
1748217156490,,
1748217163765.0,37190.6,37197.6
1748217164297.0,37188.1,37195.1
1748217164496,,
1748217165868.0,37190.6,37197.6
1748217166199.0,37193.1,37200.1
1748217168572.0,37190.6,37197.6
1748217168966.0,37193.1,37200.1
1748217169166.0,37195.6,37202.6
1748217170449,,
1748217170987.0,37200.6,37207.6
1748217171186.0,37203.1,37210.1
1748217172629.0,37200.6,37207.6
1748217172828.0,37203.1,37210.1
1748217173317.0,37200.6,37207.6
1748217173516.0,37198.1,37205.1
1748217174114.0,37200.6,37207.6
1748217174316.0,37203.1,37210.1
1748217174692.0,37205.6,37212.6
1748217176037.0,37208.1,37215.1
1748217176235.0,37213.1,37220.1
1748217178112.0,37210.6,37217.6
1748217180601,,
1748217180700.0,37213.1,37220.1
1748217182522.0,37210.6,37217.6
1748217182720.0,37208.1,37215.1
1748217188401.0,37205.6,37212.6
1748217189437.0,37203.1,37210.1
1748217189634,,
1748217193061.0,37205.6,37212.6
1748217194022.0,37203.1,37210.1
1748217194218.0,37205.6,37212.6
1748217194962.0,37208.1,37215.1
1748217211100.0,37205.6,37212.6
1748217211298.0,37203.1,37210.1
1748217215082.0,37205.6,37212.6
1748217215280.0,37203.1,37210.1
1748217222254.0,37200.6,37207.6
1748217222454.0,37198.1,37205.1
1748217222691.0,37195.6,37202.6
1748217227086.0,37198.1,37205.1
1748217235883.0,37195.6,37202.6
1748217236083.0,37193.1,37200.1
1748217237517.0,37190.6,37197.6
1748217237959.0,37188.1,37195.1
1748217238160.0,37183.1,37190.1
1748217239720.0,37185.6,37192.6
1748217239919.0,37183.1,37190.1
1748217242646.0,37180.6,37187.6
1748217243518.0,37183.1,37190.1
1748217247117.0,37175.6,37182.6
1748217248251.0,37178.1,37185.1
1748217248448.0,37175.6,37182.6
1748217249882.0,37178.1,37185.1
1748217251346.0,37175.6,37182.6
1748217256787.0,37173.1,37180.1
1748217256986,,
1748217257517.0,37175.6,37182.6
1748217257728.0,37178.1,37185.1
1748217259810.0,37175.6,37182.6
1748217269835.0,37173.1,37180.1
1748217272136.0,37175.6,37182.6
1748217272335.0,37173.1,37180.1
1748217277804.0,37170.6,37177.6
1748217278637.0,37173.1,37180.1
1748217282848,,
1748217282948.0,37175.6,37182.6
1748217283064.0,37178.1,37185.1
1748217285713.0,37180.6,37187.6
1748217286800.0,37178.1,37185.1
1748217286997.0,37180.6,37187.6
1748217291929.0,37183.1,37190.1
1748217292127,,
1748217292857,,
1748217299933.0,37180.6,37187.6
1748217301215.0,37178.1,37185.1
1748217301412.0,37173.1,37180.1
1748217313391.0,37170.6,37177.6
1748217313589.0,37173.1,37180.1
1748217313788.0,37170.6,37177.6
1748217320386.0,37173.1,37180.1
1748217320587,,
1748217326995.0,37175.6,37182.6
1748217327194.0,37173.1,37180.1
1748217328763.0,37175.6,37182.6
1748217328953.0,37178.1,37185.1
1748217333226.0,37180.6,37187.6
1748217333562.0,37183.1,37190.1
1748217335616.0,37180.6,37187.6
1748217342264.0,37183.1,37190.1
1748217350325.0,37180.6,37187.6
1748217350523.0,37178.1,37185.1
1748217352220.0,37180.6,37187.6
1748217352420.0,37183.1,37190.1
1748217354530.0,37185.6,37192.6
1748217354729.0,37183.1,37190.1
1748217354929.0,37185.6,37192.6
1748217355329.0,37183.1,37190.1
1748217355901.0,37185.6,37192.6
1748217356101.0,37188.1,37195.1
1748217358208.0,37185.6,37192.6
1748217359309.0,37188.1,37195.1
1748217361038.0,37190.6,37197.6
1748217361244.0,37193.1,37200.1
1748217364196.0,37190.6,37197.6
1748217364596.0,37178.1,37185.1
1748217365490.0,37175.6,37182.6
1748217366255.0,37178.1,37185.1
1748217368555.0,37180.6,37187.6
1748217368755.0,37178.1,37185.1
1748217369711.0,37180.6,37187.6
1748217370611.0,37178.1,37185.1
1748217375334.0,37180.6,37187.6
1748217382420.0,37183.1,37190.1
1748217382620,,
1748217387169.0,37183.1,37190.1
1748217390148.0,37180.6,37187.6
1748217397294.0,37183.1,37190.1
1748217400672.0,37180.6,37187.6
1748217423318,,
1748217423418.0,37183.1,37190.1
1748217433288.0,37180.6,37187.6
1748217433484.0,37178.1,37185.1
1748217433760.0,37175.6,37182.6
1748217433959.0,37173.1,37180.1
1748217434193,,
1748217438929.0,37175.6,37182.6
1748217439376.0,37178.1,37185.1
1748217439577,,
1748217443085.0,37180.6,37187.6
1748217449116.0,37183.1,37190.1
1748217462245.0,37185.6,37192.6
1748217462444.0,37188.1,37195.1
1748217463380.0,37185.6,37192.6
1748217463688.0,37188.1,37195.1
1748217469872.0,37190.6,37197.6
1748217470070.0,37188.1,37195.1
1748217470272.0,37193.1,37200.1
1748217471024.0,37190.6,37197.6
1748217471224.0,37188.1,37195.1
1748217472290.0,37190.6,37197.6
1748217472488.0,37193.1,37200.1
1748217473830.0,37190.6,37197.6
1748217474028.0,37193.1,37200.1
1748217476804.0,37195.6,37202.6
1748217477798.0,37198.1,37205.1
1748217477998.0,37200.6,37207.6
1748217481638.0,37203.1,37210.1
1748217483042.0,37205.6,37212.6
1748217483239.0,37215.6,37222.6
1748217484092.0,37213.1,37220.1
1748217485271.0,37215.6,37222.6
1748217485578.0,37213.1,37220.1
1748217489181.0,37215.6,37222.6
1748217489379.0,37218.1,37225.1
1748217490139.0,37220.6,37227.6
1748217490339.0,37218.1,37225.1
1748217492025.0,37220.6,37227.6
1748217492225.0,37218.1,37225.1
1748217494038.0,37215.6,37222.6
1748217500298.0,37213.1,37220.1
1748217500499,,
1748217508576.0,37215.6,37222.6
1748217508774.0,37218.1,37225.1
1748217509022.0,37215.6,37222.6
1748217509222.0,37213.1,37220.1
1748217509716.0,37215.6,37222.6
1748217509914.0,37213.1,37220.1
1748217513708.0,37215.6,37222.6
1748217517017.0,37213.1,37220.1
1748217517461.0,37210.6,37217.6
1748217521970.0,37208.1,37215.1
1748217523689.0,37210.6,37217.6
1748217525254.0,37208.1,37215.1
1748217527988.0,37210.6,37217.6
1748217528187.0,37213.1,37220.1
1748217528806.0,37215.6,37222.6
1748217529006.0,37213.1,37220.1
1748217529551.0,37210.6,37217.6
1748217529751.0,37213.1,37220.1
1748217535390.0,37210.6,37217.6
1748217535722.0,37213.1,37220.1
1748217541037.0,37210.6,37217.6
1748217543045.0,37208.1,37215.1
1748217543436.0,37210.6,37217.6
1748217544083,,
1748217544807.0,37213.1,37220.1
1748217545005,,
1748217546983.0,37210.6,37217.6
1748217547462.0,37213.1,37220.1
1748217548049.0,37210.6,37217.6
1748217548248.0,37213.1,37220.1
1748217549202.0,37210.6,37217.6
1748217549399.0,37213.1,37220.1
1748217549666.0,37210.6,37217.6
1748217551121.0,37213.1,37220.1
1748217555451.0,37215.6,37222.6
1748217555653.0,37223.1,37230.1
1748217555849.0,37220.6,37227.6
1748217556050.0,37218.1,37225.1
1748217557238.0,37215.6,37222.6
1748217557581.0,37218.1,37225.1
1748217558260,,
1748217559337.0,37220.6,37227.6
1748217559967.0,37218.1,37225.1
1748217561075.0,37220.6,37227.6
1748217561272.0,37223.1,37230.1
1748217561543.0,37220.6,37227.6
1748217561749.0,37218.1,37225.1
1748217562019.0,37220.6,37227.6
1748217563143.0,37218.1,37225.1
1748217565145.0,37215.6,37222.6
1748217566051.0,37218.1,37225.1
1748217568963.0,37220.6,37227.6
1748217569162.0,37218.1,37225.1
1748217569522.0,37215.6,37222.6
1748217573420.0,37218.1,37225.1
1748217573620.0,37215.6,37222.6
1748217573820.0,37218.1,37225.1
1748217577226.0,37215.6,37222.6
1748217577424.0,37218.1,37225.1
1748217577845.0,37220.6,37227.6
1748217578041.0,37223.1,37230.1
1748217579054.0,37225.6,37232.6
1748217579252.0,37233.1,37240.1
1748217579774.0,37235.6,37242.6
1748217579972.0,37233.1,37240.1
1748217580451.0,37235.6,37242.6
1748217580649.0,37233.1,37240.1
1748217581622.0,37235.6,37242.6
1748217581819.0,37233.1,37240.1
1748217582020.0,37235.6,37242.6
1748217588128.0,37233.1,37240.1
1748217588327,,
1748217588528.0,37230.6,37237.6
1748217588726.0,37233.1,37240.1
1748217589841.0,37230.6,37237.6
1748217590369.0,37223.1,37230.1
1748217593346.0,37225.6,37232.6
1748217593545.0,37223.1,37230.1
1748217593871.0,37220.6,37227.6
1748217594071.0,37218.1,37225.1
1748217594986.0,37215.6,37222.6
1748217595470.0,37218.1,37225.1
1748217595586.0,37215.6,37222.6
1748217596225.0,37218.1,37225.1
1748217596742,,
1748217598893,,
1748217600257,,
1748217600514,,
1748217600656.0,37213.1,37220.1
1748217600889.0,37215.6,37222.6
1748217601087.0,37210.6,37217.6
1748217601286.0,37213.1,37220.1
1748217601686.0,37210.6,37217.6
1748217601884.0,37208.1,37215.1
1748217602321.0,37213.1,37220.1
1748217602521.0,37210.6,37217.6
1748217602812.0,37208.1,37215.1
1748217603015,,
1748217603224.0,37210.6,37217.6
1748217603439,,
1748217603631,,
1748217603849,,
1748217604048.0,37208.1,37215.1
1748217604249.0,37213.1,37220.1
1748217604562,,
1748217604708.0,37210.6,37217.6
1748217604906.0,37208.1,37215.1
1748217605768.0,37210.6,37217.6
1748217605966.0,37208.1,37215.1
1748217606437.0,37205.6,37212.6
1748217606666.0,37208.1,37215.1
1748217606868.0,37205.6,37212.6
1748217607075.0,37203.1,37210.1
1748217607305.0,37205.6,37212.6
1748217607505,,
1748217607709.0,37208.1,37215.1
1748217608076.0,37210.6,37217.6
1748217608276.0,37208.1,37215.1
1748217608893.0,37203.1,37210.1
1748217609094,,
1748217609413.0,37205.6,37212.6
1748217609614.0,37203.1,37210.1
1748217610155.0,37208.1,37215.1
1748217610582.0,37210.6,37217.6
1748217610781.0,37208.1,37215.1
1748217611024.0,37205.6,37212.6
1748217611429,,
1748217612011.0,37205.6,37212.6
1748217612212.0,37203.1,37210.1
1748217612409.0,37205.6,37212.6
1748217612617.0,37203.1,37210.1
1748217615263.0,37205.6,37212.6
1748217615460.0,37208.1,37215.1
1748217615660.0,37205.6,37212.6
1748217616077,,
1748217616179.0,37203.1,37210.1
1748217616502,,
1748217616701.0,37195.6,37202.6
1748217617124,,
1748217617588.0,37198.1,37205.1
1748217617787.0,37200.6,37207.6
1748217618591.0,37198.1,37205.1
1748217618862,,
1748217618991.0,37195.6,37202.6
1748217619568.0,37198.1,37205.1
1748217619777,,
1748217619968.0,37200.6,37207.6
1748217620402.0,37198.1,37205.1
1748217620609.0,37195.6,37202.6
1748217620800.0,37198.1,37205.1
1748217621483.0,37195.6,37202.6
1748217621681.0,37190.6,37197.6
1748217621883.0,37188.1,37195.1
1748217622087.0,37190.6,37197.6
1748217622487.0,37188.1,37195.1
1748217622750,,
1748217623037.0,37185.6,37192.6
1748217623437.0,37183.1,37190.1
1748217623638.0,37180.6,37187.6
1748217624111.0,37178.1,37185.1
1748217624315.0,37180.6,37187.6
1748217624522.0,37178.1,37185.1
1748217625162.0,37175.6,37182.6
1748217625468.0,37173.1,37180.1
1748217625668,,
1748217626046.0,37175.6,37182.6
1748217626755.0,37173.1,37180.1
1748217627161.0,37170.6,37177.6
1748217628214.0,37168.1,37175.1
1748217628410.0,37165.6,37172.6
1748217629616.0,37168.1,37175.1
1748217629871,,
1748217630022.0,37165.6,37172.6
1748217630907,,
1748217631108.0,37163.1,37170.1
1748217631507.0,37165.6,37172.6
1748217631706.0,37170.6,37177.6
1748217631907.0,37173.1,37180.1
1748217632641.0,37175.6,37182.6
1748217632840.0,37173.1,37180.1
1748217634196.0,37170.6,37177.6
1748217634394.0,37165.6,37172.6
1748217634593.0,37163.1,37170.1
1748217635325.0,37165.6,37172.6
1748217635528.0,37168.1,37175.1
1748217635719.0,37173.1,37180.1
1748217636777.0,37175.6,37182.6
1748217637177.0,37173.1,37180.1
1748217637561.0,37170.6,37177.6
1748217637761.0,37173.1,37180.1
1748217640047.0,37175.6,37182.6
1748217640246.0,37183.1,37190.1
1748217640594.0,37185.6,37192.6
1748217640792.0,37183.1,37190.1
1748217641242.0,37185.6,37192.6
1748217642051.0,37183.1,37190.1
1748217642251.0,37185.6,37192.6
1748217643059.0,37183.1,37190.1
1748217643259.0,37185.6,37192.6
1748217643460.0,37183.1,37190.1
1748217645474.0,37185.6,37192.6
1748217645674.0,37183.1,37190.1
1748217645875,,
1748217646612.0,37180.6,37187.6
1748217647265,,
1748217647657,,
1748217649045.0,37178.1,37185.1
1748217649246.0,37173.1,37180.1
1748217650867,,
1748217652643.0,37170.6,37177.6
1748217653447.0,37168.1,37175.1
1748217653681.0,37165.6,37172.6
1748217653881.0,37168.1,37175.1
1748217654916.0,37165.6,37172.6
1748217655297.0,37168.1,37175.1
1748217655897.0,37165.6,37172.6
1748217656412.0,37168.1,37175.1
1748217656523.0,37173.1,37180.1
1748217656837.0,37170.6,37177.6
1748217657038.0,37168.1,37175.1
1748217658014.0,37170.6,37177.6
1748217658213.0,37173.1,37180.1
1748217659847.0,37170.6,37177.6
1748217660044.0,37168.1,37175.1
1748217660247.0,37163.1,37170.1
1748217660469,,
1748217660697,,
1748217660980.0,37165.6,37172.6
1748217661180.0,37163.1,37170.1
1748217661380.0,37170.6,37177.6
1748217661579.0,37173.1,37180.1
1748217661779,,
1748217661980.0,37168.1,37175.1
1748217662212.0,37165.6,37172.6
1748217662411.0,37168.1,37175.1
1748217663045.0,37170.6,37177.6
1748217663243.0,37173.1,37180.1
1748217663457.0,37170.6,37177.6
1748217664212,,
1748217664376.0,37168.1,37175.1
1748217666019.0,37165.6,37172.6
1748217666218,,
1748217667540.0,37163.1,37170.1
1748217667739,,
1748217668195.0,37165.6,37172.6
1748217668569.0,37168.1,37175.1
1748217669014.0,37170.6,37177.6
1748217669595.0,37168.1,37175.1
1748217669792.0,37165.6,37172.6
1748217670005.0,37163.1,37170.1
1748217670294.0,37165.6,37172.6
1748217671139.0,37168.1,37175.1
1748217671338.0,37163.1,37170.1
1748217672048.0,37160.6,37167.6
1748217672272.0,37158.1,37165.1
1748217672673.0,37155.6,37162.6
1748217672871.0,37158.1,37165.1
1748217673098.0,37160.6,37167.6
1748217673735.0,37160.6,37167.6
1748217673936,,
1748217674487.0,37158.1,37165.1
1748217674721.0,37160.6,37167.6
1748217674978.0,37163.1,37170.1
1748217675318,,
1748217675417.0,37160.6,37167.6
1748217676273,,
1748217676859,,
1748217677172.0,37158.1,37165.1
1748217677571.0,37155.6,37162.6
1748217677925,,
1748217678047.0,37158.1,37165.1
1748217678771,,
1748217680473.0,37160.6,37167.6
1748217681128.0,37163.1,37170.1
1748217681326.0,37165.6,37172.6
1748217681528.0,37163.1,37170.1
1748217681984.0,37165.6,37172.6
1748217682184.0,37170.6,37177.6
1748217682584.0,37168.1,37175.1
1748217682786.0,37165.6,37172.6
1748217682985.0,37168.1,37175.1
1748217683666.0,37160.6,37167.6
1748217683863.0,37163.1,37170.1
1748217684063,,
1748217684264.0,37165.6,37172.6
1748217685623.0,37163.1,37170.1
1748217685819,,
1748217686103,,
1748217687107.0,37165.6,37172.6
1748217687446.0,37168.1,37175.1
1748217687647,,
1748217687846,,
1748217690633.0,37170.6,37177.6
1748217691127.0,37173.1,37180.1
1748217691326,,
1748217692577,,
1748217692779,,
1748217693719.0,37170.6,37177.6
1748217693917.0,37168.1,37175.1
1748217694607.0,37163.1,37170.1
1748217694927.0,37165.6,37172.6
1748217695128.0,37168.1,37175.1
1748217695326.0,37165.6,37172.6
1748217695525.0,37168.1,37175.1
1748217696345.0,37170.6,37177.6
1748217696544.0,37173.1,37180.1
1748217696743.0,37178.1,37185.1
1748217697190.0,37175.6,37182.6
1748217697390.0,37173.1,37180.1
1748217697888.0,37175.6,37182.6
1748217698087.0,37173.1,37180.1
1748217701385.0,37175.6,37182.6
1748217701585.0,37178.1,37185.1
1748217702344.0,37180.6,37187.6
1748217702544.0,37178.1,37185.1
1748217705523.0,37180.6,37187.6
1748217705937.0,37183.1,37190.1
1748217706659.0,37185.6,37192.6
1748217706857.0,37198.1,37205.1
1748217707583.0,37195.6,37202.6
1748217707782.0,37193.1,37200.1
1748217708046.0,37190.6,37197.6
1748217708245.0,37193.1,37200.1
1748217709021,,
1748217710093.0,37195.6,37202.6
1748217710291.0,37198.1,37205.1
1748217711400,,
1748217711763.0,37200.6,37207.6
1748217712630,,
1748217713059.0,37203.1,37210.1
1748217713258,,
1748217714390.0,37205.6,37212.6
1748217716976,,
1748217717426.0,37208.1,37215.1
1748217717773,,
1748217717994.0,37210.6,37217.6
1748217718196.0,37220.6,37227.6
1748217718771,,
1748217718903.0,37218.1,37225.1
1748217719303.0,37223.1,37230.1
1748217721267.0,37225.6,37232.6
1748217721469.0,37228.1,37235.1
1748217721666.0,37225.6,37232.6
1748217721976.0,37228.1,37235.1
1748217722175.0,37225.6,37232.6
1748217723136.0,37230.6,37237.6
1748217723410.0,37228.1,37235.1
1748217723610.0,37225.6,37232.6
1748217724249.0,37228.1,37235.1
1748217724449.0,37230.6,37237.6
1748217724647,,
1748217725050.0,37228.1,37235.1
1748217725249.0,37225.6,37232.6
1748217725977.0,37228.1,37235.1
1748217726174.0,37230.6,37237.6
1748217726374.0,37233.1,37240.1
1748217726768,,
1748217726968.0,37238.1,37245.1
1748217727652.0,37235.6,37242.6
1748217727851.0,37233.1,37240.1
1748217728052,,
1748217728977.0,37238.1,37245.1
1748217729256.0,37235.6,37242.6
1748217730906.0,37233.1,37240.1
1748217731113.0,37235.6,37242.6
1748217731332,,
1748217732414.0,37233.1,37240.1
1748217733282,,
1748217733523.0,37235.6,37242.6
1748217733722.0,37238.1,37245.1
1748217734718.0,37235.6,37242.6
1748217735061.0,37233.1,37240.1
1748217735261.0,37230.6,37237.6
1748217738085.0,37228.1,37235.1
1748217738284,,
1748217739109.0,37225.6,37232.6
1748217739319.0,37223.1,37230.1
1748217739509.0,37218.1,37225.1
1748217739710.0,37215.6,37222.6
1748217739909.0,37213.1,37220.1
1748217740312.0,37215.6,37222.6
1748217740509.0,37213.1,37220.1
1748217740710.0,37215.6,37222.6
1748217740912.0,37218.1,37225.1
1748217741407.0,37215.6,37222.6
1748217741607.0,37213.1,37220.1
1748217742132.0,37215.6,37222.6
1748217742330.0,37218.1,37225.1
1748217742885.0,37220.6,37227.6
1748217743090,,
1748217743477.0,37223.1,37230.1
1748217745308,,
1748217746451.0,37220.6,37227.6
1748217746857.0,37223.1,37230.1
1748217747056,,
1748217750498.0,37225.6,37232.6
1748217750994.0,37228.1,37235.1
1748217751396.0,37230.6,37237.6
1748217751657.0,37228.1,37235.1
1748217752927,,
1748217755499.0,37230.6,37237.6
1748217757001,,
1748217764503,,
1748217764704.0,37223.1,37230.1
1748217770137.0,37225.6,37232.6
1748217770336.0,37230.6,37237.6
1748217770537.0,37233.1,37240.1
1748217774932.0,37230.6,37237.6
1748217775139.0,37225.6,37232.6
1748217775801.0,37223.1,37230.1
1748217775999.0,37225.6,37232.6
1748217776551.0,37223.1,37230.1
1748217777137,,
1748217778832.0,37220.6,37227.6
1748217779429.0,37213.1,37220.1
1748217780380.0,37215.6,37222.6
1748217780581.0,37223.1,37230.1
1748217781614.0,37218.1,37225.1
1748217782669,,
1748217782769.0,37220.6,37227.6
1748217783161.0,37223.1,37230.1
1748217783360.0,37220.6,37227.6
1748217784014.0,37218.1,37225.1
1748217784211.0,37220.6,37227.6
1748217786941.0,37218.1,37225.1
1748217787173.0,37220.6,37227.6
1748217788636.0,37218.1,37225.1
1748217788836.0,37220.6,37227.6
1748217789035.0,37223.1,37230.1
1748217789662.0,37220.6,37227.6
1748217789867.0,37213.1,37220.1
1748217791785.0,37215.6,37222.6
1748217791985.0,37218.1,37225.1
1748217792233.0,37215.6,37222.6
1748217792436.0,37218.1,37225.1
1748217792633.0,37215.6,37222.6
1748217793033.0,37215.6,37222.6
1748217793232.0,37213.1,37220.1
1748217793719.0,37210.6,37217.6
1748217793920,,
1748217794667.0,37213.1,37220.1
1748217794866,,
1748217795424.0,37215.6,37222.6
1748217795621.0,37213.1,37220.1
1748217797849.0,37215.6,37222.6
1748217798048.0,37213.1,37220.1
1748217798394.0,37215.6,37222.6
1748217798795.0,37213.1,37220.1
1748217798996.0,37215.6,37222.6
1748217799908.0,37218.1,37225.1
1748217800107.0,37223.1,37230.1
1748217801137.0,37225.6,37232.6
1748217801335.0,37223.1,37230.1
1748217801765.0,37225.6,37232.6
1748217801985.0,37223.1,37230.1
1748217803735.0,37220.6,37227.6
1748217804347.0,37223.1,37230.1
1748217805490.0,37220.6,37227.6
1748217805753.0,37218.1,37225.1
1748217805952,,
1748217806546.0,37215.6,37222.6
1748217806743.0,37218.1,37225.1
1748217807942.0,37215.6,37222.6
1748217808139.0,37218.1,37225.1
1748217808340.0,37215.6,37222.6
1748217808586.0,37213.1,37220.1
1748217809447.0,37215.6,37222.6
1748217809712.0,37213.1,37220.1
1748217809978.0,37215.6,37222.6
1748217810179.0,37213.1,37220.1
1748217811791.0,37210.6,37217.6
1748217811990.0,37208.1,37215.1
1748217812190.0,37210.6,37217.6
1748217812460.0,37208.1,37215.1
1748217814675.0,37205.6,37212.6
1748217814873.0,37208.1,37215.1
1748217815678.0,37210.6,37217.6
1748217816678.0,37208.1,37215.1
1748217817278.0,37210.6,37217.6
1748217817675.0,37213.1,37220.1
1748217818153.0,37210.6,37217.6
1748217818355.0,37208.1,37215.1
1748217818682.0,37210.6,37217.6
1748217818881.0,37208.1,37215.1
1748217819229.0,37210.6,37217.6
1748217819428.0,37208.1,37215.1
1748217820794,,
1748217820995.0,37203.1,37210.1
1748217821905.0,37205.6,37212.6
1748217822102.0,37208.1,37215.1
1748217822337.0,37205.6,37212.6
1748217823067.0,37208.1,37215.1
1748217823557.0,37210.6,37217.6
1748217823883.0,37213.1,37220.1
1748217824085.0,37215.6,37222.6
1748217824482.0,37218.1,37225.1
1748217825230.0,37215.6,37222.6
1748217825429.0,37218.1,37225.1
1748217826729.0,37215.6,37222.6
1748217827129.0,37213.1,37220.1
1748217827765.0,37215.6,37222.6
1748217827964.0,37218.1,37225.1
1748217828291.0,37220.6,37227.6
1748217828491.0,37218.1,37225.1
1748217828693.0,37213.1,37220.1
1748217829696.0,37215.6,37222.6
1748217831055.0,37213.1,37220.1
1748217831255.0,37215.6,37222.6
1748217831488.0,37213.1,37220.1
1748217831687.0,37208.1,37215.1
1748217831889.0,37205.6,37212.6
1748217832087.0,37208.1,37215.1
1748217832441.0,37205.6,37212.6
1748217833118.0,37208.1,37215.1
1748217834136.0,37205.6,37212.6
1748217834335.0,37203.1,37210.1
1748217834796.0,37200.6,37207.6
1748217834996.0,37203.1,37210.1
1748217836243.0,37200.6,37207.6
1748217836440.0,37203.1,37210.1
1748217836644.0,37200.6,37207.6
1748217837042.0,37198.1,37205.1
1748217837331.0,37200.6,37207.6
1748217837730.0,37198.1,37205.1
1748217838722.0,37200.6,37207.6
1748217838920.0,37203.1,37210.1
1748217840222.0,37205.6,37212.6
1748217840421.0,37208.1,37215.1
1748217841100.0,37210.6,37217.6
1748217841590.0,37213.1,37220.1
1748217841789.0,37215.6,37222.6
1748217842161.0,37213.1,37220.1
1748217842709.0,37215.6,37222.6
1748217842908.0,37218.1,37225.1
1748217843108.0,37228.1,37235.1
1748217843308.0,37223.1,37230.1
1748217844460.0,37225.6,37232.6
1748217845671.0,37223.1,37230.1
1748217845869,,
1748217847187.0,37225.6,37232.6
1748217847388.0,37228.1,37235.1
1748217847588.0,37230.6,37237.6
1748217847788.0,37228.1,37235.1
1748217848496.0,37230.6,37237.6
1748217848888.0,37228.1,37235.1
1748217849740,,
1748217849840.0,37230.6,37237.6
1748217849953.0,37235.6,37242.6
1748217850501,,
1748217850702.0,37233.1,37240.1
1748217850902.0,37235.6,37242.6
1748217851536.0,37238.1,37245.1
1748217851736.0,37240.6,37247.6
1748217853480.0,37243.1,37250.1
1748217854268.0,37240.6,37247.6
1748217854466.0,37238.1,37245.1
1748217854922,,
1748217855122.0,37235.6,37242.6
1748217855322.0,37233.1,37240.1
1748217856130,,
1748217856330.0,37230.6,37237.6
1748217857713.0,37233.1,37240.1
1748217857910.0,37235.6,37242.6
1748217858111.0,37238.1,37245.1
1748217858347.0,37235.6,37242.6
1748217858545.0,37233.1,37240.1
1748217860608.0,37230.6,37237.6
1748217863283.0,37228.1,37235.1
1748217863484,,
1748217864955.0,37225.6,37232.6
1748217865153.0,37228.1,37235.1
1748217865359.0,37225.6,37232.6
1748217865574.0,37228.1,37235.1
1748217866104,,
1748217868500.0,37230.6,37237.6
1748217869212.0,37228.1,37235.1
1748217870311.0,37230.6,37237.6
1748217871425.0,37228.1,37235.1
1748217871626.0,37223.1,37230.1
1748217871997.0,37220.6,37227.6
1748217872546.0,37223.1,37230.1
1748217873760.0,37220.6,37227.6
1748217874296.0,37218.1,37225.1
1748217874493,,
1748217877206.0,37215.6,37222.6
1748217877547.0,37218.1,37225.1
