None,,
None,,
None,,
None,,
None,,
None,,
None,,
None,,
None,,
None,,
None,,
None,,
None,,
None,,
1748210525479.0,14115.6,14127.6
1748210526219.0,14115.3,14127.3
1748210526412.0,14115.4,14127.4
1748210526658.0,14115.6,14127.6
1748210527366.0,14115.8,14127.8
1748210527581.0,14116.7,14128.7
1748210527957.0,14117.4,14129.4
1748210528195.0,14118.7,14130.7
1748210529143.0,14118.9,14130.9
1748210529389.0,14119.2,14131.2
1748210529613.0,14119.6,14131.6
1748210529836.0,14119.2,14131.2
1748210530068.0,14118.9,14130.9
1748210531002.0,14119.1,14131.1
1748210531490.0,14118.6,14130.6
1748210531706.0,14118.8,14130.8
1748210532289.0,14119.1,14131.1
1748210532503.0,14118.6,14130.6
1748210533052.0,14119.1,14131.1
1748210534011.0,14120.6,14132.6
1748210534471.0,14120.4,14132.4
1748210534696.0,14120.9,14132.9
1748210534918.0,14121.1,14133.1
1748210535122.0,14120.9,14132.9
1748210535222.0,14115.7,14127.7
1748210535371.0,14115.9,14127.9
1748210536410.0,14116.1,14128.1
1748210537029.0,14116.6,14128.6
1748210537190.0,14117.7,14129.7
1748210537723.0,14117.9,14129.9
1748210537926.0,14118.0,14130.0
1748210538028.0,14119.1,14131.1
1748210538964.0,14120.2,14132.2
1748210539498.0,14120.4,14132.4
1748210540057.0,14120.2,14132.2
1748210540836.0,14121.3,14133.3
1748210541957.0,14121.1,14133.1
1748210542194.0,14120.4,14132.4
1748210542407.0,14121.3,14133.3
1748210542633.0,14120.4,14132.4
1748210543613.0,14121.1,14133.1
1748210543829.0,14120.9,14132.9
1748210544031.0,14120.8,14132.8
1748210544129.0,14119.3,14131.3
1748210544373.0,14119.1,14131.1
1748210544601.0,14119.5,14131.5
1748210545524.0,14120.2,14132.2
1748210545738.0,14119.7,14131.7
1748210546018.0,14119.5,14131.5
1748210546882.0,14120.4,14132.4
1748210548433.0,14120.2,14132.2
1748210548759.0,14119.7,14131.7
1748210550409.0,14120.2,14132.2
1748210550557.0,14120.6,14132.6
1748210550987.0,14120.2,14132.2
1748210552019.0,14119.7,14131.7
1748210552570.0,14119.8,14131.8
1748210552669.0,14120.2,14132.2
1748210553178.0,14120.6,14132.6
1748210553396.0,14120.2,14132.2
1748210554078.0,14120.4,14132.4
1748210554291.0,14119.5,14131.5
1748210557063.0,14120.4,14132.4
1748210558069.0,14119.5,14131.5
1748210562020.0,14120.4,14132.4
1748210562874.0,14120.2,14132.2
1748210563859.0,14119.7,14131.7
1748210564728.0,14119.8,14131.8
1748210564827.0,14120.2,14132.2
1748210565872.0,14119.7,14131.7
1748210566257.0,14119.8,14131.8
1748210566355.0,14120.2,14132.2
1748210566501.0,14119.5,14131.5
1748210568445.0,14119.7,14131.7
1748210569954.0,14119.5,14131.5
1748210571276.0,14119.6,14131.6
1748210571375.0,14121.1,14133.1
1748210571523.0,14121.3,14133.3
1748210571747.0,14120.9,14132.9
1748210572554.0,14120.6,14132.6
1748210572767.0,14118.4,14130.4
1748210572994.0,14117.5,14129.5
1748210573234.0,14117.7,14129.7
1748210574004.0,14117.8,14129.8
1748210577087.0,14118.1,14130.1
1748210577235.0,14119.0,14131.0
1748210577460.0,14119.2,14131.2
1748210577685.0,14120.8,14132.8
1748210577909.0,14121.0,14133.0
1748210579095.0,14120.8,14132.8
1748210579309.0,14121.0,14133.0
1748210581240.0,14122.3,14134.3
1748210581531.0,14123.0,14135.0
1748210581878.0,14123.3,14135.3
1748210582253.0,14123.2,14135.2
1748210582352.0,14122.8,14134.8
1748210582714.0,14123.0,14135.0
1748210583428.0,14124.4,14136.4
1748210583575.0,14124.1,14136.1
1748210584136.0,14124.2,14136.2
1748210584236.0,14124.4,14136.4
1748210584384.0,14124.6,14136.6
1748210584756.0,14124.4,14136.4
1748210585266.0,14123.9,14135.9
1748210585558.0,14126.2,14138.2
1748210585706.0,14125.7,14137.7
1748210586068.0,14125.8,14137.8
1748210586842.0,14126.1,14138.1
1748210587074.0,14126.7,14138.7
1748210587549.0,14127.9,14139.9
1748210588145.0,14127.8,14139.8
1748210588243.0,14126.7,14138.7
1748210588602.0,14127.0,14139.0
1748210589223.0,14126.7,14138.7
1748210590225.0,14126.5,14138.5
1748210591300.0,14126.7,14138.7
1748210591937.0,14127.6,14139.6
1748210592097.0,14127.2,14139.2
1748210592457.0,14127.6,14139.6
1748210592683.0,14127.2,14139.2
1748210593824.0,14127.9,14139.9
1748210594116.0,14127.2,14139.2
1748210594368.0,14127.6,14139.6
1748210594670.0,14128.5,14140.5
1748210595316.0,14128.3,14140.3
1748210596239.0,14128.5,14140.5
1748210596430.0,14128.6,14140.6
1748210596678.0,14130.1,14142.1
1748210597031.0,14129.4,14141.4
1748210598293.0,14129.2,14141.2
1748210598505.0,14129.7,14141.7
1748210599557.0,14129.6,14141.6
1748210599655.0,14129.2,14141.2
1748210599951.0,14129.4,14141.4
1748210600360.0,14127.2,14139.2
1748210600573.0,14128.8,14140.8
1748210600948.0,14129.4,14141.4
1748210601184.0,14129.7,14141.7
1748210601762.0,14129.4,14141.4
1748210602064.0,14129.9,14141.9
1748210602512.0,14128.5,14140.5
1748210602659.0,14128.1,14140.1
1748210602884.0,14128.5,14140.5
1748210603186.0,14129.2,14141.2
1748210603338.0,14129.9,14141.9
1748210603842.0,14129.2,14141.2
1748210604079.0,14128.3,14140.3
1748210604626.0,14128.5,14140.5
1748210605028.0,14128.3,14140.3
1748210605464.0,14128.4,14140.4
1748210605563.0,14129.7,14141.7
1748210605953.0,14129.4,14141.4
1748210606756.0,14129.2,14141.2
1748210608160.0,14127.6,14139.6
1748210608372.0,14126.5,14138.5
1748210608599.0,14126.3,14138.3
1748210608823.0,14127.9,14139.9
1748210609306.0,14127.8,14139.8
1748210609406.0,14126.7,14138.7
1748210609787.0,14126.1,14138.1
1748210609987.0,14126.0,14138.0
1748210610088.0,14125.4,14137.4
1748210610236.0,14125.8,14137.8
1748210610460.0,14125.4,14137.4
1748210611325.0,14125.2,14137.2
1748210611540.0,14126.3,14138.3
1748210612603.0,14126.5,14138.5
1748210612817.0,14126.7,14138.7
1748210613365.0,14127.0,14139.0
1748210613580.0,14127.2,14139.2
1748210615263.0,14127.0,14139.0
1748210615475.0,14127.6,14139.6
1748210616002.0,14127.0,14139.0
1748210616277.0,14127.2,14139.2
1748210617585.0,14127.0,14139.0
1748210618451.0,14128.3,14140.3
1748210619390.0,14128.1,14140.1
1748210620018.0,14128.0,14140.0
1748210620116.0,14126.5,14138.5
1748210621799.0,14127.2,14139.2
1748210622556.0,14127.6,14139.6
1748210624060.0,14127.2,14139.2
1748210624273.0,14127.0,14139.0
1748210625851.0,14129.2,14141.2
1748210627107.0,14129.7,14141.7
1748210630251.0,14129.4,14141.4
1748210631589.0,14129.7,14141.7
1748210631880.0,14128.8,14140.8
1748210633543.0,14129.2,14141.2
1748210634898.0,14129.7,14141.7
1748210635122.0,14129.9,14141.9
1748210636033.0,14128.8,14140.8
1748210636252.0,14128.3,14140.3
1748210636476.0,14128.1,14140.1
1748210638218.0,14127.0,14139.0
1748210640581.0,14127.2,14139.2
1748210641578.0,14127.6,14139.6
1748210641792.0,14127.0,14139.0
1748210642940.0,14127.2,14139.2
1748210644430.0,14127.0,14139.0
1748210647439.0,14127.6,14139.6
1748210648602.0,14127.0,14139.0
1748210650814.0,14126.9,14138.9
1748210650911.0,14126.5,14138.5
1748210653417.0,14125.8,14137.8
1748210655480.0,14125.4,14137.4
1748210660719.0,14124.9,14136.9
1748210663528.0,14122.9,14134.9
1748210665890.0,14122.2,14134.2
1748210666550.0,14121.8,14133.8
1748210667343.0,14121.3,14133.3
1748210667863.0,14121.6,14133.6
1748210668948.0,14121.8,14133.8
1748210670215.0,14122.5,14134.5
1748210670406.0,14122.4,14134.4
1748210670506.0,14122.2,14134.2
1748210674524.0,14121.3,14133.3
1748210676956.0,14121.6,14133.6
1748210677181.0,14121.3,14133.3
1748210682094.0,14122.9,14134.9
1748210682242.0,14122.7,14134.7
1748210683697.0,14122.9,14134.9
1748210683912.0,14123.1,14135.1
1748210684385.0,14123.2,14135.2
1748210684485.0,14123.6,14135.6
1748210685357.0,14124.0,14136.0
1748210686670.0,14124.3,14136.3
1748210687070.0,14124.9,14136.9
1748210687284.0,14125.2,14137.2
1748210687869.0,14125.4,14137.4
1748210688989.0,14125.8,14137.8
1748210689626.0,14126.1,14138.1
1748210690720.0,14126.7,14138.7
1748210692790.0,14126.5,14138.5
1748210693666.0,14126.3,14138.3
1748210693881.0,14125.4,14137.4
1748210695341.0,14126.1,14138.1
1748210700499.0,14124.9,14136.9
1748210700646.0,14124.5,14136.5
1748210700872.0,14124.7,14136.7
1748210701325.0,14124.5,14136.5
1748210701922.0,14124.7,14136.7
1748210702334.0,14125.2,14137.2
1748210704429.0,14124.9,14136.9
1748210704640.0,14124.7,14136.7
1748210706503.0,14124.9,14136.9
1748210706870.0,14125.0,14137.0
1748210706969.0,14125.8,14137.8
1748210709443.0,14126.1,14138.1
1748210710073.0,14125.8,14137.8
1748210710303.0,14125.4,14137.4
1748210712336.0,14126.3,14138.3
1748210712549.0,14126.5,14138.5
1748210712773.0,14126.3,14138.3
1748210713762.0,14126.5,14138.5
1748210713978.0,14126.7,14138.7
1748210714855.0,14127.0,14139.0
1748210715082.0,14127.6,14139.6
1748210715456.0,14127.0,14139.0
1748210717941.0,14126.9,14138.9
1748210718198.0,14125.2,14137.2
1748210718416.0,14125.4,14137.4
1748210719603.0,14125.8,14137.8
1748210719991.0,14125.4,14137.4
1748210721301.0,14126.7,14138.7
1748210722777.0,14126.5,14138.5
1748210722992.0,14126.1,14138.1
1748210723622.0,14126.7,14138.7
1748210724754.0,14127.0,14139.0
1748210724967.0,14127.6,14139.6
1748210725540.0,14128.1,14140.1
1748210725688.0,14128.3,14140.3
1748210726597.0,14128.5,14140.5
1748210726811.0,14128.3,14140.3
1748210727982.0,14128.1,14140.1
1748210728480.0,14128.3,14140.3
1748210729073.0,14128.5,14140.5
1748210729285.0,14128.3,14140.3
1748210731151.0,14128.5,14140.5
1748210732721.0,14128.3,14140.3
1748210732932.0,14127.2,14139.2
1748210733169.0,14127.6,14139.6
1748210733382.0,14127.9,14139.9
1748210733912.0,14128.1,14140.1
1748210734149.0,14128.8,14140.8
1748210734367.0,14128.5,14140.5
1748210734593.0,14127.2,14139.2
1748210735014.0,14127.6,14139.6
1748210735237.0,14127.9,14139.9
1748210735693.0,14128.1,14140.1
1748210737182.0,14127.2,14139.2
1748210740275.0,14127.6,14139.6
1748210740488.0,14127.2,14139.2
1748210746265.0,14127.0,14139.0
1748210746734.0,14128.1,14140.1
1748210750556.0,14127.9,14139.9
1748210750769.0,14127.6,14139.6
1748210753754.0,14127.2,14139.2
1748210753967.0,14127.9,14139.9
1748210755825.0,14128.1,14140.1
1748210756467.0,14127.2,14139.2
1748210757663.0,14128.3,14140.3
1748210759980.0,14128.8,14140.8
1748210762446.0,14128.8,14140.8
1748210763525.0,14129.2,14141.2
1748210764187.0,14129.7,14141.7
1748210764476.0,14128.8,14140.8
1748210765514.0,14128.5,14140.5
1748210766825.0,14128.3,14140.3
1748210767197.0,14128.5,14140.5
1748210767408.0,14128.8,14140.8
1748210767634.0,14129.2,14141.2
1748210767858.0,14129.4,14141.4
1748210769271.0,14129.7,14141.7
1748210769484.0,14129.9,14141.9
1748210774529.0,14129.4,14141.4
1748210775081.0,14129.7,14141.7
1748210776899.0,14129.6,14141.6
1748210776997.0,14129.2,14141.2
1748210777467.0,14128.8,14140.8
1748210778345.0,14128.1,14140.1
1748210778809.0,14128.3,14140.3
1748210779265.0,14128.5,14140.5
1748210779479.0,14128.8,14140.8
1748210779705.0,14129.4,14141.4
1748210780685.0,14129.7,14141.7
1748210782109.0,14129.9,14141.9
1748210782587.0,14130.1,14142.1
1748210782810.0,14129.9,14141.9
1748210783342.0,14129.2,14141.2
1748210783555.0,14129.4,14141.4
1748210783779.0,14129.2,14141.2
1748210784004.0,14128.8,14140.8
1748210784596.0,14128.5,14140.5
1748210784819.0,14128.3,14140.3
1748210785055.0,14128.8,14140.8
1748210785274.0,14128.5,14140.5
1748210785498.0,14128.3,14140.3
1748210785820.0,14128.5,14140.5
1748210786056.0,14128.3,14140.3
1748210786786.0,14128.5,14140.5
1748210792103.0,14128.6,14140.6
1748210792203.0,14129.7,14141.7
1748210793484.0,14129.4,14141.4
1748210794174.0,14129.7,14141.7
1748210794366.0,14129.6,14141.6
1748210794466.0,14129.2,14141.2
1748210795739.0,14128.8,14140.8
1748210809612.0,14128.5,14140.5
1748210810011.0,14128.3,14140.3
1748210811455.0,14127.6,14139.6
1748210812191.0,14126.7,14138.7
1748210812686.0,14126.5,14138.5
1748210814789.0,14127.0,14139.0
1748210815922.0,14128.3,14140.3
1748210816213.0,14129.9,14141.9
1748210816338.0,14130.2,14142.2
1748210816563.0,14139.0,14151.0
1748210816664.0,14140.7,14152.7
1748210816813.0,14139.6,14151.6
1748210817130.0,14139.4,14151.4
1748210817276.0,14139.3,14151.3
1748210817547.0,14138.9,14150.9
1748210817647.0,14141.1,14153.1
1748210818169.0,14140.4,14152.4
1748210818317.0,14140.2,14152.2
1748210818777.0,14146.5,14158.5
1748210818904.0,14146.4,14158.4
1748210819128.0,14145.5,14157.5
1748210819227.0,14144.7,14156.7
1748210819353.0,14144.9,14156.9
1748210819452.0,14152.3,14164.3
1748210819677.0,14154.6,14166.6
1748210819802.0,14154.7,14166.7
1748210820028.0,14157.6,14169.6
1748210820129.0,14154.6,14166.6
1748210820352.0,14153.2,14165.2
1748210820478.0,14153.0,14165.0
1748210820578.0,14148.9,14160.9
1748210820726.0,14148.2,14160.2
1748210820951.0,14147.7,14159.7
1748210821253.0,14152.7,14164.7
1748210821400.0,14152.9,14164.9
1748210821625.0,14152.5,14164.5
1748210821851.0,14151.8,14163.8
1748210822054.0,14151.7,14163.7
1748210822155.0,14149.3,14161.3
1748210822377.0,14151.3,14163.3
1748210822526.0,14150.4,14162.4
1748210822828.0,14150.9,14162.9
1748210822977.0,14150.4,14162.4
1748210823179.0,14150.3,14162.3
1748210823279.0,14147.1,14159.1
1748210823502.0,14145.3,14157.3
1748210823652.0,14145.0,14157.0
1748210823877.0,14144.6,14156.6
1748210824960.0,14143.7,14155.7
1748210825851.0,14152.2,14164.2
1748210825973.0,14152.3,14164.3
1748210826074.0,14154.5,14166.5
1748210826299.0,14151.1,14163.1
1748210826449.0,14149.3,14161.3
1748210826748.0,14149.2,14161.2
1748210826973.0,14146.5,14158.5
1748210827072.0,14148.2,14160.2
1748210827230.0,14148.6,14160.6
1748210827598.0,14148.2,14160.2
1748210827901.0,14145.7,14157.7
1748210828458.0,14145.8,14157.8
1748210828555.0,14146.8,14158.8
1748210828704.0,14145.9,14157.9
1748210829289.0,14146.2,14158.2
1748210829998.0,14145.9,14157.9
1748210830201.0,14146.0,14158.0
1748210830427.0,14148.7,14160.7
1748210830527.0,14149.3,14161.3
1748210831017.0,14145.5,14157.5
1748210831584.0,14145.0,14157.0
1748210831774.0,14145.1,14157.1
1748210831999.0,14145.8,14157.8
1748210832099.0,14146.8,14158.8
1748210832223.0,14146.9,14158.9
1748210832322.0,14147.3,14159.3
1748210832472.0,14147.1,14159.1
1748210832675.0,14147.0,14159.0
1748210832773.0,14145.7,14157.7
1748210833047.0,14146.2,14158.2
1748210833237.0,14146.1,14158.1
1748210833338.0,14145.3,14157.3
1748210834002.0,14145.7,14157.7
1748210834309.0,14145.5,14157.5
1748210834529.0,14144.6,14156.6
1748210834974.0,14144.4,14156.4
1748210835178.0,14144.3,14156.3
1748210835277.0,14142.8,14154.8
1748210835698.0,14143.0,14155.0
1748210836002.0,14145.0,14157.0
1748210836161.0,14142.3,14154.3
1748210836352.0,14142.4,14154.4
1748210836450.0,14143.0,14155.0
1748210836600.0,14142.1,14154.1
1748210836825.0,14142.6,14154.6
1748210837316.0,14144.6,14156.6
1748210837530.0,14143.9,14155.9
1748210837754.0,14143.0,14155.0
1748210838109.0,14142.8,14154.8
1748210838323.0,14142.1,14154.1
1748210838548.0,14141.0,14153.0
1748210838897.0,14140.5,14152.5
1748210839739.0,14140.8,14152.8
1748210839952.0,14141.7,14153.7
1748210841129.0,14141.4,14153.4
1748210841851.0,14141.0,14153.0
1748210842087.0,14141.7,14153.7
1748210842301.0,14141.4,14153.4
1748210842526.0,14140.5,14152.5
1748210843050.0,14140.8,14152.8
1748210843264.0,14142.1,14154.1
1748210843910.0,14143.0,14155.0
1748210844148.0,14142.1,14154.1
1748210844360.0,14142.8,14154.8
1748210844586.0,14143.0,14155.0
1748210845044.0,14142.6,14154.6
1748210845576.0,14142.1,14154.1
1748210845775.0,14142.2,14154.2
1748210845876.0,14144.1,14156.1
1748210848159.0,14143.9,14155.9
1748210848370.0,14142.6,14154.6
1748210849141.0,14143.0,14155.0
1748210849529.0,14142.8,14154.8
1748210850259.0,14143.5,14155.5
1748210850745.0,14144.6,14156.6
1748210851047.0,14147.1,14159.1
1748210851273.0,14146.2,14158.2
1748210851429.0,14147.1,14159.1
1748210851654.0,14147.5,14159.5
1748210852002.0,14147.7,14159.7
1748210852230.0,14147.5,14159.5
1748210852452.0,14148.2,14160.2
1748210852655.0,14148.3,14160.3
1748210852914.0,14149.8,14161.8
1748210853139.0,14150.0,14162.0
1748210853363.0,14149.1,14161.1
1748210854070.0,14147.7,14159.7
1748210854459.0,14146.8,14158.8
1748210855858.0,14146.4,14158.4
1748210856301.0,14146.2,14158.2
1748210856525.0,14146.4,14158.4
1748210856996.0,14146.8,14158.8
1748210857171.0,14146.9,14158.9
1748210857270.0,14149.1,14161.1
1748210857446.0,14148.2,14160.2
1748210857787.0,14148.9,14160.9
1748210858477.0,14149.1,14161.1
1748210858693.0,14148.9,14160.9
1748210858917.0,14149.1,14161.1
1748210859154.0,14148.0,14160.0
1748210859509.0,14147.7,14159.7
1748210859954.0,14147.1,14159.1
1748210861344.0,14149.5,14161.5
1748210861658.0,14149.6,14161.6
1748210861758.0,14150.0,14162.0
1748210862637.0,14149.8,14161.8
1748210863218.0,14147.3,14159.3
1748210863787.0,14147.7,14159.7
1748210864289.0,14147.8,14159.8
1748210864389.0,14148.9,14160.9
1748210865317.0,14148.6,14160.6
1748210865531.0,14147.3,14159.3
1748210865756.0,14147.5,14159.5
1748210866057.0,14144.6,14156.6
1748210866889.0,14144.4,14156.4
1748210867120.0,14144.1,14156.1
1748210867951.0,14145.7,14157.7
1748210868285.0,14146.2,14158.2
1748210869248.0,14146.8,14158.8
1748210869437.0,14146.9,14158.9
1748210869686.0,14146.8,14158.8
1748210870634.0,14145.9,14157.9
1748210870935.0,14147.1,14159.1
1748210871314.0,14146.8,14158.8
1748210871506.0,14146.9,14158.9
1748210871609.0,14147.7,14159.7
1748210872518.0,14148.2,14160.2
1748210873484.0,14148.0,14160.0
1748210873775.0,14146.8,14158.8
1748210873999.0,14147.3,14159.3
1748210874783.0,14146.8,14158.8
1748210875356.0,14146.9,14158.9
1748210875603.0,14148.0,14160.0
1748210875977.0,14147.7,14159.7
1748210876281.0,14148.0,14160.0
1748210876431.0,14148.2,14160.2
1748210876656.0,14149.5,14161.5
1748210876857.0,14149.6,14161.6
1748210876957.0,14149.8,14161.8
1748210877491.0,14151.3,14163.3
1748210877781.0,14151.6,14163.6
1748210877927.0,14152.7,14164.7
1748210878493.0,14152.9,14164.9
1748210879017.0,14152.7,14164.7
1748210879671.0,14152.9,14164.9
1748210879893.0,14150.9,14162.9
1748210880281.0,14149.8,14161.8
1748210880643.0,14150.0,14162.0
1748210880868.0,14149.8,14161.8
1748210881589.0,14153.4,14165.4
1748210881735.0,14152.9,14164.9
1748210881961.0,14151.3,14163.3
1748210882163.0,14151.4,14163.4
1748210882263.0,14152.9,14164.9
1748210882411.0,14153.4,14165.4
1748210882850.0,14153.6,14165.6
1748210883153.0,14156.1,14168.1
1748210883377.0,14154.5,14166.5
1748210884103.0,14156.5,14168.5
1748210884251.0,14156.1,14168.1
1748210884628.0,14156.5,14168.5
1748210884830.0,14156.6,14168.6
1748210885090.0,14157.0,14169.0
1748210885302.0,14158.6,14170.6
1748210885678.0,14158.5,14170.5
1748210885777.0,14157.6,14169.6
1748210885924.0,14157.4,14169.4
1748210886227.0,14161.0,14173.0
1748210886352.0,14161.1,14173.1
1748210886451.0,14161.7,14173.7
1748210886767.0,14159.5,14171.5
1748210886990.0,14159.3,14171.3
1748210887214.0,14158.2,14170.2
1748210887502.0,14161.8,14173.8
1748210887625.0,14161.7,14173.7
1748210887890.0,14158.5,14170.5
1748210888116.0,14160.5,14172.5
1748210888525.0,14162.2,14174.2
1748210888850.0,14170.4,14182.4
1748210889016.0,14171.3,14183.3
1748210889426.0,14172.1,14184.1
1748210889527.0,14172.7,14184.7
1748210889690.0,14172.9,14184.9
1748210889975.0,14170.5,14182.5
1748210890211.0,14172.0,14184.0
1748210890425.0,14170.9,14182.9
1748210890649.0,14169.8,14181.8
1748210890874.0,14169.3,14181.3
1748210891203.0,14169.6,14181.6
1748210891395.0,14169.5,14181.5
1748210891618.0,14166.1,14178.1
1748210891718.0,14163.3,14175.3
1748210892046.0,14163.2,14175.2
1748210892272.0,14162.3,14174.3
1748210892518.0,14160.6,14172.6
1748210893303.0,14160.8,14172.8
1748210893515.0,14160.6,14172.6
1748210893818.0,14159.7,14171.7
1748210894167.0,14161.3,14173.3
1748210894492.0,14165.8,14177.8
1748210894718.0,14162.4,14174.4
1748210894844.0,14162.5,14174.5
1748210895069.0,14164.2,14176.2
1748210895168.0,14162.7,14174.7
1748210895317.0,14162.4,14174.4
1748210895618.0,14162.7,14174.7
1748210895933.0,14162.2,14174.2
1748210896237.0,14164.0,14176.0
1748210896533.0,14164.3,14176.3
1748210896758.0,14164.9,14176.9
1748210896985.0,14163.6,14175.6
1748210897285.0,14162.4,14174.4
1748210897434.0,14162.2,14174.2
1748210897660.0,14162.4,14174.4
1748210897861.0,14162.5,14174.5
1748210897960.0,14162.7,14174.7
1748210898122.0,14163.1,14175.1
1748210898459.0,14164.3,14176.3
1748210898584.0,14164.2,14176.2
1748210898833.0,14164.3,14176.3
1748210899133.0,14163.4,14175.4
1748210899259.0,14163.3,14175.3
1748210899507.0,14163.4,14175.4
1748210899809.0,14162.9,14174.9
1748210899958.0,14163.4,14175.4
1748210900160.0,14163.3,14175.3
1748210900400.0,14163.4,14175.4
1748210900583.0,14162.9,14174.9
1748210901272.0,14159.3,14171.3
1748210901429.0,14159.8,14171.8
1748210901623.0,14159.7,14171.7
1748210901723.0,14158.4,14170.4
1748210901877.0,14158.2,14170.2
1748210902328.0,14158.2,14170.2
1748210902552.0,14157.7,14169.7
1748210902847.0,14159.1,14171.1
1748210903002.0,14159.3,14171.3
1748210903228.0,14159.5,14171.5
1748210903453.0,14158.2,14170.2
1748210903903.0,14159.3,14171.3
1748210904230.0,14159.8,14171.8
1748210904444.0,14159.5,14171.5
1748210904670.0,14158.9,14170.9
1748210905091.0,14158.8,14170.8
1748210905188.0,14158.0,14170.0
1748210905338.0,14158.2,14170.2
1748210905713.0,14158.4,14170.4
1748210905938.0,14158.0,14170.0
1748210906176.0,14159.1,14171.1
1748210906390.0,14159.3,14171.3
1748210906615.0,14159.8,14171.8
1748210907042.0,14159.6,14171.6
1748210907289.0,14160.9,14172.9
1748210908933.0,14161.1,14173.1
1748210909481.0,14161.8,14173.8
1748210909792.0,14162.0,14174.0
1748210910017.0,14162.7,14174.7
1748210910241.0,14162.5,14174.5
1748210910469.0,14162.9,14174.9
1748210910694.0,14162.5,14174.5
1748210911149.0,14162.0,14174.0
1748210911363.0,14162.7,14174.7
1748210911589.0,14161.8,14173.8
1748210911812.0,14161.1,14173.1
1748210912623.0,14160.9,14172.9
1748210912837.0,14160.0,14172.0
1748210913366.0,14160.7,14172.7
1748210913580.0,14161.3,14173.3
1748210913881.0,14161.8,14173.8
1748210914288.0,14162.9,14174.9
1748210914502.0,14161.8,14173.8
1748210914727.0,14162.5,14174.5
1748210915147.0,14162.7,14174.7
1748210915359.0,14162.0,14174.0
1748210915584.0,14162.5,14174.5
1748210915809.0,14162.7,14174.7
1748210916047.0,14162.0,14174.0
1748210916259.0,14161.3,14173.3
1748210916664.0,14160.9,14172.9
1748210916886.0,14160.7,14172.7
1748210917557.0,14160.9,14172.9
1748210917978.0,14160.2,14172.2
1748210919541.0,14159.8,14171.8
1748210919772.0,14160.0,14172.0
1748210920184.0,14160.2,14172.2
1748210920397.0,14159.3,14171.3
1748210920624.0,14159.5,14171.5
1748210921129.0,14159.8,14171.8
1748210921482.0,14159.5,14171.5
1748210921707.0,14158.2,14170.2
1748210921932.0,14157.7,14169.7
1748210922499.0,14157.8,14169.8
1748210922724.0,14157.9,14169.9
1748210922823.0,14157.1,14169.1
1748210923135.0,14156.4,14168.4
1748210924424.0,14155.7,14167.7
1748210924635.0,14155.9,14167.9
1748210924861.0,14155.7,14167.7
1748210925223.0,14156.2,14168.2
1748210925450.0,14157.7,14169.7
1748210925673.0,14156.2,14168.2
1748210925898.0,14156.6,14168.6
1748210926123.0,14156.4,14168.4
1748210926431.0,14156.6,14168.6
1748210926656.0,14157.5,14169.5
1748210927609.0,14156.2,14168.2
1748210927800.0,14156.5,14168.5
1748210928021.0,14166.0,14178.0
1748210928121.0,14165.0,14177.0
1748210928948.0,14164.9,14176.9
1748210929046.0,14164.7,14176.7
1748210929205.0,14165.0,14177.0
1748210929699.0,14164.9,14176.9
1748210929947.0,14164.3,14176.3
1748210930182.0,14165.2,14177.2
1748210930398.0,14165.0,14177.0
1748210930823.0,14165.4,14177.4
1748210931061.0,14164.7,14176.7
1748210931924.0,14162.9,14174.9
1748210932160.0,14161.1,14173.1
1748210932375.0,14160.9,14172.9
1748210932675.0,14162.7,14174.7
1748210932800.0,14162.8,14174.8
1748210933062.0,14163.4,14175.4
1748210933274.0,14162.7,14174.7
1748210933500.0,14161.8,14173.8
1748210933789.0,14161.9,14173.9
1748210933887.0,14164.7,14176.7
1748210936043.0,14163.6,14175.6
1748210936878.0,14163.1,14175.1
1748210936978.0,14162.7,14174.7
1748210937453.0,14162.6,14174.6
1748210937551.0,14159.3,14171.3
1748210938295.0,14158.2,14170.2
1748210939489.0,14158.4,14170.4
1748210939702.0,14158.0,14170.0
1748210940569.0,14158.2,14170.2
1748210941923.0,14157.7,14169.7
1748210942150.0,14157.3,14169.3
1748210942884.0,14156.6,14168.6
1748210943121.0,14155.7,14167.7
1748210943334.0,14154.4,14166.4
1748210943557.0,14153.9,14165.9
1748210943783.0,14154.1,14166.1
1748210944084.0,14154.4,14166.4
1748210944310.0,14153.7,14165.7
1748210945078.0,14154.6,14166.6
1748210945290.0,14154.1,14166.1
1748210945659.0,14154.2,14166.2
1748210945757.0,14156.4,14168.4
1748210945905.0,14155.9,14167.9
1748210947700.0,14155.7,14167.7
1748210947915.0,14154.6,14166.6
1748210948340.0,14155.5,14167.5
1748210948731.0,14155.4,14167.4
1748210948831.0,14153.0,14165.0
1748210949977.0,14152.8,14164.8
1748210950203.0,14153.7,14165.7
1748210950415.0,14153.9,14165.9
1748210951621.0,14154.1,14166.1
1748210952222.0,14153.9,14165.9
1748210952433.0,14152.6,14164.6
1748210952657.0,14153.0,14165.0
1748210952860.0,14153.1,14165.1
1748210952961.0,14156.6,14168.6
1748210953592.0,14156.2,14168.2
1748210953782.0,14156.1,14168.1
1748210953883.0,14155.0,14167.0
1748210954367.0,14155.7,14167.7
1748210955887.0,14154.8,14166.8
1748210956109.0,14154.6,14166.6
1748210956842.0,14154.4,14166.4
1748210957143.0,14152.8,14164.8
1748210957432.0,14152.6,14164.6
1748210957654.0,14152.1,14164.1
1748210958535.0,14151.9,14163.9
1748210958750.0,14151.4,14163.4
1748210959050.0,14152.1,14164.1
1748210959541.0,14151.4,14163.4
1748210959750.0,14150.8,14162.8
1748210960167.0,14151.2,14163.2
1748210960379.0,14151.4,14163.4
1748210960604.0,14150.8,14162.8
1748210960829.0,14150.5,14162.5
1748210961067.0,14150.1,14162.1
1748210961875.0,14150.5,14162.5
1748210962111.0,14150.1,14162.1
1748210962325.0,14149.6,14161.6
1748210962783.0,14149.7,14161.7
1748210963042.0,14151.0,14163.0
1748210963253.0,14152.1,14164.1
1748210964747.0,14154.6,14166.6
1748210965766.0,14155.0,14167.0
1748210966057.0,14155.7,14167.7
1748210966430.0,14155.7,14167.7
1748210966807.0,14155.5,14167.5
1748210967044.0,14155.7,14167.7
1748210967618.0,14155.5,14167.5
1748210968140.0,14155.7,14167.7
1748210968352.0,14155.9,14167.9
1748210968577.0,14155.5,14167.5
1748210969733.0,14155.7,14167.7
1748210970358.0,14155.9,14167.9
1748210970745.0,14155.0,14167.0
1748210971047.0,14155.5,14167.5
1748210971205.0,14154.8,14166.8
1748210971419.0,14154.6,14166.6
1748210973293.0,14154.1,14166.1
1748210974674.0,14154.3,14166.3
1748210974773.0,14157.5,14169.5
1748210975116.0,14157.7,14169.7
1748210975307.0,14157.8,14169.8
1748210975554.0,14159.8,14171.8
1748210975781.0,14160.7,14172.7
1748210976082.0,14163.6,14175.6
1748210976234.0,14163.8,14175.8
1748210976456.0,14164.5,14176.5
1748210976680.0,14165.0,14177.0
1748210977118.0,14164.9,14176.9
1748210977216.0,14164.5,14176.5
1748210977363.0,14165.0,14177.0
1748210977970.0,14164.7,14176.7
1748210979052.0,14165.0,14177.0
1748210979848.0,14164.7,14176.7
1748210980092.0,14165.0,14177.0
1748210980283.0,14164.9,14176.9
1748210980532.0,14163.6,14175.6
1748210981079.0,14163.4,14175.4
1748210981634.0,14163.2,14175.2
1748210982138.0,14160.7,14172.7
1748210982687.0,14161.6,14173.6
1748210983100.0,14161.8,14173.8
1748210983312.0,14162.5,14174.5
1748210983557.0,14162.7,14174.7
1748210983782.0,14162.0,14174.0
1748210984007.0,14161.1,14173.1
1748210984233.0,14160.9,14172.9
1748210984560.0,14161.6,14173.6
1748210984879.0,14161.1,14173.1
1748210985116.0,14161.6,14173.6
1748210985412.0,14161.1,14173.1
1748210985613.0,14161.2,14173.2
1748210985713.0,14162.5,14174.5
1748210985989.0,14162.4,14174.4
1748210986213.0,14161.5,14173.5
1748210986313.0,14159.3,14171.3
1748210987101.0,14159.8,14171.8
1748210987555.0,14160.9,14172.9
1748210987954.0,14160.2,14172.2
1748210988903.0,14160.7,14172.7
1748210989128.0,14160.2,14172.2
1748210989783.0,14160.3,14172.3
1748210989881.0,14161.3,14173.3
1748210990035.0,14160.9,14172.9
1748210990254.0,14160.7,14172.7
1748210990580.0,14160.2,14172.2
1748210990979.0,14159.8,14171.8
1748210991215.0,14160.0,14172.0
1748210991428.0,14160.2,14172.2
1748210992002.0,14160.9,14172.9
1748210992229.0,14161.1,14173.1
1748210992453.0,14161.3,14173.3
1748210993402.0,14161.8,14173.8
1748210994382.0,14164.5,14176.5
1748210994530.0,14163.8,14175.8
1748210995917.0,14163.6,14175.6
1748210996142.0,14162.7,14174.7
1748210997442.0,14161.8,14173.8
1748210997743.0,14162.0,14174.0
1748210997968.0,14162.5,14174.5
1748210998204.0,14162.9,14174.9
1748210998419.0,14163.2,14175.2
1748210998622.0,14163.1,14175.1
1748210998721.0,14162.9,14174.9
1748211000045.0,14161.8,14173.8
1748211000259.0,14162.5,14174.5
1748211000487.0,14163.8,14175.8
1748211001136.0,14163.2,14175.2
1748211001426.0,14161.6,14173.6
1748211001576.0,14160.9,14172.9
1748211002265.0,14161.1,14173.1
1748211002479.0,14160.9,14172.9
1748211002704.0,14161.3,14173.3
1748211002929.0,14160.2,14172.2
1748211003347.0,14160.0,14172.0
1748211003562.0,14160.2,14172.2
1748211003764.0,14160.3,14172.3
1748211003864.0,14161.8,14173.8
1748211004663.0,14162.0,14174.0
1748211004876.0,14162.5,14174.5
1748211007545.0,14163.6,14175.6
1748211008178.0,14163.7,14175.7
1748211008275.0,14165.4,14177.4
1748211008423.0,14166.1,14178.1
1748211008648.0,14166.5,14178.5
1748211008849.0,14166.6,14178.6
1748211008950.0,14167.4,14179.4
1748211009176.0,14168.3,14180.3
1748211009323.0,14168.1,14180.1
1748211009895.0,14167.4,14179.4
1748211010131.0,14166.5,14178.5
1748211010343.0,14167.0,14179.0
1748211010569.0,14166.8,14178.8
1748211010869.0,14166.5,14178.5
1748211011019.0,14166.1,14178.1
1748211012316.0,14164.7,14176.7
1748211012898.0,14165.0,14177.0
1748211014051.0,14165.2,14177.2
1748211014264.0,14164.7,14176.7
1748211015448.0,14165.0,14177.0
1748211015912.0,14162.7,14174.7
1748211016819.0,14161.8,14173.8
1748211017259.0,14161.6,14173.6
1748211017473.0,14161.3,14173.3
1748211017773.0,14162.7,14174.7
1748211017922.0,14161.8,14173.8
1748211018484.0,14161.3,14173.3
1748211018675.0,14161.4,14173.4
1748211018775.0,14162.9,14174.9
1748211018925.0,14162.5,14174.5
1748211019467.0,14162.7,14174.7
1748211019682.0,14163.6,14175.6
1748211019906.0,14163.4,14175.4
1748211020359.0,14163.8,14175.8
1748211020575.0,14163.4,14175.4
1748211020799.0,14163.8,14175.8
1748211021482.0,14164.5,14176.5
1748211022150.0,14165.0,14177.0
1748211022509.0,14164.7,14176.7
1748211022657.0,14164.5,14176.5
1748211022881.0,14163.8,14175.8
1748211023686.0,14162.9,14174.9
1748211024680.0,14162.0,14174.0
1748211024967.0,14162.9,14174.9
1748211026867.0,14162.5,14174.5
1748211027093.0,14163.2,14175.2
1748211027282.0,14163.1,14175.1
1748211027382.0,14162.7,14174.7
1748211027633.0,14162.5,14174.5
1748211027935.0,14161.6,14173.6
1748211028311.0,14161.3,14173.3
1748211028702.0,14160.9,14172.9
1748211029633.0,14161.1,14173.1
1748211029849.0,14161.3,14173.3
1748211031138.0,14161.4,14173.4
1748211031238.0,14161.6,14173.6
1748211031387.0,14160.9,14172.9
1748211031792.0,14161.1,14173.1
1748211032017.0,14161.3,14173.3
1748211032524.0,14160.2,14172.2
1748211033467.0,14159.5,14171.5
1748211033659.0,14159.6,14171.6
1748211033758.0,14159.8,14171.8
1748211034869.0,14159.7,14171.7
1748211034968.0,14158.4,14170.4
1748211035867.0,14158.5,14170.5
1748211035966.0,14159.3,14171.3
1748211036124.0,14158.9,14170.9
1748211036338.0,14158.2,14170.2
1748211036882.0,14157.3,14169.3
1748211037118.0,14158.2,14170.2
1748211037568.0,14157.3,14169.3
1748211038609.0,14157.5,14169.5
1748211038817.0,14157.7,14169.7
1748211039979.0,14157.8,14169.8
1748211040077.0,14158.0,14170.0
1748211040227.0,14157.7,14169.7
1748211040689.0,14157.8,14169.8
1748211040788.0,14158.9,14170.9
1748211041190.0,14158.4,14170.4
1748211041404.0,14158.0,14170.0
1748211041788.0,14158.2,14170.2
1748211043258.0,14157.7,14169.7
1748211043449.0,14157.8,14169.8
1748211043547.0,14158.0,14170.0
1748211044077.0,14158.2,14170.2
1748211044295.0,14157.7,14169.7
1748211044496.0,14157.8,14169.8
1748211044595.0,14158.0,14170.0
1748211045078.0,14158.9,14170.9
1748211045287.0,14158.2,14170.2
1748211045590.0,14160.2,14172.2
1748211045738.0,14160.9,14172.9
1748211046077.0,14161.3,14173.3
1748211046603.0,14161.4,14173.4
1748211046702.0,14163.6,14175.6
1748211046850.0,14163.2,14175.2
1748211047150.0,14162.9,14174.9
1748211047754.0,14162.7,14174.7
1748211048356.0,14161.8,14173.8
1748211049057.0,14161.6,14173.6
1748211049271.0,14161.1,14173.1
1748211050105.0,14160.9,14172.9
1748211050491.0,14159.8,14171.8
1748211050999.0,14158.9,14170.9
1748211052187.0,14158.2,14170.2
1748211052783.0,14158.0,14170.0
1748211053009.0,14158.2,14170.2
1748211054209.0,14157.7,14169.7
1748211054630.0,14157.5,14169.5
1748211054854.0,14157.3,14169.3
1748211055090.0,14157.5,14169.5
1748211055305.0,14157.7,14169.7
1748211055653.0,14157.3,14169.3
1748211056200.0,14157.5,14169.5
1748211056411.0,14157.3,14169.3
1748211056823.0,14157.5,14169.5
1748211057060.0,14158.2,14170.2
1748211058490.0,14158.1,14170.1
1748211058586.0,14155.9,14167.9
1748211059167.0,14155.7,14167.7
1748211060132.0,14155.5,14167.5
1748211060347.0,14155.7,14167.7
1748211061658.0,14155.5,14167.5
1748211062055.0,14155.7,14167.7
1748211063221.0,14154.6,14166.6
1748211064548.0,14154.8,14166.8
1748211064761.0,14154.6,14166.6
1748211065270.0,14153.9,14165.9
1748211065701.0,14153.7,14165.7
1748211066847.0,14152.6,14164.6
1748211067301.0,14152.8,14164.8
1748211067513.0,14152.6,14164.6
1748211067738.0,14153.5,14165.5
1748211068126.0,14153.9,14165.9
1748211068339.0,14154.1,14166.1
1748211068566.0,14153.9,14165.9
1748211068978.0,14154.1,14166.1
1748211070068.0,14153.0,14165.0
1748211070529.0,14152.8,14164.8
1748211070753.0,14153.7,14165.7
1748211070977.0,14153.5,14165.5
1748211071215.0,14153.0,14165.0
1748211071428.0,14153.9,14165.9
1748211071654.0,14153.0,14165.0
1748211071924.0,14153.5,14165.5
1748211072906.0,14153.4,14165.4
1748211073005.0,14152.8,14164.8
1748211073164.0,14154.1,14166.1
1748211073814.0,14153.9,14165.9
1748211074225.0,14153.0,14165.0
1748211074847.0,14152.8,14164.8
1748211075083.0,14153.5,14165.5
1748211075297.0,14153.7,14165.7
1748211075521.0,14153.5,14165.5
1748211076663.0,14153.7,14165.7
1748211076875.0,14153.0,14165.0
1748211077691.0,14152.3,14164.3
1748211077980.0,14152.6,14164.6
1748211080107.0,14152.3,14164.3
1748211080653.0,14152.1,14164.1
1748211081450.0,14151.9,14163.9
1748211083123.0,14152.8,14164.8
1748211083336.0,14152.1,14164.1
1748211083941.0,14152.4,14164.4
1748211084042.0,14152.6,14164.6
1748211084471.0,14152.3,14164.3
1748211085158.0,14152.8,14164.8
1748211085305.0,14152.1,14164.1
1748211086447.0,14151.9,14163.9
1748211086660.0,14151.2,14163.2
1748211086886.0,14151.4,14163.4
1748211087746.0,14151.9,14163.9
1748211087894.0,14152.1,14164.1
1748211088132.0,14151.4,14163.4
1748211089683.0,14151.5,14163.5
1748211089932.0,14152.1,14164.1
1748211090703.0,14151.9,14163.9
1748211091489.0,14151.8,14163.8
1748211091588.0,14150.5,14162.5
1748211092314.0,14149.7,14161.7
1748211092563.0,14150.3,14162.3
1748211092787.0,14150.1,14162.1
1748211094490.0,14150.5,14162.5
1748211094715.0,14150.8,14162.8
1748211094941.0,14151.0,14163.0
1748211095176.0,14150.5,14162.5
1748211095769.0,14151.0,14163.0
1748211096847.0,14151.2,14163.2
1748211097069.0,14151.4,14163.4
1748211097357.0,14152.3,14164.3
1748211097629.0,14152.1,14164.1
1748211099157.0,14152.3,14164.3
1748211100211.0,14152.6,14164.6
1748211101318.0,14154.1,14166.1
1748211102529.0,14153.9,14165.9
1748211102740.0,14154.1,14166.1
1748211103727.0,14154.2,14166.2
1748211103826.0,14154.4,14166.4
1748211104160.0,14153.9,14165.9
1748211104801.0,14154.1,14166.1
1748211105492.0,14153.9,14165.9
1748211106134.0,14152.8,14164.8
1748211106347.0,14152.6,14164.6
1748211107892.0,14152.8,14164.8
1748211108538.0,14152.1,14164.1
1748211108754.0,14151.4,14163.4
1748211109146.0,14151.5,14163.5
1748211109244.0,14152.1,14164.1
1748211110210.0,14152.3,14164.3
1748211110401.0,14152.4,14164.4
1748211110501.0,14152.6,14164.6
1748211112649.0,14152.3,14164.3
1748211113687.0,14152.4,14164.4
1748211113785.0,14152.8,14164.8
1748211113934.0,14152.6,14164.6
1748211114722.0,14152.5,14164.5
1748211114822.0,14151.9,14163.9
1748211117404.0,14151.4,14163.4
1748211118169.0,14151.5,14163.5
1748211118269.0,14152.6,14164.6
1748211119473.0,14152.3,14164.3
1748211119862.0,14150.5,14162.5
1748211120382.0,14150.8,14162.8
1748211122253.0,14151.0,14163.0
1748211123108.0,14149.6,14161.6
1748211123932.0,14150.1,14162.1
1748211125364.0,14150.3,14162.3
1748211125821.0,14150.1,14162.1
1748211126024.0,14150.2,14162.2
1748211126122.0,14154.4,14166.4
1748211126270.0,14156.2,14168.2
1748211126658.0,14156.4,14168.4
1748211126884.0,14157.3,14169.3
1748211127732.0,14157.5,14169.5
1748211128135.0,14158.0,14170.0
1748211128347.0,14157.5,14169.5
1748211128924.0,14157.3,14169.3
1748211129791.0,14157.1,14169.1
1748211130005.0,14156.6,14168.6
1748211134200.0,14155.7,14167.7
1748211134412.0,14155.5,14167.5
1748211135102.0,14155.7,14167.7
1748211136453.0,14155.9,14167.9
1748211138941.0,14155.0,14167.0
1748211139130.0,14155.1,14167.1
1748211139230.0,14157.3,14169.3
1748211139379.0,14157.5,14169.5
1748211139604.0,14157.7,14169.7
1748211139935.0,14158.0,14170.0
1748211140095.0,14157.5,14169.5
1748211140610.0,14157.3,14169.3
1748211141800.0,14157.1,14169.1
1748211142015.0,14156.6,14168.6
1748211142240.0,14156.4,14168.4
1748211142464.0,14156.6,14168.6
1748211142858.0,14157.1,14169.1
1748211144227.0,14157.7,14169.7
1748211144663.0,14157.5,14169.5
1748211144887.0,14157.7,14169.7
1748211145592.0,14157.5,14169.5
1748211145804.0,14157.3,14169.3
1748211146630.0,14157.5,14169.5
1748211146842.0,14157.3,14169.3
1748211147921.0,14158.0,14170.0
1748211149284.0,14157.9,14169.9
1748211149383.0,14157.3,14169.3
1748211149984.0,14157.1,14169.1
1748211151122.0,14157.3,14169.3
1748211151997.0,14157.1,14169.1
1748211152299.0,14155.9,14167.9
1748211153796.0,14156.6,14168.6
1748211153944.0,14156.4,14168.4
1748211154632.0,14157.1,14169.1
1748211154866.0,14156.6,14168.6
1748211155393.0,14157.1,14169.1
1748211156763.0,14157.3,14169.3
1748211157515.0,14157.5,14169.5
1748211158426.0,14158.0,14170.0
1748211158717.0,14160.7,14172.7
1748211158941.0,14167.0,14179.0
1748211159099.0,14167.9,14179.9
1748211159293.0,14167.8,14179.8
1748211159391.0,14166.5,14178.5
1748211159538.0,14166.8,14178.8
1748211160268.0,14165.4,14177.4
1748211160416.0,14166.5,14178.5
1748211160640.0,14166.1,14178.1
1748211161052.0,14165.2,14177.2
1748211161267.0,14166.1,14178.1
1748211162177.0,14166.3,14178.3
1748211162390.0,14165.8,14177.8
1748211162615.0,14165.0,14177.0
1748211162839.0,14166.1,14178.1
1748211163076.0,14165.4,14177.4
1748211163289.0,14165.0,14177.0
1748211164839.0,14165.4,14177.4
1748211165541.0,14165.0,14177.0
1748211166148.0,14164.3,14176.3
1748211166297.0,14164.7,14176.7
1748211166521.0,14164.3,14176.3
1748211166908.0,14164.2,14176.2
1748211167166.0,14164.3,14176.3
1748211167989.0,14163.8,14175.8
1748211169724.0,14163.6,14175.6
1748211169937.0,14162.5,14174.5
1748211170174.0,14163.6,14175.6
1748211170568.0,14162.9,14174.9
1748211170793.0,14163.4,14175.4
1748211171181.0,14163.2,14175.2
1748211171372.0,14163.1,14175.1
1748211171472.0,14162.7,14174.7
1748211171892.0,14163.4,14175.4
1748211172511.0,14163.6,14175.6
1748211172726.0,14163.8,14175.8
1748211173504.0,14164.5,14176.5
1748211175016.0,14165.8,14177.8
1748211175228.0,14165.0,14177.0
1748211175987.0,14164.9,14176.9
1748211176085.0,14164.7,14176.7
1748211177164.0,14164.8,14176.8
1748211177262.0,14165.4,14177.4
1748211177410.0,14165.2,14177.2
1748211178017.0,14165.8,14177.8
1748211178243.0,14165.2,14177.2
1748211178467.0,14165.4,14177.4
1748211178816.0,14166.5,14178.5
1748211179053.0,14166.3,14178.3
1748211179266.0,14166.1,14178.1
1748211179492.0,14166.3,14178.3
1748211180325.0,14166.5,14178.5
1748211181264.0,14166.1,14178.1
1748211181475.0,14166.5,14178.5
1748211183731.0,14166.3,14178.3
1748211183946.0,14166.5,14178.5
1748211184181.0,14166.1,14178.1
1748211184395.0,14168.1,14180.1
1748211184620.0,14169.0,14181.0
1748211185422.0,14168.8,14180.8
1748211185634.0,14168.6,14180.6
1748211185936.0,14167.9,14179.9
1748211186377.0,14168.6,14180.6
1748211187367.0,14169.5,14181.5
1748211187579.0,14170.1,14182.1
1748211188816.0,14169.7,14181.7
1748211189134.0,14169.9,14181.9
1748211189349.0,14170.1,14182.1
1748211189573.0,14169.7,14181.7
1748211189798.0,14169.9,14181.9
1748211190023.0,14170.1,14182.1
1748211191376.0,14170.4,14182.4
1748211191564.0,14170.3,14182.3
1748211191814.0,14170.6,14182.6
1748211192295.0,14169.7,14181.7
1748211192751.0,14169.4,14181.4
1748211192849.0,14168.3,14180.3
1748211193226.0,14168.6,14180.6
1748211194667.0,14168.5,14180.5
1748211194766.0,14168.1,14180.1
1748211195479.0,14168.3,14180.3
1748211195768.0,14169.0,14181.0
1748211195919.0,14168.8,14180.8
1748211196924.0,14168.6,14180.6
1748211197580.0,14170.8,14182.8
1748211197793.0,14170.4,14182.4
1748211198259.0,14171.3,14183.3
1748211198472.0,14171.7,14183.7
1748211198697.0,14171.5,14183.5
1748211199029.0,14171.4,14183.4
1748211199132.0,14169.7,14181.7
1748211199252.0,14169.6,14181.6
1748211199352.0,14168.6,14180.6
1748211199907.0,14168.7,14180.7
1748211200129.0,14172.1,14184.1
1748211200229.0,14171.3,14183.3
1748211202343.0,14171.5,14183.5
1748211202558.0,14171.3,14183.3
1748211203524.0,14171.2,14183.2
1748211203623.0,14170.8,14182.8
1748211204196.0,14171.3,14183.3
1748211204663.0,14170.6,14182.6
1748211205877.0,14170.4,14182.4
1748211206275.0,14170.6,14182.6
1748211206486.0,14170.8,14182.8
1748211206984.0,14171.3,14183.3
1748211207218.0,14171.5,14183.5
1748211208798.0,14171.3,14183.3
1748211209083.0,14171.2,14183.2
1748211209333.0,14170.6,14182.6
1748211210822.0,14171.3,14183.3
1748211211640.0,14171.2,14183.2
1748211211943.0,14170.8,14182.8
1748211212178.0,14170.6,14182.6
1748211212392.0,14170.4,14182.4
1748211212694.0,14170.1,14182.1
1748211213306.0,14169.5,14181.5
1748211213515.0,14171.5,14183.5
1748211213888.0,14170.8,14182.8
1748211214570.0,14171.3,14183.3
1748211214783.0,14171.5,14183.5
1748211215007.0,14171.3,14183.3
1748211215308.0,14170.8,14182.8
1748211216073.0,14171.7,14183.7
1748211216551.0,14171.3,14183.3
1748211216775.0,14171.5,14183.5
1748211217204.0,14171.7,14183.7
1748211218237.0,14171.9,14183.9
1748211218449.0,14171.5,14183.5
1748211219345.0,14171.9,14183.9
1748211220227.0,14172.2,14184.2
1748211221009.0,14172.4,14184.4
1748211221230.0,14172.2,14184.2
1748211221886.0,14172.4,14184.4
1748211222122.0,14172.2,14184.2
1748211223437.0,14171.9,14183.9
1748211224167.0,14172.2,14184.2
1748211224569.0,14171.9,14183.9
1748211225421.0,14171.7,14183.7
1748211228421.0,14171.9,14183.9
1748211228805.0,14171.7,14183.7
1748211229862.0,14171.9,14183.9
1748211230356.0,14171.7,14183.7
1748211231257.0,14171.5,14183.5
1748211231471.0,14170.8,14182.8
1748211231692.0,14170.6,14182.6
1748211232147.0,14170.4,14182.4
1748211232611.0,14170.1,14182.1
1748211233208.0,14169.9,14181.9
1748211233662.0,14170.1,14182.1
1748211234537.0,14170.8,14182.8
1748211235421.0,14171.3,14183.3
1748211235710.0,14170.8,14182.8
1748211237409.0,14171.3,14183.3
1748211238235.0,14170.8,14182.8
1748211238439.0,14171.3,14183.3
1748211240432.0,14170.8,14182.8
1748211244889.0,14168.8,14180.8
1748211245048.0,14168.1,14180.1
1748211245262.0,14168.3,14180.3
1748211245487.0,14168.1,14180.1
1748211247343.0,14168.6,14180.6
1748211247855.0,14168.8,14180.8
1748211248093.0,14168.6,14180.6
1748211248282.0,14168.5,14180.5
1748211248382.0,14167.2,14179.2
1748211248532.0,14167.0,14179.0
1748211248756.0,14167.2,14179.2
1748211249803.0,14167.9,14179.9
1748211251105.0,14168.6,14180.6
1748211251706.0,14168.3,14180.3
1748211251855.0,14168.6,14180.6
1748211253115.0,14168.5,14180.5
1748211253214.0,14167.0,14179.0
1748211254168.0,14166.3,14178.3
1748211255748.0,14165.8,14177.8
1748211256476.0,14165.2,14177.2
1748211257318.0,14165.0,14177.0
1748211257677.0,14164.7,14176.7
1748211257826.0,14165.0,14177.0
1748211258746.0,14165.2,14177.2
1748211258959.0,14164.7,14176.7
1748211259196.0,14165.0,14177.0
1748211260889.0,14165.2,14177.2
1748211261114.0,14164.7,14176.7
1748211261336.0,14165.0,14177.0
1748211261901.0,14166.1,14178.1
1748211262472.0,14166.3,14178.3
1748211262685.0,14166.1,14178.1
1748211265551.0,14165.8,14177.8
1748211266460.0,14165.0,14177.0
1748211266747.0,14164.7,14176.7
1748211268100.0,14164.3,14176.3
1748211269117.0,14164.5,14176.5
1748211269446.0,14164.7,14176.7
1748211269670.0,14165.0,14177.0
1748211270202.0,14164.9,14176.9
1748211270301.0,14164.7,14176.7
1748211270838.0,14163.8,14175.8
1748211271208.0,14163.6,14175.6
1748211271430.0,14163.2,14175.2
1748211271624.0,14163.1,14175.1
1748211271724.0,14162.7,14174.7
1748211272141.0,14161.3,14173.3
1748211272990.0,14161.1,14173.1
1748211273225.0,14161.3,14173.3
1748211273681.0,14161.4,14173.4
1748211273778.0,14161.6,14173.6
1748211273927.0,14161.8,14173.8
1748211274714.0,14162.0,14174.0
1748211276782.0,14162.5,14174.5
1748211277297.0,14161.6,14173.6
1748211277984.0,14161.8,14173.8
1748211278798.0,14159.7,14171.7
1748211284237.0,14165.4,14177.4
1748211285108.0,14165.8,14177.8
1748211285321.0,14165.4,14177.4
1748211287433.0,14165.1,14177.1
1748211287623.0,14165.2,14177.2
1748211287722.0,14165.4,14177.4
1748211289863.0,14165.8,14177.8
1748211290086.0,14165.4,14177.4
1748211290300.0,14164.9,14176.9
1748211290656.0,14164.7,14176.7
1748211290881.0,14164.5,14176.5
1748211291612.0,14164.7,14176.7
1748211291825.0,14164.5,14176.5
1748211293937.0,14164.7,14176.7
1748211294163.0,14165.4,14177.4
1748211294720.0,14165.8,14177.8
1748211295497.0,14165.1,14177.1
1748211296059.0,14164.9,14176.9
1748211297381.0,14162.9,14174.9
1748211297822.0,14163.1,14175.1
1748211298267.0,14164.0,14176.0
1748211299230.0,14164.2,14176.2
1748211300105.0,14164.3,14176.3
1748211300204.0,14164.5,14176.5
1748211302178.0,14164.7,14176.7
1748211302389.0,14164.2,14176.2
1748211302615.0,14163.8,14175.8
1748211302838.0,14164.2,14176.2
1748211303526.0,14164.3,14176.3
1748211303627.0,14164.7,14176.7
1748211304186.0,14164.9,14176.9
1748211304906.0,14165.4,14177.4
1748211306739.0,14164.9,14176.9
1748211307031.0,14166.3,14178.3
1748211309650.0,14166.5,14178.5
1748211310012.0,14166.4,14178.4
1748211310113.0,14164.5,14176.5
1748211310259.0,14164.2,14176.2
1748211310484.0,14164.0,14176.0
1748211310855.0,14164.9,14176.9
1748211311927.0,14164.5,14176.5
1748211312821.0,14164.4,14176.4
1748211312920.0,14163.8,14175.8
1748211313081.0,14164.7,14176.7
1748211313293.0,14164.9,14176.9
1748211313784.0,14165.1,14177.1
1748211314447.0,14164.9,14176.9
1748211315333.0,14164.7,14176.7
1748211315546.0,14164.0,14176.0
1748211316009.0,14163.8,14175.8
1748211316232.0,14162.9,14174.9
1748211316715.0,14162.2,14174.2
1748211316980.0,14162.4,14174.4
1748211318131.0,14162.7,14174.7
1748211318345.0,14162.4,14174.4
1748211318570.0,14162.2,14174.2
1748211318965.0,14162.4,14174.4
1748211319316.0,14162.2,14174.2
1748211319530.0,14162.7,14174.7
1748211319752.0,14163.1,14175.1
1748211319978.0,14162.9,14174.9
1748211320387.0,14163.1,14175.1
1748211320606.0,14164.0,14176.0
1748211320827.0,14164.2,14176.2
1748211321027.0,14164.3,14176.3
1748211321128.0,14164.5,14176.5
1748211321275.0,14164.2,14176.2
1748211323049.0,14163.3,14175.3
1748211324803.0,14163.4,14175.4
1748211324902.0,14163.8,14175.8
1748211330415.0,14163.3,14175.3
1748211331831.0,14163.4,14175.4
1748211331930.0,14163.8,14175.8
1748211332088.0,14163.1,14175.1
1748211332800.0,14162.9,14174.9
1748211333103.0,14160.9,14172.9
1748211333261.0,14160.6,14172.6
1748211333659.0,14159.5,14171.5
1748211334278.0,14160.4,14172.4
1748211334487.0,14159.3,14171.3
1748211334714.0,14159.1,14171.1
1748211335945.0,14159.3,14171.3
1748211336633.0,14159.1,14171.1
1748211337345.0,14158.6,14170.6
1748211337670.0,14158.8,14170.8
1748211339190.0,14159.1,14171.1
1748211339401.0,14159.5,14171.5
1748211340146.0,14159.7,14171.7
1748211340638.0,14159.8,14171.8
1748211340737.0,14160.0,14172.0
1748211340889.0,14160.4,14172.4
1748211341410.0,14160.0,14172.0
1748211345144.0,14160.4,14172.4
1748211346372.0,14160.0,14172.0
1748211346581.0,14160.6,14172.6
1748211346807.0,14159.5,14171.5
1748211349732.0,14159.1,14171.1
1748211350200.0,14160.0,14172.0
1748211350596.0,14159.5,14171.5
1748211350818.0,14159.7,14171.7
1748211351313.0,14159.5,14171.5
1748211352796.0,14159.3,14171.3
1748211353885.0,14159.5,14171.5
1748211354422.0,14157.3,14169.3
1748211354950.0,14157.1,14169.1
1748211356736.0,14156.7,14168.7
1748211360059.0,14157.6,14169.6
1748211361255.0,14157.3,14169.3
1748211362152.0,14157.6,14169.6
1748211362607.0,14157.3,14169.3
1748211366997.0,14158.2,14170.2
1748211367153.0,14157.8,14169.8
1748211367608.0,14158.5,14170.5
1748211368792.0,14158.2,14170.2
1748211369497.0,14158.3,14170.3
1748211369595.0,14159.1,14171.1
1748211369744.0,14159.4,14171.4
1748211371084.0,14158.7,14170.7
1748211373127.0,14158.5,14170.5
1748211373339.0,14158.2,14170.2
1748211373540.0,14158.3,14170.3
1748211373640.0,14158.7,14170.7
1748211375575.0,14158.5,14170.5
1748211375787.0,14158.7,14170.7
1748211377320.0,14158.6,14170.6
1748211377418.0,14156.7,14168.7
1748211377791.0,14156.4,14168.4
1748211378015.0,14156.7,14168.7
1748211378241.0,14156.4,14168.4
1748211378542.0,14157.1,14169.1
1748211378848.0,14157.6,14169.6
1748211379087.0,14158.2,14170.2
1748211382157.0,14158.5,14170.5
1748211382697.0,14158.9,14170.9
1748211383193.0,14158.7,14170.7
1748211386744.0,14158.9,14170.9
1748211387149.0,14158.5,14170.5
1748211387361.0,14158.7,14170.7
1748211391240.0,14158.5,14170.5
1748211393197.0,14158.6,14170.6
1748211393296.0,14161.2,14173.2
1748211394258.0,14161.1,14173.1
1748211394506.0,14160.5,14172.5
1748211395598.0,14160.7,14172.7
1748211395810.0,14161.2,14173.2
1748211396047.0,14161.6,14173.6
1748211396262.0,14161.2,14173.2
1748211396778.0,14160.7,14172.7
1748211398953.0,14160.5,14172.5
1748211399178.0,14160.0,14172.0
1748211400528.0,14159.4,14171.4
1748211401164.0,14159.6,14171.6
1748211401884.0,14160.0,14172.0
1748211402290.0,14159.6,14171.6
1748211402513.0,14160.0,14172.0
1748211403953.0,14159.6,14171.6
1748211405301.0,14160.3,14172.3
1748211406499.0,14160.4,14172.4
1748211406597.0,14163.2,14175.2
1748211406957.0,14163.0,14175.0
1748211408056.0,14164.1,14176.1
1748211408269.0,14163.6,14175.6
1748211409546.0,14162.7,14174.7
1748211410363.0,14162.8,14174.8
1748211410461.0,14163.2,14175.2
1748211411770.0,14162.7,14174.7
1748211412147.0,14162.8,14174.8
1748211412246.0,14163.6,14175.6
1748211412664.0,14163.9,14175.9
1748211414015.0,14163.6,14175.6
1748211414226.0,14162.7,14174.7
1748211415084.0,14162.8,14174.8
1748211415182.0,14163.0,14175.0
1748211415330.0,14163.6,14175.6
1748211415555.0,14163.2,14175.2
1748211416777.0,14163.0,14175.0
1748211417177.0,14162.7,14174.7
1748211419753.0,14162.5,14174.5
1748211419971.0,14161.8,14173.8
1748211420168.0,14161.9,14173.9
1748211420267.0,14162.5,14174.5
1748211420667.0,14162.3,14174.3
1748211420890.0,14161.8,14173.8
1748211422169.0,14162.1,14174.1
1748211423016.0,14162.3,14174.3
1748211423943.0,14162.5,14174.5
1748211424577.0,14162.7,14174.7
1748211426348.0,14162.5,14174.5
1748211426594.0,14162.7,14174.7
1748211427568.0,14162.5,14174.5
1748211434693.0,14162.3,14174.3
1748211437432.0,14162.5,14174.5
1748211437655.0,14162.3,14174.3
1748211438339.0,14163.0,14175.0
1748211441055.0,14162.5,14174.5
1748211441267.0,14162.7,14174.7
1748211441837.0,14163.0,14175.0
1748211442543.0,14162.7,14174.7
1748211442928.0,14162.5,14174.5
1748211443164.0,14162.7,14174.7
1748211443522.0,14162.8,14174.8
1748211443621.0,14164.5,14176.5
1748211444218.0,14164.1,14176.1
1748211444960.0,14164.5,14176.5
1748211445618.0,14164.6,14176.6
1748211445717.0,14164.8,14176.8
1748211446802.0,14164.7,14176.7
1748211446900.0,14164.1,14176.1
1748211447492.0,14163.9,14175.9
1748211448132.0,14164.1,14176.1
1748211448346.0,14163.9,14175.9
1748211449447.0,14164.3,14176.3
1748211450747.0,14164.5,14176.5
1748211450960.0,14164.1,14176.1
1748211452590.0,14164.3,14176.3
1748211453925.0,14164.1,14176.1
1748211457468.0,14163.6,14175.6
1748211462988.0,14163.9,14175.9
1748211463915.0,14163.6,14175.6
1748211464205.0,14164.1,14176.1
1748211464354.0,14164.3,14176.3
1748211468524.0,14164.1,14176.1
1748211469652.0,14163.6,14175.6
1748211470781.0,14163.7,14175.7
1748211470880.0,14164.1,14176.1
1748211471787.0,14164.5,14176.5
1748211474203.0,14164.6,14176.6
1748211474301.0,14165.2,14177.2
1748211475954.0,14166.6,14178.6
1748211477120.0,14166.4,14178.4
1748211477370.0,14167.0,14179.0
1748211477744.0,14166.6,14178.6
1748211477969.0,14166.1,14178.1
1748211478205.0,14166.3,14178.3
1748211479903.0,14166.4,14178.4
1748211480000.0,14167.0,14179.0
1748211480465.0,14167.1,14179.1
1748211480563.0,14168.1,14180.1
1748211480997.0,14167.7,14179.7
1748211481228.0,14168.1,14180.1
1748211482019.0,14168.2,14180.2
1748211482267.0,14168.1,14180.1
1748211482927.0,14167.9,14179.9
1748211483704.0,14168.1,14180.1
1748211484271.0,14167.9,14179.9
1748211484484.0,14168.1,14180.1
1748211485072.0,14167.7,14179.7
1748211485552.0,14167.9,14179.9
1748211487480.0,14167.3,14179.3
1748211487580.0,14167.7,14179.7
1748211487729.0,14167.2,14179.2
1748211487955.0,14166.6,14178.6
1748211488972.0,14166.1,14178.1
1748211490940.0,14166.1,14178.1
1748211491240.0,14167.2,14179.2
1748211491483.0,14167.0,14179.0
1748211496700.0,14167.2,14179.2
1748211496912.0,14167.0,14179.0
1748211497432.0,14167.5,14179.5
1748211497863.0,14168.1,14180.1
1748211499082.0,14167.9,14179.9
1748211499903.0,14167.7,14179.7
1748211500312.0,14167.9,14179.9
1748211501449.0,14167.7,14179.7
1748211502763.0,14166.6,14178.6
1748211504540.0,14166.1,14178.1
1748211506806.0,14165.7,14177.7
1748211509869.0,14165.6,14177.6
1748211510127.0,14164.3,14176.3
1748211510416.0,14164.5,14176.5
1748211511293.0,14164.1,14176.1
1748211512292.0,14164.3,14176.3
1748211512504.0,14164.5,14176.5
1748211512785.0,14164.6,14176.6
1748211513046.0,14165.2,14177.2
1748211513260.0,14165.7,14177.7
1748211513744.0,14165.4,14177.4
1748211513971.0,14165.2,14177.2
1748211514209.0,14165.4,14177.4
1748211514422.0,14165.2,14177.2
1748211514647.0,14165.4,14177.4
1748211514873.0,14165.7,14177.7
1748211515353.0,14165.4,14177.4
1748211515568.0,14165.7,14177.7
1748211516537.0,14165.4,14177.4
1748211516862.0,14165.2,14177.2
1748211520606.0,14165.4,14177.4
1748211521443.0,14165.7,14177.7
1748211524930.0,14165.2,14177.2
1748211525494.0,14164.8,14176.8
1748211525705.0,14166.6,14178.6
1748211525906.0,14166.5,14178.5
1748211526007.0,14165.9,14177.9
1748211526290.0,14165.2,14177.2
1748211527154.0,14165.3,14177.3
1748211527253.0,14166.6,14178.6
1748211527402.0,14166.3,14178.3
1748211527800.0,14165.9,14177.9
1748211528267.0,14165.7,14177.7
1748211529442.0,14165.9,14177.9
1748211531213.0,14165.7,14177.7
1748211533780.0,14166.1,14178.1
1748211534747.0,14165.9,14177.9
1748211535193.0,14165.7,14177.7
1748211537328.0,14165.9,14177.9
1748211539125.0,14166.1,14178.1
1748211540269.0,14165.4,14177.4
1748211540483.0,14165.2,14177.2
1748211540997.0,14164.3,14176.3
1748211541360.0,14164.1,14176.1
1748211541579.0,14163.9,14175.9
1748211542161.0,14164.1,14176.1
1748211543334.0,14163.9,14175.9
1748211543547.0,14164.1,14176.1
1748211544227.0,14165.2,14177.2
1748211544441.0,14164.8,14176.8
1748211544665.0,14164.5,14176.5
1748211546757.0,14165.2,14177.2
1748211547918.0,14165.9,14177.9
1748211548141.0,14165.7,14177.7
1748211548591.0,14165.4,14177.4
1748211549976.0,14164.8,14176.8
1748211550199.0,14165.2,14177.2
1748211551149.0,14164.5,14176.5
1748211551604.0,14164.1,14176.1
1748211551829.0,14163.9,14175.9
1748211552063.0,14164.1,14176.1
1748211552716.0,14164.5,14176.5
1748211553640.0,14164.8,14176.8
1748211554299.0,14165.2,14177.2
1748211556703.0,14164.5,14176.5
1748211556990.0,14164.8,14176.8
1748211560010.0,14165.2,14177.2
1748211560228.0,14164.8,14176.8
1748211561753.0,14167.2,14179.2
1748211563113.0,14166.4,14178.4
1748211563213.0,14167.0,14179.0
1748211566182.0,14166.6,14178.6
1748211567380.0,14165.9,14177.9
1748211568159.0,14166.1,14178.1
1748211568390.0,14166.3,14178.3
1748211571108.0,14166.4,14178.4
1748211571206.0,14167.7,14179.7
1748211571855.0,14167.0,14179.0
1748211572688.0,14167.5,14179.5
1748211573058.0,14167.2,14179.2
1748211575024.0,14167.0,14179.0
1748211576821.0,14166.6,14178.6
1748211577046.0,14167.0,14179.0
1748211577266.0,14167.2,14179.2
1748211578327.0,14167.9,14179.9
1748211580603.0,14167.7,14179.7
1748211580817.0,14168.8,14180.8
1748211581583.0,14169.0,14181.0
1748211581803.0,14168.8,14180.8
1748211582165.0,14169.0,14181.0
1748211583867.0,14168.8,14180.8
1748211585063.0,14169.0,14181.0
1748211585546.0,14169.3,14181.3
1748211586375.0,14169.0,14181.0
1748211586590.0,14168.8,14180.8
1748211587531.0,14168.1,14180.1
1748211587717.0,14168.2,14180.2
1748211587817.0,14168.8,14180.8
1748211588656.0,14167.7,14179.7
1748211590077.0,14168.4,14180.4
1748211590601.0,14169.0,14181.0
1748211591158.0,14169.3,14181.3
1748211591285.0,14169.5,14181.5
1748211591384.0,14177.6,14189.6
1748211591562.0,14178.3,14190.3
1748211591788.0,14178.7,14190.7
1748211592013.0,14178.1,14190.1
1748211592238.0,14178.3,14190.3
1748211592463.0,14177.2,14189.2
1748211592735.0,14175.2,14187.2
1748211592999.0,14174.9,14186.9
1748211593161.0,14175.2,14187.2
1748211593350.0,14175.1,14187.1
1748211593450.0,14174.7,14186.7
1748211593598.0,14175.2,14187.2
1748211593806.0,14175.1,14187.1
1748211593903.0,14174.7,14186.7
1748211594337.0,14174.9,14186.9
1748211594728.0,14174.7,14186.7
1748211595183.0,14175.4,14187.4
1748211595624.0,14175.2,14187.2
1748211595917.0,14174.5,14186.5
1748211596077.0,14174.7,14186.7
1748211596919.0,14174.9,14186.9
1748211597115.0,14175.0,14187.0
1748211597215.0,14175.6,14187.6
1748211597368.0,14176.3,14188.3
1748211597617.0,14176.5,14188.5
1748211598017.0,14176.3,14188.3
1748211599248.0,14175.4,14187.4
1748211599460.0,14175.6,14187.6
1748211599686.0,14176.3,14188.3
1748211600054.0,14176.5,14188.5
1748211600268.0,14176.7,14188.7
1748211600491.0,14176.3,14188.3
1748211600719.0,14175.6,14187.6
1748211600942.0,14176.1,14188.1
1748211601234.0,14176.0,14188.0
1748211601333.0,14175.6,14187.6
1748211601483.0,14175.4,14187.4
1748211601707.0,14175.2,14187.2
1748211601931.0,14175.4,14187.4
1748211602168.0,14175.6,14187.6
1748211602381.0,14176.1,14188.1
1748211602655.0,14178.5,14190.5
1748211602880.0,14177.9,14189.9
1748211603394.0,14177.6,14189.6
1748211603717.0,14177.9,14189.9
1748211604627.0,14178.3,14190.3
1748211605023.0,14178.5,14190.5
1748211605324.0,14179.9,14191.9
1748211605471.0,14179.7,14191.7
1748211605698.0,14179.9,14191.9
1748211606314.0,14179.2,14191.2
1748211607194.0,14179.0,14191.0
1748211607408.0,14179.2,14191.2
1748211607634.0,14179.0,14191.0
1748211607858.0,14179.2,14191.2
1748211608094.0,14179.7,14191.7
1748211608724.0,14179.6,14191.6
1748211608825.0,14179.0,14191.0
1748211608972.0,14179.9,14191.9
1748211609612.0,14179.2,14191.2
1748211610000.0,14179.0,14191.0
1748211610685.0,14179.3,14191.3
1748211610785.0,14180.8,14192.8
1748211610934.0,14181.2,14193.2
1748211611173.0,14181.5,14193.5
1748211611361.0,14181.4,14193.4
1748211611463.0,14180.1,14192.1
1748211611903.0,14180.8,14192.8
1748211612368.0,14179.9,14191.9
1748211613128.0,14180.1,14192.1
1748211613342.0,14180.8,14192.8
1748211613636.0,14181.2,14193.2
1748211613860.0,14181.5,14193.5
1748211614097.0,14181.7,14193.7
1748211614310.0,14181.2,14193.2
1748211614535.0,14181.5,14193.5
1748211615610.0,14180.8,14192.8
1748211615758.0,14180.1,14192.1
1748211615983.0,14179.7,14191.7
1748211616220.0,14180.6,14192.6
1748211616410.0,14180.5,14192.5
1748211616658.0,14180.3,14192.3
1748211616883.0,14179.9,14191.9
1748211617177.0,14180.6,14192.6
1748211617630.0,14181.9,14193.9
1748211617854.0,14182.4,14194.4
1748211618155.0,14181.7,14193.7
1748211618304.0,14182.4,14194.4
1748211618544.0,14182.1,14194.1
1748211618769.0,14181.9,14193.9
1748211618993.0,14181.7,14193.7
1748211619385.0,14181.9,14193.9
1748211619596.0,14181.7,14193.7
1748211620156.0,14181.5,14193.5
1748211620559.0,14181.7,14193.7
1748211621170.0,14181.9,14193.9
1748211621785.0,14182.1,14194.1
1748211622009.0,14182.4,14194.4
1748211622234.0,14182.6,14194.6
1748211622460.0,14182.4,14194.4
1748211623568.0,14182.4,14194.4
1748211624154.0,14182.1,14194.1
1748211624367.0,14181.9,14193.9
1748211624815.0,14182.1,14194.1
1748211625201.0,14181.2,14193.2
1748211625413.0,14180.8,14192.8
1748211625850.0,14181.2,14193.2
1748211626090.0,14181.7,14193.7
1748211626307.0,14181.9,14193.9
1748211626533.0,14181.7,14193.7
1748211626758.0,14181.9,14193.9
1748211626982.0,14182.1,14194.1
1748211627487.0,14181.9,14193.9
1748211627931.0,14182.1,14194.1
1748211628232.0,14183.0,14195.0
1748211628922.0,14182.6,14194.6
1748211629158.0,14182.1,14194.1
1748211629257.0,14182.2,14194.2
1748211629457.0,14181.9,14193.9
1748211629822.0,14181.9,14193.9
1748211630426.0,14181.7,14193.7
1748211630641.0,14180.8,14192.8
1748211631425.0,14180.6,14192.6
1748211631639.0,14180.8,14192.8
1748211632086.0,14180.6,14192.6
1748211632298.0,14180.1,14192.1
1748211632672.0,14179.9,14191.9
1748211632898.0,14180.1,14192.1
1748211633136.0,14180.4,14192.4
1748211633955.0,14180.3,14192.3
1748211634056.0,14180.1,14192.1
1748211635030.0,14178.8,14190.8
1748211635702.0,14179.0,14191.0
1748211635927.0,14179.7,14191.7
1748211636307.0,14180.6,14192.6
1748211636528.0,14180.1,14192.1
1748211636753.0,14180.4,14192.4
1748211637531.0,14180.1,14192.1
1748211639680.0,14180.4,14192.4
1748211640085.0,14180.1,14192.1
1748211640842.0,14180.4,14192.4
1748211641080.0,14181.5,14193.5
1748211641329.0,14181.3,14193.3
1748211641556.0,14180.8,14192.8
1748211641780.0,14180.6,14192.6
1748211642005.0,14180.8,14192.8
1748211642234.0,14181.3,14193.3
1748211642690.0,14181.2,14193.2
1748211642790.0,14180.6,14192.6
1748211643434.0,14180.4,14192.4
1748211643971.0,14180.6,14192.6
1748211644207.0,14180.8,14192.8
1748211644307.0,14181.0,14193.0
1748211644673.0,14180.8,14192.8
1748211645498.0,14181.0,14193.0
1748211649216.0,14181.5,14193.5
1748211649424.0,14180.8,14192.8
1748211649650.0,14181.5,14193.5
1748211649874.0,14181.0,14193.0
1748211650112.0,14181.5,14193.5
1748211650326.0,14181.7,14193.7
1748211650632.0,14181.9,14193.9
1748211651034.0,14181.5,14193.5
1748211651520.0,14181.7,14193.7
1748211651930.0,14181.5,14193.5
1748211652908.0,14181.7,14193.7
1748211655065.0,14181.0,14193.0
1748211655278.0,14180.8,14192.8
1748211655505.0,14180.6,14192.6
1748211655729.0,14180.8,14192.8
1748211655955.0,14180.4,14192.4
1748211656152.0,14180.3,14192.3
1748211656253.0,14180.1,14192.1
1748211656959.0,14179.9,14191.9
1748211657196.0,14179.5,14191.5
1748211657410.0,14179.9,14191.9
1748211657634.0,14179.5,14191.5
1748211658378.0,14179.2,14191.2
1748211658593.0,14178.3,14190.3
1748211658818.0,14177.9,14189.9
1748211659054.0,14177.0,14189.0
1748211659268.0,14177.2,14189.2
1748211659493.0,14177.4,14189.4
1748211660356.0,14177.0,14189.0
1748211660747.0,14177.2,14189.2
1748211660972.0,14177.4,14189.4
1748211661211.0,14176.8,14188.8
1748211661421.0,14177.0,14189.0
1748211662093.0,14177.2,14189.2
1748211662503.0,14177.9,14189.9
1748211663273.0,14178.1,14190.1
1748211663684.0,14178.3,14190.3
1748211663908.0,14178.1,14190.1
1748211664448.0,14177.2,14189.2
1748211664659.0,14176.8,14188.8
1748211666020.0,14179.5,14191.5
1748211666206.0,14179.4,14191.4
1748211666307.0,14179.0,14191.0
1748211667318.0,14178.8,14190.8
1748211667531.0,14178.6,14190.6
1748211667849.0,14178.5,14190.5
1748211667948.0,14178.3,14190.3
1748211668107.0,14178.6,14190.6
1748211668298.0,14178.5,14190.5
1748211668524.0,14178.4,14190.4
1748211668624.0,14179.0,14191.0
1748211669305.0,14178.8,14190.8
1748211672636.0,14179.0,14191.0
1748211672850.0,14180.1,14192.1
1748211673469.0,14179.9,14191.9
1748211673684.0,14178.3,14190.3
1748211674397.0,14178.1,14190.1
1748211675616.0,14178.3,14190.3
1748211676775.0,14178.6,14190.6
1748211677678.0,14178.8,14190.8
1748211678683.0,14178.6,14190.6
1748211678872.0,14178.5,14190.5
1748211678971.0,14178.3,14190.3
1748211679132.0,14178.6,14190.6
1748211679421.0,14178.3,14190.3
1748211679547.0,14178.4,14190.4
1748211679646.0,14179.0,14191.0
1748211680158.0,14179.2,14191.2
1748211680348.0,14179.3,14191.3
1748211680449.0,14180.8,14192.8
1748211681055.0,14180.6,14192.6
1748211681268.0,14180.8,14192.8
1748211681491.0,14181.0,14193.0
1748211682111.0,14180.8,14192.8
1748211682496.0,14181.0,14193.0
1748211682800.0,14181.7,14193.7
1748211683911.0,14181.5,14193.5
1748211684136.0,14183.5,14195.5
1748211684347.0,14183.7,14195.7
1748211685211.0,14183.5,14195.5
1748211685424.0,14183.7,14195.7
1748211685763.0,14183.5,14195.5
1748211685989.0,14182.8,14194.8
1748211688372.0,14182.2,14194.2
1748211688636.0,14181.9,14193.9
1748211688862.0,14182.2,14194.2
1748211689930.0,14181.9,14193.9
1748211690371.0,14181.9,14193.9
1748211690672.0,14182.6,14194.6
1748211692051.0,14182.8,14194.8
1748211692237.0,14182.9,14194.9
1748211692336.0,14184.0,14196.0
1748211693111.0,14183.5,14195.5
1748211693943.0,14182.6,14194.6
1748211694178.0,14182.8,14194.8
1748211696153.0,14185.3,14197.3
1748211697069.0,14185.5,14197.5
1748211697281.0,14185.3,14197.3
1748211697861.0,14185.1,14197.1
1748211698135.0,14185.3,14197.3
1748211698425.0,14185.8,14197.8
1748211698979.0,14186.0,14198.0
1748211699214.0,14186.5,14198.5
1748211699427.0,14186.0,14198.0
1748211699654.0,14186.2,14198.2
1748211700654.0,14186.0,14198.0
1748211700866.0,14186.5,14198.5
1748211701168.0,14185.6,14197.6
1748211701878.0,14184.7,14196.7
1748211702357.0,14184.4,14196.4
1748211702744.0,14183.8,14195.8
1748211704101.0,14183.5,14195.5
1748211704315.0,14183.3,14195.3
1748211704725.0,14182.9,14194.9
1748211705465.0,14182.4,14194.4
1748211705677.0,14183.3,14195.3
1748211707355.0,14183.5,14195.5
1748211707567.0,14183.8,14195.8
1748211707792.0,14184.2,14196.2
1748211708491.0,14184.0,14196.0
1748211708704.0,14183.5,14195.5
1748211708905.0,14183.6,14195.6
1748211709007.0,14185.6,14197.6
1748211709441.0,14185.1,14197.1
1748211710145.0,14184.4,14196.4
1748211710338.0,14184.5,14196.5
1748211710436.0,14184.7,14196.7
1748211710585.0,14185.1,14197.1
1748211710811.0,14185.6,14197.6
1748211711233.0,14185.3,14197.3
1748211712970.0,14185.6,14197.6
1748211713193.0,14185.3,14197.3
1748211713408.0,14184.7,14196.7
1748211713633.0,14185.1,14197.1
1748211713857.0,14184.7,14196.7
1748211714093.0,14185.3,14197.3
1748211714494.0,14185.1,14197.1
1748211715290.0,14185.3,14197.3
1748211715579.0,14185.1,14197.1
1748211715805.0,14185.3,14197.3
1748211716034.0,14184.4,14196.4
1748211716467.0,14184.5,14196.5
1748211716713.0,14184.4,14196.4
1748211717099.0,14184.2,14196.2
1748211717538.0,14183.3,14195.3
1748211718233.0,14184.0,14196.0
1748211718446.0,14183.8,14195.8
1748211719671.0,14182.6,14194.6
1748211719895.0,14182.4,14194.4
1748211720359.0,14184.2,14196.2
1748211720999.0,14184.0,14196.0
1748211721231.0,14183.3,14195.3
1748211721462.0,14183.5,14195.5
1748211721765.0,14184.7,14196.7
1748211722922.0,14185.1,14197.1
1748211723144.0,14184.4,14196.4
1748211723588.0,14185.8,14197.8
1748211723836.0,14185.6,14197.6
1748211724073.0,14186.5,14198.5
1748211724263.0,14186.4,14198.4
1748211724361.0,14185.8,14197.8
1748211724712.0,14187.2,14199.2
1748211724812.0,14187.4,14199.4
1748211726352.0,14187.6,14199.6
1748211726565.0,14188.9,14200.9
1748211726767.0,14189.0,14201.0
1748211727016.0,14188.9,14200.9
1748211727318.0,14189.2,14201.2
1748211727466.0,14188.9,14200.9
1748211728328.0,14189.0,14201.0
1748211728429.0,14189.2,14201.2
1748211728750.0,14188.9,14200.9
1748211728950.0,14189.0,14201.0
1748211729052.0,14189.2,14201.2
1748211729890.0,14189.1,14201.1
1748211729988.0,14188.3,14200.3
1748211730342.0,14188.7,14200.7
1748211730553.0,14188.9,14200.9
1748211730777.0,14187.1,14199.1
1748211731078.0,14187.4,14199.4
1748211731638.0,14187.6,14199.6
1748211732477.0,14187.8,14199.8
1748211732690.0,14188.0,14200.0
1748211733256.0,14188.9,14200.9
1748211733528.0,14188.7,14200.7
1748211733752.0,14189.2,14201.2
1748211734561.0,14189.1,14201.1
1748211734660.0,14187.8,14199.8
1748211735198.0,14187.6,14199.6
1748211735410.0,14188.0,14200.0
1748211735713.0,14191.2,14203.2
1748211736375.0,14191.0,14203.0
1748211737087.0,14190.5,14202.5
1748211737299.0,14191.0,14203.0
1748211737623.0,14191.2,14203.2
1748211737924.0,14193.0,14205.0
1748211738713.0,14192.8,14204.8
1748211739310.0,14193.0,14205.0
1748211739520.0,14192.8,14204.8
1748211739958.0,14192.7,14204.7
1748211740218.0,14193.0,14205.0
1748211740580.0,14193.2,14205.2
1748211740805.0,14193.5,14205.5
1748211741103.0,14193.2,14205.2
1748211741674.0,14192.8,14204.8
1748211741896.0,14192.5,14204.5
1748211742130.0,14192.3,14204.3
1748211742565.0,14192.5,14204.5
1748211743577.0,14192.3,14204.3
1748211743791.0,14191.9,14203.9
1748211744017.0,14191.7,14203.7
1748211744240.0,14191.9,14203.9
1748211744465.0,14192.3,14204.3
1748211744691.0,14191.9,14203.9
1748211745258.0,14191.7,14203.7
1748211745471.0,14192.5,14204.5
1748211745697.0,14192.3,14204.3
1748211745923.0,14194.5,14206.5
1748211746145.0,14194.7,14206.7
1748211746371.0,14194.5,14206.5
1748211747032.0,14196.1,14208.1
1748211748057.0,14196.3,14208.3
1748211748268.0,14195.2,14207.2
1748211748734.0,14195.4,14207.4
1748211749144.0,14195.6,14207.6
1748211749356.0,14195.4,14207.4
1748211749582.0,14195.6,14207.6
1748211749806.0,14195.4,14207.4
1748211750042.0,14195.2,14207.2
1748211750256.0,14195.0,14207.0
1748211750483.0,14195.2,14207.2
1748211750710.0,14195.4,14207.4
1748211750934.0,14195.6,14207.6
1748211751168.0,14195.4,14207.4
1748211751535.0,14195.2,14207.2
1748211751761.0,14197.2,14209.2
1748211752150.0,14197.0,14209.0
1748211752589.0,14197.2,14209.2
1748211752986.0,14196.8,14208.8
1748211753221.0,14197.2,14209.2
1748211753435.0,14196.5,14208.5
1748211753660.0,14196.1,14208.1
1748211753886.0,14196.8,14208.8
1748211754086.0,14196.7,14208.7
1748211754186.0,14196.5,14208.5
1748211754748.0,14196.1,14208.1
1748211754970.0,14196.5,14208.5
1748211755210.0,14197.0,14209.0
1748211755426.0,14196.8,14208.8
1748211756724.0,14197.2,14209.2
1748211757083.0,14197.4,14209.4
1748211757291.0,14199.6,14211.6
1748211757515.0,14199.4,14211.4
1748211757740.0,14199.2,14211.2
1748211757966.0,14200.1,14212.1
1748211758167.0,14200.0,14212.0
1748211758383.0,14199.5,14211.5
1748211758483.0,14199.2,14211.2
1748211759022.0,14199.5,14211.5
1748211759182.0,14199.0,14211.0
1748211759394.0,14198.8,14210.8
1748211759911.0,14199.0,14211.0
1748211760150.0,14199.5,14211.5
1748211760339.0,14199.4,14211.4
1748211760587.0,14197.2,14209.2
1748211761042.0,14197.0,14209.0
1748211761256.0,14197.4,14209.4
1748211761634.0,14196.8,14208.8
1748211761859.0,14197.7,14209.7
1748211762095.0,14197.2,14209.2
1748211762458.0,14197.4,14209.4
1748211762834.0,14197.5,14209.5
1748211762935.0,14198.3,14210.3
1748211763891.0,14198.1,14210.1
1748211764116.0,14198.6,14210.6
1748211764329.0,14198.3,14210.3
1748211764761.0,14198.6,14210.6
1748211765174.0,14198.3,14210.3
1748211765386.0,14198.6,14210.6
1748211766052.0,14198.3,14210.3
1748211766263.0,14197.4,14209.4
1748211767068.0,14196.1,14208.1
1748211767454.0,14197.0,14209.0
1748211767966.0,14196.1,14208.1
1748211768202.0,14195.9,14207.9
1748211768414.0,14197.0,14209.0
1748211768907.0,14196.8,14208.8
1748211769681.0,14197.0,14209.0
1748211769894.0,14197.4,14209.4
1748211770543.0,14197.7,14209.7
1748211770694.0,14197.4,14209.4
1748211771587.0,14198.8,14210.8
1748211771736.0,14198.1,14210.1
1748211772617.0,14197.7,14209.7
1748211772978.0,14198.1,14210.1
1748211773644.0,14197.7,14209.7
1748211774332.0,14198.8,14210.8
1748211775170.0,14199.0,14211.0
1748211775382.0,14199.5,14211.5
1748211775609.0,14199.9,14211.9
1748211775909.0,14197.2,14209.2
1748211776170.0,14197.7,14209.7
1748211776777.0,14198.1,14210.1
1748211777379.0,14198.3,14210.3
1748211777566.0,14198.4,14210.4
1748211777816.0,14199.0,14211.0
1748211778210.0,14199.2,14211.2
1748211778500.0,14199.9,14211.9
1748211780551.0,14200.6,14212.6
1748211780763.0,14199.5,14211.5
1748211780987.0,14200.4,14212.4
1748211781219.0,14200.1,14212.1
1748211781438.0,14200.4,14212.4
1748211781959.0,14200.6,14212.6
1748211782195.0,14200.1,14212.1
1748211783257.0,14199.5,14211.5
1748211783467.0,14199.9,14211.9
1748211783868.0,14199.5,14211.5
1748211784105.0,14199.9,14211.9
1748211784553.0,14200.1,14212.1
1748211784789.0,14199.9,14211.9
1748211784983.0,14200.1,14212.1
1748211785080.0,14204.2,14216.2
1748211785241.0,14204.4,14216.4
1748211785647.0,14204.0,14216.0
1748211785871.0,14203.5,14215.5
1748211786108.0,14203.1,14215.1
1748211786323.0,14203.7,14215.7
1748211786645.0,14203.5,14215.5
1748211786870.0,14203.1,14215.1
1748211787106.0,14202.8,14214.8
1748211787320.0,14202.6,14214.6
1748211787546.0,14202.2,14214.2
1748211787770.0,14201.9,14213.9
1748211787995.0,14201.7,14213.7
1748211788346.0,14201.9,14213.9
1748211788739.0,14201.3,14213.3
1748211789226.0,14202.2,14214.2
1748211789885.0,14202.6,14214.6
1748211790560.0,14202.4,14214.4
1748211790773.0,14202.6,14214.6
1748211790997.0,14202.8,14214.8
1748211791301.0,14203.5,14215.5
1748211791446.0,14203.7,14215.7
1748211791726.0,14203.8,14215.8
1748211791826.0,14204.4,14216.4
1748211792163.0,14204.6,14216.6
1748211792387.0,14203.7,14215.7
1748211792581.0,14203.8,14215.8
1748211792676.0,14204.2,14216.2
1748211792834.0,14204.4,14216.4
1748211793457.0,14204.6,14216.6
1748211793646.0,14204.7,14216.7
1748211793746.0,14206.7,14218.7
1748211793894.0,14206.5,14218.5
1748211794496.0,14206.6,14218.6
1748211794745.0,14206.0,14218.0
1748211794969.0,14205.5,14217.5
1748211795171.0,14205.6,14217.6
1748211795424.0,14205.5,14217.5
1748211795653.0,14205.3,14217.3
1748211795883.0,14206.0,14218.0
1748211796107.0,14205.8,14217.8
1748211796298.0,14205.7,14217.7
1748211796397.0,14204.9,14216.9
1748211796554.0,14204.6,14216.6
1748211796748.0,14204.7,14216.7
1748211796847.0,14204.9,14216.9
1748211797305.0,14205.6,14217.6
1748211797405.0,14205.8,14217.8
1748211797628.0,14202.2,14214.2
1748211797778.0,14202.6,14214.6
1748211798004.0,14202.8,14214.8
1748211798203.0,14202.9,14214.9
1748211798304.0,14203.1,14215.1
1748211798452.0,14202.8,14214.8
1748211798653.0,14202.9,14214.9
1748211798753.0,14203.5,14215.5
1748211798903.0,14202.6,14214.6
1748211799392.0,14202.8,14214.8
1748211799606.0,14202.2,14214.2
1748211799808.0,14202.1,14214.1
1748211799907.0,14201.3,14213.3
1748211800133.0,14200.4,14212.4
1748211800477.0,14200.1,14212.1
1748211800701.0,14198.1,14210.1
1748211800928.0,14198.6,14210.6
1748211801164.0,14198.3,14210.3
1748211801377.0,14198.6,14210.6
1748211801680.0,14198.8,14210.8
1748211802094.0,14199.2,14211.2
1748211802285.0,14199.3,14211.3
1748211802384.0,14199.5,14211.5
1748211802532.0,14200.1,14212.1
1748211802734.0,14200.2,14212.2
1748211802833.0,14200.6,14212.6
1748211803096.0,14200.8,14212.8
1748211803677.0,14200.6,14212.6
1748211803901.0,14200.4,14212.4
1748211804139.0,14201.3,14213.3
1748211804476.0,14201.0,14213.0
1748211805078.0,14201.3,14213.3
1748211805228.0,14201.7,14213.7
1748211805452.0,14201.9,14213.9
1748211806445.0,14202.0,14214.0
1748211806545.0,14202.2,14214.2
1748211806867.0,14201.7,14213.7
1748211807280.0,14201.9,14213.9
1748211807570.0,14202.4,14214.4
1748211807719.0,14202.6,14214.6
1748211807943.0,14202.8,14214.8
1748211808179.0,14202.4,14214.4
1748211809074.0,14202.2,14214.2
1748211809288.0,14202.8,14214.8
1748211809488.0,14202.9,14214.9
1748211809588.0,14204.2,14216.2
1748211809739.0,14203.1,14215.1
1748211809963.0,14203.5,14215.5
1748211810200.0,14203.1,14215.1
1748211810434.0,14203.5,14215.5
1748211810659.0,14203.1,14215.1
1748211811526.0,14202.8,14214.8
1748211812352.0,14202.6,14214.6
1748211812740.0,14202.4,14214.4
1748211813380.0,14202.2,14214.2
1748211814513.0,14202.6,14214.6
1748211815531.0,14202.2,14214.2
1748211815746.0,14202.6,14214.6
1748211815970.0,14202.4,14214.4
1748211816858.0,14202.6,14214.6
1748211817082.0,14203.1,14215.1
1748211817634.0,14203.7,14215.7
1748211817937.0,14206.2,14218.2
1748211818093.0,14206.7,14218.7
1748211818307.0,14206.5,14218.5
1748211818713.0,14206.2,14218.2
1748211819779.0,14206.5,14218.5
1748211819968.0,14206.4,14218.4
1748211820069.0,14205.5,14217.5
1748211820192.0,14205.6,14217.6
1748211820418.0,14206.4,14218.4
1748211820519.0,14205.8,14217.8
1748211820667.0,14206.5,14218.5
1748211820868.0,14206.4,14218.4
1748211820968.0,14206.2,14218.2
1748211821132.0,14206.0,14218.0
1748211821342.0,14206.5,14218.5
1748211821545.0,14206.4,14218.4
1748211821644.0,14206.0,14218.0
1748211822179.0,14205.8,14217.8
1748211822784.0,14206.0,14218.0
1748211823522.0,14206.2,14218.2
1748211824882.0,14206.0,14218.0
1748211825276.0,14206.2,14218.2
1748211825489.0,14206.5,14218.5
1748211826377.0,14206.7,14218.7
1748211826590.0,14206.5,14218.5
1748211827697.0,14211.2,14223.2
1748211827848.0,14210.7,14222.7
1748211828421.0,14209.6,14221.6
1748211828630.0,14210.1,14222.1
1748211829304.0,14209.9,14221.9
1748211829514.0,14209.7,14221.7
1748211829893.0,14209.4,14221.4
1748211830052.0,14209.2,14221.2
1748211830266.0,14209.0,14221.0
1748211830492.0,14209.2,14221.2
1748211831876.0,14208.5,14220.5
1748211832099.0,14209.0,14221.0
1748211832312.0,14208.5,14220.5
1748211832662.0,14209.2,14221.2
1748211833735.0,14209.9,14221.9
1748211833946.0,14209.2,14221.2
1748211834185.0,14209.4,14221.4
1748211834737.0,14209.2,14221.2
1748211834961.0,14208.3,14220.3
1748211835197.0,14208.5,14220.5
1748211835804.0,14208.6,14220.6
1748211835903.0,14209.4,14221.4
1748211836062.0,14209.7,14221.7
1748211836781.0,14209.6,14221.6
1748211836880.0,14209.2,14221.2
1748211837114.0,14209.0,14221.0
1748211837328.0,14208.5,14220.5
1748211838339.0,14208.3,14220.3
1748211838951.0,14207.2,14219.2
1748211840593.0,14206.7,14218.7
1748211841764.0,14205.6,14217.6
1748211841977.0,14206.0,14218.0
1748211843409.0,14206.7,14218.7
1748211844147.0,14206.8,14218.8
1748211844245.0,14207.9,14219.9
1748211844469.0,14206.0,14218.0
1748211845022.0,14206.1,14218.1
1748211845120.0,14206.5,14218.5
1748211845435.0,14206.3,14218.3
1748211845913.0,14206.5,14218.5
1748211846326.0,14206.0,14218.0
1748211846516.0,14206.1,14218.1
1748211846615.0,14206.3,14218.3
1748211846765.0,14206.0,14218.0
1748211846989.0,14205.8,14217.8
1748211847226.0,14206.0,14218.0
1748211847516.0,14205.8,14217.8
1748211848392.0,14209.0,14221.0
1748211848780.0,14208.9,14220.9
1748211849033.0,14206.5,14218.5
1748211850215.0,14206.3,14218.3
1748211850429.0,14206.1,14218.1
1748211850654.0,14205.8,14217.8
1748211850955.0,14206.5,14218.5
1748211851115.0,14205.8,14217.8
1748211851849.0,14206.1,14218.1
1748211852185.0,14206.3,14218.3
1748211853643.0,14206.1,14218.1
1748211854547.0,14205.8,14217.8
1748211855147.0,14205.4,14217.4
1748211855834.0,14204.5,14216.5
1748211856856.0,14204.3,14216.3
1748211858020.0,14205.6,14217.6
1748211858230.0,14205.4,14217.4
1748211859865.0,14204.7,14216.7
1748211860521.0,14204.0,14216.0
1748211860734.0,14202.2,14214.2
1748211860961.0,14200.7,14212.7
1748211861198.0,14201.3,14213.3
1748211861387.0,14201.4,14213.4
1748211861486.0,14202.0,14214.0
1748211861682.0,14201.8,14213.8
1748211861907.0,14202.0,14214.0
1748211862144.0,14201.8,14213.8
1748211862553.0,14202.5,14214.5
1748211862852.0,14201.8,14213.8
1748211863003.0,14202.0,14214.0
1748211863230.0,14201.8,14213.8
1748211863454.0,14202.2,14214.2
1748211863680.0,14202.5,14214.5
1748211864377.0,14203.6,14215.6
1748211864587.0,14203.1,14215.1
1748211864812.0,14202.7,14214.7
1748211865049.0,14203.6,14215.6
1748211865269.0,14203.8,14215.8
1748211865493.0,14204.0,14216.0
1748211866123.0,14202.7,14214.7
1748211866336.0,14202.9,14214.9
1748211866736.0,14203.1,14215.1
1748211866961.0,14202.7,14214.7
1748211867197.0,14203.6,14215.6
1748211867409.0,14202.9,14214.9
1748211867636.0,14203.1,14215.1
1748211867914.0,14203.2,14215.2
1748211868013.0,14203.6,14215.6
1748211868444.0,14203.8,14215.8
1748211868656.0,14204.0,14216.0
1748211869044.0,14204.3,14216.3
1748211869234.0,14204.2,14216.2
1748211869460.0,14203.2,14215.2
1748211869559.0,14203.6,14215.6
1748211869709.0,14203.1,14215.1
1748211869933.0,14202.9,14214.9
1748211870170.0,14203.6,14215.6
1748211870383.0,14202.7,14214.7
1748211870753.0,14202.9,14214.9
1748211871691.0,14208.1,14220.1
1748211872326.0,14207.6,14219.6
1748211873175.0,14208.1,14220.1
1748211873439.0,14208.3,14220.3
1748211873666.0,14208.1,14220.1
1748211876920.0,14207.6,14219.6
1748211878071.0,14207.4,14219.4
1748211878286.0,14208.1,14220.1
1748211878954.0,14207.6,14219.6
1748211879396.0,14207.4,14219.4
1748211880730.0,14208.1,14220.1
1748211881666.0,14208.5,14220.5
1748211882053.0,14208.3,14220.3
1748211882265.0,14207.9,14219.9
1748211882489.0,14208.1,14220.1
1748211883589.0,14207.6,14219.6
1748211883876.0,14207.9,14219.9
1748211884302.0,14208.3,14220.3
1748211884730.0,14209.0,14221.0
1748211884956.0,14208.5,14220.5
1748211886459.0,14208.3,14220.3
1748211887364.0,14208.1,14220.1
1748211888234.0,14208.3,14220.3
1748211892149.0,14208.4,14220.4
1748211892247.0,14211.9,14223.9
1748211894025.0,14212.8,14224.8
1748211894667.0,14212.6,14224.6
1748211894880.0,14212.8,14224.8
1748211895216.0,14213.0,14225.0
1748211895504.0,14213.3,14225.3
1748211895878.0,14214.6,14226.6
1748211896387.0,14214.8,14226.8
1748211896641.0,14220.5,14232.5
1748211896865.0,14221.6,14233.6
1748211897093.0,14220.9,14232.9
1748211897383.0,14223.9,14235.9
1748211897508.0,14223.8,14235.8
1748211897733.0,14222.0,14234.0
1748211897989.0,14223.1,14235.1
1748211898285.0,14223.6,14235.6
1748211898749.0,14223.1,14235.1
1748211898898.0,14222.9,14234.9
1748211899137.0,14222.2,14234.2
1748211899349.0,14222.9,14234.9
1748211899674.0,14222.4,14234.4
1748211899909.0,14222.7,14234.7
1748211900139.0,14222.9,14234.9
1748211900482.0,14223.6,14235.6
1748211900678.0,14223.5,14235.5
1748211900901.0,14223.2,14235.2
1748211901162.0,14223.8,14235.8
1748211901381.0,14222.9,14234.9
1748211901606.0,14222.0,14234.0
1748211901831.0,14221.8,14233.8
1748211902250.0,14221.7,14233.7
1748211902497.0,14221.8,14233.8
1748211902988.0,14222.9,14234.9
1748211903224.0,14222.7,14234.7
1748211903650.0,14222.9,14234.9
1748211903874.0,14224.2,14236.2
1748211904280.0,14224.5,14236.5
1748211904494.0,14225.4,14237.4
1748211904794.0,14224.0,14236.0
1748211904944.0,14224.9,14236.9
1748211905324.0,14224.7,14236.7
1748211905539.0,14224.5,14236.5
1748211905964.0,14224.6,14236.6
1748211906225.0,14222.7,14234.7
1748211906438.0,14222.9,14234.9
1748211906740.0,14220.4,14232.4
1748211906888.0,14220.2,14232.2
1748211907126.0,14220.4,14232.4
1748211907340.0,14220.0,14232.0
1748211907694.0,14220.2,14232.2
1748211907918.0,14220.6,14232.6
1748211908152.0,14221.1,14233.1
1748211908368.0,14221.8,14233.8
1748211908567.0,14221.7,14233.7
1748211908666.0,14221.1,14233.1
1748211908819.0,14221.3,14233.3
1748211909052.0,14221.1,14233.1
1748211909269.0,14220.9,14232.9
1748211909587.0,14220.8,14232.8
1748211909835.0,14220.9,14232.9
1748211910073.0,14221.8,14233.8
1748211910362.0,14221.3,14233.3
1748211910804.0,14222.4,14234.4
1748211911035.0,14221.8,14233.8
1748211911256.0,14222.7,14234.7
1748211911522.0,14222.9,14234.9
1748211911718.0,14223.1,14235.1
1748211911943.0,14222.7,14234.7
1748211912179.0,14222.5,14234.5
1748211912857.0,14224.3,14236.3
1748211913094.0,14223.8,14235.8
1748211913307.0,14224.0,14236.0
1748211913631.0,14223.8,14235.8
1748211913855.0,14224.5,14236.5
1748211914093.0,14224.3,14236.3
1748211914305.0,14224.0,14236.0
1748211914507.0,14224.1,14236.1
1748211914607.0,14224.5,14236.5
1748211914957.0,14225.2,14237.2
1748211915196.0,14225.8,14237.8
1748211915484.0,14227.0,14239.0
1748211915709.0,14224.9,14236.9
1748211915834.0,14225.0,14237.0
1748211915934.0,14225.8,14237.8
1748211916093.0,14225.6,14237.6
1748211916358.0,14224.5,14236.5
1748211916584.0,14224.0,14236.0
1748211916958.0,14222.0,14234.0
1748211917334.0,14222.2,14234.2
1748211917624.0,14222.9,14234.9
1748211917773.0,14223.1,14235.1
1748211917998.0,14222.9,14234.9
1748211918230.0,14222.5,14234.5
1748211918448.0,14222.7,14234.7
1748211919016.0,14222.2,14234.2
1748211919241.0,14222.7,14234.7
1748211919466.0,14222.0,14234.0
1748211919691.0,14222.2,14234.2
1748211920014.0,14222.7,14234.7
1748211920485.0,14222.9,14234.9
1748211922692.0,14222.7,14234.7
1748211923686.0,14219.8,14231.8
1748211923835.0,14221.1,14233.1
1748211924069.0,14221.3,14233.3
1748211924286.0,14220.4,14232.4
1748211924683.0,14221.6,14233.6
1748211924909.0,14220.7,14232.7
1748211925559.0,14220.4,14232.4
1748211925974.0,14220.2,14232.2
1748211926211.0,14220.4,14232.4
1748211926763.0,14220.7,14232.7
1748211926988.0,14221.3,14233.3
1748211927439.0,14221.3,14233.3
1748211927664.0,14221.1,14233.1
1748211928468.0,14221.3,14233.3
1748211929161.0,14221.1,14233.1
1748211929348.0,14221.2,14233.2
1748211929447.0,14222.5,14234.5
1748211929823.0,14222.0,14234.0
1748211929970.0,14221.3,14233.3
1748211930208.0,14220.9,14232.9
1748211930451.0,14221.1,14233.1
1748211930675.0,14222.0,14234.0
1748211930901.0,14221.3,14233.3
1748211931142.0,14221.6,14233.6
1748211931355.0,14221.3,14233.3
1748211931589.0,14221.1,14233.1
1748211931883.0,14223.4,14235.4
1748211932232.0,14223.8,14235.8
1748211932618.0,14223.4,14235.4
1748211932903.0,14223.1,14235.1
1748211933141.0,14222.9,14234.9
1748211933699.0,14228.1,14240.1
1748211933847.0,14229.0,14241.0
1748211934337.0,14232.6,14244.6
1748211934485.0,14232.1,14244.1
1748211934787.0,14232.8,14244.8
1748211934934.0,14232.6,14244.6
1748211935395.0,14231.5,14243.5
1748211935587.0,14231.4,14243.4
1748211935687.0,14229.4,14241.4
1748211935845.0,14229.0,14241.0
1748211936071.0,14229.2,14241.2
1748211936361.0,14226.1,14238.1
1748211936642.0,14226.0,14238.0
1748211936739.0,14224.9,14236.9
1748211937074.0,14224.5,14236.5
1748211937461.0,14223.4,14235.4
1748211937686.0,14224.0,14236.0
1748211938187.0,14223.4,14235.4
1748211938847.0,14223.3,14235.3
1748211938944.0,14222.2,14234.2
1748211939621.0,14222.7,14234.7
1748211940449.0,14222.5,14234.5
1748211940661.0,14222.9,14234.9
1748211941046.0,14222.5,14234.5
1748211941258.0,14222.7,14234.7
1748211941937.0,14223.4,14235.4
1748211942174.0,14223.8,14235.8
1748211942540.0,14223.4,14235.4
1748211943016.0,14222.9,14234.9
1748211943175.0,14222.0,14234.0
1748211943542.0,14222.5,14234.5
1748211943921.0,14222.4,14234.4
1748211944021.0,14222.2,14234.2
1748211944179.0,14222.5,14234.5
1748211944372.0,14222.4,14234.4
1748211944470.0,14221.6,14233.6
1748211944620.0,14222.0,14234.0
1748211944846.0,14221.6,14233.6
1748211945082.0,14222.5,14234.5
1748211945268.0,14222.4,14234.4
1748211945367.0,14222.2,14234.2
1748211945971.0,14222.0,14234.0
1748211946199.0,14222.2,14234.2
1748211946621.0,14222.5,14234.5
1748211946923.0,14222.0,14234.0
1748211947235.0,14222.9,14234.9
1748211948585.0,14222.7,14234.7
1748211948796.0,14222.5,14234.5
1748211949098.0,14222.2,14234.2
1748211949368.0,14222.5,14234.5
1748211949670.0,14222.0,14234.0
1748211949960.0,14221.6,14233.6
1748211950372.0,14222.0,14234.0
1748211950763.0,14221.6,14233.6
1748211950986.0,14222.0,14234.0
1748211951944.0,14222.2,14234.2
1748211952383.0,14222.7,14234.7
1748211953367.0,14222.5,14234.5
1748211953658.0,14221.6,14233.6
1748211955038.0,14221.5,14233.5
1748211955261.0,14221.2,14233.2
1748211955361.0,14222.5,14234.5
1748211955485.0,14222.4,14234.4
1748211955587.0,14222.0,14234.0
1748211955772.0,14221.6,14233.6
1748211956582.0,14221.1,14233.1
1748211957513.0,14220.9,14232.9
1748211957725.0,14220.4,14232.4
1748211958159.0,14220.2,14232.2
1748211958373.0,14220.4,14232.4
1748211958744.0,14220.2,14232.2
1748211959047.0,14220.4,14232.4
1748211960154.0,14220.2,14232.2
1748211961136.0,14221.1,14233.1
1748211961952.0,14220.7,14232.7
1748211962188.0,14220.9,14232.9
1748211962401.0,14220.4,14232.4
1748211963296.0,14220.7,14232.7
1748211963487.0,14220.6,14232.6
1748211963586.0,14219.5,14231.5
1748211964191.0,14219.8,14231.8
1748211964423.0,14220.2,14232.2
1748211964648.0,14220.4,14232.4
1748211964875.0,14219.5,14231.5
1748211965111.0,14219.1,14231.1
1748211965492.0,14219.3,14231.3
1748211965891.0,14219.1,14231.1
1748211966128.0,14219.3,14231.3
1748211966342.0,14219.5,14231.5
1748211966568.0,14218.9,14230.9
1748211966792.0,14219.1,14231.1
1748211967242.0,14219.1,14231.1
1748211967466.0,14218.9,14230.9
1748211968448.0,14219.1,14231.1
1748211968662.0,14219.5,14231.5
1748211969042.0,14219.1,14231.1
1748211969394.0,14218.9,14230.9
1748211969595.0,14218.8,14230.8
1748211969694.0,14218.6,14230.6
1748211970170.0,14218.4,14230.4
1748211971543.0,14217.7,14229.7
1748211972091.0,14217.5,14229.5
1748211972493.0,14217.3,14229.3
1748211973132.0,14217.1,14229.1
1748211973344.0,14217.3,14229.3
1748211973673.0,14217.5,14229.5
1748211973901.0,14216.6,14228.6
1748211974330.0,14215.0,14227.0
1748211974541.0,14214.6,14226.6
1748211974767.0,14213.9,14225.9
1748211974999.0,14213.5,14225.5
1748211975225.0,14213.7,14225.7
1748211975448.0,14213.5,14225.5
1748211975674.0,14213.9,14225.9
1748211975899.0,14215.0,14227.0
1748211976128.0,14214.4,14226.4
1748211976882.0,14214.6,14226.6
1748211977293.0,14214.4,14226.4
1748211977786.0,14213.7,14225.7
1748211977933.0,14213.5,14225.5
1748211978816.0,14213.7,14225.7
1748211979007.0,14213.6,14225.6
1748211979107.0,14212.6,14224.6
1748211979256.0,14212.5,14224.5
1748211979505.0,14212.6,14224.6
1748211979730.0,14213.2,14225.2
1748211980177.0,14213.0,14225.0
1748211980611.0,14212.1,14224.1
1748211980710.0,14212.0,14224.0
1748211980836.0,14212.2,14224.2
1748211981063.0,14211.7,14223.7
1748211981352.0,14212.0,14224.0
1748211981510.0,14211.7,14223.7
1748211982014.0,14212.0,14224.0
1748211982170.0,14211.7,14223.7
1748211982461.0,14212.0,14224.0
1748211982610.0,14211.7,14223.7
1748211982814.0,14211.8,14223.8
1748211982912.0,14212.0,14224.0
1748211983404.0,14211.7,14223.7
1748211983615.0,14211.5,14223.5
1748211983841.0,14211.7,14223.7
1748211984482.0,14211.8,14223.8
1748211984581.0,14212.9,14224.9
1748211985414.0,14213.1,14225.1
1748211986612.0,14213.3,14225.3
1748211988012.0,14214.0,14226.0
1748211988254.0,14214.2,14226.2
1748211988489.0,14214.0,14226.0
1748211988714.0,14214.9,14226.9
1748211989248.0,14214.5,14226.5
1748211989636.0,14215.1,14227.1
1748211989863.0,14215.3,14227.3
1748211990339.0,14215.4,14227.4
1748211990436.0,14215.6,14227.6
1748211990861.0,14215.1,14227.1
1748211991098.0,14215.3,14227.3
1748211991585.0,14214.5,14226.5
1748211992354.0,14215.3,14227.3
1748211992585.0,14215.1,14227.1
1748211993458.0,14215.3,14227.3
1748211994177.0,14214.9,14226.9
1748211994729.0,14213.6,14225.6
1748211995147.0,14213.4,14225.4
1748211995500.0,14213.6,14225.6
1748211996773.0,14213.9,14225.9
1748211997174.0,14214.1,14226.1
1748211997568.0,14213.0,14225.0
1748211998388.0,14212.7,14224.7
1748211998825.0,14213.0,14225.0
1748211999462.0,14212.7,14224.7
1748212000093.0,14212.3,14224.3
1748212000302.0,14212.7,14224.7
1748212001120.0,14212.8,14224.8
1748212001217.0,14213.2,14225.2
1748212001360.0,14212.7,14224.7
1748212001561.0,14212.8,14224.8
1748212001662.0,14213.2,14225.2
1748212001811.0,14213.4,14225.4
1748212002044.0,14213.2,14225.2
1748212002987.0,14212.7,14224.7
1748212003224.0,14213.0,14225.0
1748212003797.0,14213.2,14225.2
1748212004021.0,14213.6,14225.6
1748212004449.0,14213.7,14225.7
1748212004548.0,14213.9,14225.9
1748212004935.0,14213.6,14225.6
1748212005173.0,14213.0,14225.0
1748212005583.0,14212.7,14224.7
1748212006239.0,14213.0,14225.0
1748212007017.0,14213.4,14225.4
1748212007241.0,14213.9,14225.9
1748212007951.0,14214.1,14226.1
1748212009044.0,14213.9,14225.9
1748212011224.0,14213.6,14225.6
1748212012623.0,14213.2,14225.2
1748212013266.0,14212.3,14224.3
1748212013885.0,14212.7,14224.7
1748212014640.0,14212.8,14224.8
1748212014737.0,14213.9,14225.9
1748212014885.0,14213.7,14225.7
1748212015289.0,14213.4,14225.4
1748212015501.0,14213.2,14225.2
1748212016046.0,14212.8,14224.8
1748212016634.0,14212.7,14224.7
1748212016734.0,14212.3,14224.3
1748212016987.0,14212.1,14224.1
1748212017400.0,14212.8,14224.8
1748212017587.0,14212.7,14224.7
1748212017687.0,14212.1,14224.1
1748212018915.0,14212.3,14224.3
1748212019258.0,14212.8,14224.8
1748212020382.0,14212.7,14224.7
1748212020480.0,14212.1,14224.1
1748212021223.0,14211.2,14223.2
1748212021590.0,14211.1,14223.1
1748212021836.0,14210.3,14222.3
1748212022074.0,14210.5,14222.5
1748212022287.0,14210.3,14222.3
1748212022511.0,14210.5,14222.5
1748212022890.0,14210.7,14222.7
1748212023128.0,14211.2,14223.2
1748212023340.0,14211.6,14223.6
1748212023565.0,14211.4,14223.4
1748212024711.0,14210.5,14222.5
1748212024923.0,14210.3,14222.3
1748212025163.0,14210.1,14222.1
1748212025676.0,14210.5,14222.5
1748212025901.0,14210.7,14222.7
1748212026135.0,14210.3,14222.3
1748212026351.0,14210.5,14222.5
1748212026576.0,14210.7,14222.7
1748212027416.0,14211.2,14223.2
1748212028065.0,14210.3,14222.3
1748212028876.0,14210.5,14222.5
1748212029114.0,14210.7,14222.7
1748212029329.0,14210.5,14222.5
1748212029706.0,14210.4,14222.4
1748212030804.0,14210.6,14222.6
1748212031490.0,14210.4,14222.4
1748212032811.0,14210.6,14222.6
1748212033030.0,14210.4,14222.4
1748212033948.0,14210.2,14222.2
1748212035138.0,14211.1,14223.1
1748212036711.0,14211.5,14223.5
1748212038462.0,14211.1,14223.1
1748212039542.0,14211.3,14223.3
1748212039751.0,14211.5,14223.5
1748212040932.0,14211.1,14223.1
1748212042258.0,14210.6,14222.6
1748212042862.0,14210.4,14222.4
1748212043735.0,14209.5,14221.5
1748212044142.0,14209.7,14221.7
1748212046985.0,14209.9,14221.9
1748212047733.0,14209.8,14221.8
1748212049256.0,14210.3,14222.3
1748212049605.0,14210.5,14222.5
1748212050521.0,14210.0,14222.0
1748212051569.0,14209.8,14221.8
1748212052222.0,14210.0,14222.0
1748212052437.0,14209.8,14221.8
1748212052863.0,14210.0,14222.0
1748212057850.0,14209.8,14221.8
1748212058251.0,14210.0,14222.0
1748212058703.0,14210.1,14222.1
1748212058801.0,14210.3,14222.3
1748212058963.0,14210.0,14222.0
1748212059439.0,14209.8,14221.8
1748212059654.0,14210.0,14222.0
1748212060361.0,14210.1,14222.1
1748212060459.0,14210.3,14222.3
1748212061202.0,14210.0,14222.0
1748212064727.0,14209.8,14221.8
1748212066928.0,14210.0,14222.0
1748212067486.0,14210.1,14222.1
1748212067584.0,14210.5,14222.5
1748212068194.0,14210.3,14222.3
1748212068406.0,14209.8,14221.8
1748212071076.0,14210.0,14222.0
1748212072483.0,14209.8,14221.8
1748212073585.0,14210.0,14222.0
1748212073872.0,14209.8,14221.8
1748212075478.0,14210.5,14222.5
1748212078462.0,14210.3,14222.3
1748212078675.0,14210.5,14222.5
1748212079787.0,14210.9,14222.9
1748212079976.0,14211.1,14223.1
1748212080077.0,14214.1,14226.1
1748212080229.0,14213.2,14225.2
1748212080450.0,14213.4,14225.4
1748212080674.0,14213.6,14225.6
1748212080876.0,14213.7,14225.7
1748212080977.0,14213.9,14225.9
1748212081266.0,14214.1,14226.1
1748212081849.0,14213.4,14225.4
1748212082304.0,14213.6,14225.6
1748212082487.0,14213.7,14225.7
1748212082586.0,14213.9,14225.9
1748212082737.0,14214.1,14226.1
1748212083468.0,14213.9,14225.9
1748212083757.0,14213.2,14225.2
1748212084297.0,14213.4,14225.4
1748212084511.0,14213.2,14225.2
1748212084812.0,14213.0,14225.0
1748212085049.0,14213.2,14225.2
1748212085264.0,14213.0,14225.0
1748212088064.0,14212.5,14224.5
1748212088920.0,14213.0,14225.0
1748212090266.0,14212.8,14224.8
1748212090516.0,14212.5,14224.5
1748212090742.0,14212.7,14224.7
1748212091085.0,14212.5,14224.5
1748212091702.0,14211.6,14223.6
1748212092667.0,14211.6,14223.6
1748212093900.0,14212.1,14224.1
1748212094124.0,14211.8,14223.8
1748212094338.0,14211.4,14223.4
1748212094916.0,14210.5,14222.5
1748212095265.0,14210.9,14222.9
1748212095553.0,14211.2,14223.2
1748212097271.0,14211.6,14223.6
1748212098270.0,14211.8,14223.8
1748212101007.0,14211.2,14223.2
1748212103847.0,14211.4,14223.4
1748212104551.0,14211.2,14223.2
1748212104764.0,14210.9,14222.9
1748212106120.0,14210.5,14222.5
1748212107143.0,14210.0,14222.0
1748212107779.0,14209.8,14221.8
1748212108191.0,14210.0,14222.0
1748212108634.0,14210.1,14222.1
1748212108734.0,14211.2,14223.2
1748212108884.0,14210.9,14222.9
1748212109118.0,14210.5,14222.5
1748212109811.0,14211.2,14223.2
1748212110121.0,14210.9,14222.9
1748212110834.0,14211.2,14223.2
1748212111183.0,14211.0,14223.0
1748212111284.0,14211.2,14223.2
1748212111434.0,14211.4,14223.4
1748212114446.0,14211.6,14223.6
1748212119346.0,14211.4,14223.4
1748212120176.0,14210.5,14222.5
1748212121972.0,14211.2,14223.2
1748212123003.0,14210.5,14222.5
1748212123849.0,14210.3,14222.3
1748212124084.0,14210.0,14222.0
1748212125356.0,14210.1,14222.1
1748212125455.0,14210.5,14222.5
1748212126189.0,14211.4,14223.4
1748212126400.0,14211.2,14223.2
1748212126625.0,14211.6,14223.6
1748212127069.0,14211.4,14223.4
1748212127287.0,14211.6,14223.6
1748212129096.0,14211.4,14223.4
1748212130228.0,14211.2,14223.2
1748212132329.0,14211.4,14223.4
1748212132539.0,14211.2,14223.2
1748212133314.0,14212.1,14224.1
1748212134131.0,14211.6,14223.6
1748212135319.0,14211.4,14223.4
1748212135701.0,14211.6,14223.6
1748212137210.0,14211.7,14223.7
1748212137310.0,14212.7,14224.7
1748212138950.0,14212.5,14224.5
1748212139522.0,14212.7,14224.7
1748212139813.0,14213.0,14225.0
1748212141698.0,14211.8,14223.8
1748212142211.0,14212.1,14224.1
1748212142534.0,14212.7,14224.7
1748212147073.0,14212.5,14224.5
1748212148250.0,14211.6,14223.6
1748212149049.0,14211.4,14223.4
1748212150977.0,14211.6,14223.6
1748212151212.0,14211.4,14223.4
1748212152135.0,14211.6,14223.6
1748212154368.0,14211.4,14223.4
1748212158635.0,14212.1,14224.1
1748212159133.0,14211.8,14223.8
1748212159346.0,14211.4,14223.4
1748212161328.0,14210.9,14222.9
1748212161875.0,14211.2,14223.2
1748212162715.0,14210.9,14222.9
1748212163207.0,14211.0,14223.0
1748212163306.0,14211.2,14223.2
1748212163633.0,14211.8,14223.8
1748212163857.0,14211.6,14223.6
1748212164656.0,14211.4,14223.4
1748212170521.0,14211.6,14223.6
1748212172174.0,14211.4,14223.4
1748212172961.0,14211.6,14223.6
1748212173291.0,14211.4,14223.4
1748212173502.0,14212.7,14224.7
1748212173915.0,14212.5,14224.5
1748212174797.0,14211.8,14223.8
1748212176837.0,14211.9,14223.9
1748212176936.0,14212.5,14224.5
1748212177337.0,14212.1,14224.1
1748212183495.0,14212.5,14224.5
1748212183710.0,14212.7,14224.7
1748212184767.0,14212.8,14224.8
1748212185015.0,14213.9,14225.9
1748212185670.0,14214.5,14226.5
1748212186846.0,14215.2,14227.2
1748212186995.0,14215.7,14227.7
1748212187258.0,14215.5,14227.5
1748212187452.0,14215.4,14227.4
1748212187552.0,14215.2,14227.2
1748212187857.0,14215.0,14227.0
1748212188734.0,14215.2,14227.2
1748212189135.0,14215.5,14227.5
1748212189348.0,14216.3,14228.3
1748212189649.0,14216.6,14228.6
1748212191265.0,14216.1,14228.1
1748212191679.0,14215.7,14227.7
1748212191904.0,14215.5,14227.5
1748212192296.0,14215.7,14227.7
1748212193158.0,14216.1,14228.1
1748212193375.0,14216.8,14228.8
1748212193598.0,14217.0,14229.0
1748212193824.0,14216.8,14228.8
1748212194400.0,14216.6,14228.6
1748212194875.0,14216.3,14228.3
1748212195425.0,14216.4,14228.4
1748212195523.0,14216.6,14228.6
1748212195841.0,14216.8,14228.8
1748212196257.0,14217.3,14229.3
1748212196934.0,14217.0,14229.0
1748212197096.0,14216.8,14228.8
1748212197983.0,14217.0,14229.0
1748212199141.0,14217.9,14229.9
1748212199296.0,14217.5,14229.5
1748212199520.0,14217.3,14229.3
1748212199746.0,14217.9,14229.9
1748212200127.0,14217.5,14229.5
1748212200340.0,14217.9,14229.9
1748212200564.0,14217.5,14229.5
1748212200789.0,14217.9,14229.9
1748212201015.0,14217.5,14229.5
1748212201240.0,14218.1,14230.1
1748212201443.0,14218.2,14230.2
1748212201541.0,14218.8,14230.8
1748212201957.0,14218.6,14230.6
1748212202195.0,14217.0,14229.0
1748212202407.0,14216.8,14228.8
1748212202631.0,14217.3,14229.3
1748212202933.0,14217.0,14229.0
1748212203997.0,14217.1,14229.1
1748212204095.0,14217.9,14229.9
1748212204253.0,14217.5,14229.5
1748212204472.0,14217.3,14229.3
1748212205376.0,14217.2,14229.2
1748212205474.0,14217.0,14229.0
1748212205755.0,14217.3,14229.3
1748212207257.0,14217.2,14229.2
1748212207502.0,14215.7,14227.7
1748212207726.0,14216.1,14228.1
1748212207952.0,14216.8,14228.8
1748212208452.0,14217.0,14229.0
1748212208662.0,14217.3,14229.3
1748212208865.0,14217.2,14229.2
1748212208965.0,14217.0,14229.0
1748212209124.0,14216.8,14228.8
1748212209339.0,14216.3,14228.3
1748212209792.0,14216.1,14228.1
1748212210016.0,14215.7,14227.7
1748212210242.0,14215.5,14227.5
1748212210601.0,14215.7,14227.7
1748212210902.0,14214.8,14226.8
1748212211395.0,14214.5,14226.5
1748212211611.0,14213.9,14225.9
1748212212292.0,14213.6,14225.6
1748212212506.0,14213.4,14225.4
1748212212752.0,14213.6,14225.6
1748212212955.0,14213.7,14225.7
1748212213055.0,14214.1,14226.1
1748212213215.0,14213.9,14225.9
1748212213428.0,14214.1,14226.1
1748212213789.0,14213.9,14225.9
1748212214013.0,14214.1,14226.1
1748212214439.0,14214.6,14226.6
1748212214539.0,14214.8,14226.8
1748212214983.0,14214.7,14226.7
1748212215081.0,14213.9,14225.9
1748212215432.0,14213.6,14225.6
1748212215657.0,14213.4,14225.4
1748212217195.0,14213.2,14225.2
1748212217407.0,14213.4,14225.4
1748212217633.0,14213.2,14225.2
1748212217857.0,14213.0,14225.0
1748212218285.0,14212.7,14224.7
1748212218478.0,14212.8,14224.8
1748212218576.0,14213.0,14225.0
1748212218727.0,14213.2,14225.2
1748212218953.0,14212.7,14224.7
1748212219786.0,14212.5,14224.5
1748212220001.0,14211.8,14223.8
1748212220301.0,14212.1,14224.1
