None,,
None,,
None,,
None,,
None,,
None,,
None,,
None,,
None,,
None,,
None,,
None,,
None,,
None,,
None,,
None,,
None,,
None,,
None,,
None,,
None,,
None,,
None,,
None,,
None,,
None,,
1748210410042.0,20912.1,20914.1
1748210410316.0,20912.2,20914.2
1748210410414.0,20913.0,20915.0
1748210410727.0,20913.1,20915.1
1748210410776.0,20913.4,20915.4
1748210410949.0,20913.5,20915.5
1748210411153.0,20914.5,20916.5
1748210411266.0,20914.6,20916.6
1748210411316.0,20913.7,20915.7
1748210411522.0,20914.0,20916.0
1748210411751.0,20913.9,20915.9
1748210411913.0,20913.2,20915.2
1748210411960.0,20911.1,20913.1
1748210412342.0,20913.0,20915.0
1748210413010.0,20912.7,20914.7
1748210413490.0,20911.2,20913.2
1748210413538.0,20911.4,20913.4
1748210413774.0,20911.9,20913.9
1748210413875.0,20912.0,20914.0
1748210414308.0,20911.7,20913.7
1748210414789.0,20912.1,20914.1
1748210414839.0,20912.0,20914.0
1748210415234.0,20912.1,20914.1
1748210415282.0,20912.2,20914.2
1748210415394.0,20912.5,20914.5
1748210415709.0,20911.0,20913.0
1748210416696,,
1748210416744.0,20910.6,20912.6
1748210417274,,
1748210417324.0,20908.6,20910.6
1748210417425.0,20908.5,20910.5
1748210417677.0,20908.2,20910.2
1748210418260.0,20907.7,20909.7
1748210418309.0,20907.9,20909.9
1748210418410.0,20906.2,20908.2
1748210419326.0,20906.9,20908.9
1748210419371.0,20907.0,20909.0
1748210419514.0,20906.5,20908.5
1748210419756.0,20906.4,20908.4
1748210419855.0,20903.7,20905.7
1748210420111.0,20904.0,20906.0
1748210420162.0,20903.7,20905.7
1748210420423,,
1748210420597.0,20903.6,20905.6
1748210420849,,
1748210420902.0,20906.1,20908.1
1748210420973.0,20906.0,20908.0
1748210421022.0,20906.1,20908.1
1748210421338.0,20906.0,20908.0
1748210421613.0,20906.2,20908.2
1748210421663.0,20906.6,20908.6
1748210422182.0,20906.5,20908.5
1748210422233,,
1748210422373.0,20906.2,20908.2
1748210422432.0,20905.9,20907.9
1748210422732.0,20906.0,20908.0
1748210422906.0,20905.9,20907.9
1748210423138.0,20906.1,20908.1
1748210423553.0,20905.9,20907.9
1748210423602.0,20905.6,20907.6
1748210423819.0,20905.1,20907.1
1748210423887.0,20905.2,20907.2
1748210424261.0,20905.6,20907.6
1748210424310.0,20905.5,20907.5
1748210424481.0,20905.6,20907.6
1748210424531.0,20907.2,20909.2
1748210424793.0,20906.6,20908.6
1748210424842.0,20907.1,20909.1
1748210425074.0,20907.0,20909.0
1748210425706.0,20907.6,20909.6
1748210425753.0,20907.2,20909.2
1748210425982.0,20908.7,20910.7
1748210426730.0,20908.5,20910.5
1748210426958.0,20907.7,20909.7
1748210427303.0,20905.6,20907.6
1748210427607.0,20905.2,20907.2
1748210428098,,
1748210428148.0,20903.9,20905.9
1748210428424.0,20903.7,20905.7
1748210428473.0,20903.5,20905.5
1748210428675.0,20901.6,20903.6
1748210429026.0,20901.0,20903.0
1748210429155.0,20899.9,20901.9
1748210430101,,
1748210430273.0,20901.6,20903.6
1748210430558.0,20902.0,20904.0
1748210430954.0,20902.0,20904.0
1748210431683.0,20902.1,20904.1
1748210431842.0,20901.9,20903.9
1748210432194.0,20902.0,20904.0
1748210432319.0,20902.1,20904.1
1748210432543.0,20902.0,20904.0
1748210432870.0,20902.1,20904.1
1748210432920.0,20902.0,20904.0
1748210433089.0,20902.2,20904.2
1748210433399,,
1748210433520,,
1748210433623.0,20899.7,20901.7
1748210434083.0,20899.6,20901.6
1748210434445.0,20899.7,20901.7
1748210434803.0,20899.6,20901.6
1748210435134.0,20899.5,20901.5
1748210435712.0,20899.6,20901.6
1748210435761.0,20899.9,20901.9
1748210436043.0,20899.7,20901.7
1748210436219.0,20900.2,20902.2
1748210436403.0,20900.1,20902.1
1748210436454.0,20899.9,20901.9
1748210436752,,
1748210436800.0,20898.2,20900.2
1748210437065.0,20898.2,20900.2
1748210437221.0,20898.2,20900.2
1748210437318.0,20898.4,20900.4
1748210437468.0,20898.2,20900.2
1748210438883,,
1748210438934.0,20898.4,20900.4
1748210440614.0,20898.2,20900.2
1748210440646,,
1748210440698.0,20898.4,20900.4
1748210441276.0,20898.5,20900.5
1748210441474,,
1748210441526.0,20899.5,20901.5
1748210441733.0,20899.4,20901.4
1748210442047.0,20899.5,20901.5
1748210442260.0,20901.2,20903.2
1748210442328.0,20901.1,20903.1
1748210442553.0,20899.5,20901.5
1748210442624.0,20899.4,20901.4
1748210442671.0,20897.1,20899.1
1748210443079.0,20897.2,20899.2
1748210443199.0,20897.4,20899.4
1748210443328,,
1748210443378.0,20897.1,20899.1
1748210443447.0,20897.2,20899.2
1748210443899.0,20897.2,20899.2
1748210443998.0,20900.7,20902.7
1748210444789.0,20901.4,20903.4
1748210444954,,
1748210445719.0,20901.0,20903.0
1748210445787.0,20901.1,20903.1
1748210445937.0,20901.1,20903.1
1748210446129.0,20901.2,20903.2
1748210446180.0,20905.1,20907.1
1748210446295.0,20905.2,20907.2
1748210446470.0,20905.4,20907.4
1748210446788.0,20905.5,20907.5
1748210446840.0,20905.7,20907.7
1748210447224.0,20905.6,20907.6
1748210447855.0,20907.9,20909.9
1748210448125.0,20908.0,20910.0
1748210448623,,
1748210448672.0,20907.1,20909.1
1748210448773.0,20907.7,20909.7
1748210448992.0,20907.9,20909.9
1748210449091.0,20907.6,20909.6
1748210449432.0,20907.7,20909.7
1748210449481.0,20905.7,20907.7
1748210449706.0,20905.0,20907.0
1748210449795.0,20904.9,20906.9
1748210449967.0,20904.9,20906.9
1748210450106.0,20904.7,20906.7
1748210450156.0,20904.5,20906.5
1748210450334.0,20904.4,20906.4
1748210450384.0,20904.0,20906.0
1748210450952.0,20903.9,20905.9
1748210451001.0,20905.0,20907.0
1748210451525.0,20904.9,20906.9
1748210451574.0,20904.6,20906.6
1748210451866,,
1748210451914.0,20904.7,20906.7
1748210452021.0,20905.0,20907.0
1748210452138.0,20904.9,20906.9
1748210452188.0,20905.0,20907.0
1748210452496.0,20904.7,20906.7
1748210452767.0,20904.6,20906.6
1748210452818.0,20904.7,20906.7
1748210453064.0,20905.9,20907.9
1748210453164.0,20906.0,20908.0
1748210453720.0,20906.9,20908.9
1748210454160,,
1748210454209.0,20907.2,20909.2
1748210454636.0,20906.6,20908.6
1748210455044,,
1748210455093.0,20906.5,20908.5
1748210455493.0,20906.4,20908.4
1748210455680.0,20906.7,20908.7
1748210455927.0,20907.4,20909.4
1748210455978.0,20907.2,20909.2
1748210456232.0,20907.4,20909.4
1748210456332.0,20907.2,20909.2
1748210456580.0,20907.4,20909.4
1748210456704.0,20907.2,20909.2
1748210457027,,
1748210457295.0,20907.5,20909.5
1748210457775.0,20908.7,20910.7
1748210458250.0,20909.1,20911.1
1748210458633,,
1748210458680.0,20908.4,20910.4
1748210459663.0,20907.7,20909.7
1748210459832,,
1748210460064.0,20907.9,20909.9
1748210460348.0,20907.7,20909.7
1748210460681.0,20908.2,20910.2
1748210460781.0,20908.2,20910.2
1748210461333.0,20908.4,20910.4
1748210461435.0,20908.5,20910.5
1748210461734.0,20908.4,20910.4
1748210461783.0,20906.6,20908.6
1748210462332.0,20906.5,20908.5
1748210462536.0,20908.1,20910.1
1748210462822.0,20908.0,20910.0
1748210463335.0,20908.1,20910.1
1748210463382.0,20908.0,20910.0
1748210463678.0,20908.1,20910.1
1748210463727.0,20908.7,20910.7
1748210464459,,
1748210464510.0,20908.6,20910.6
1748210464815.0,20908.7,20910.7
1748210465395,,
1748210465446.0,20909.7,20911.7
1748210465495.0,20909.6,20911.6
1748210466328.0,20909.4,20911.4
1748210466461,,
1748210466512.0,20908.2,20910.2
1748210467447,,
1748210467554.0,20908.2,20910.2
1748210468061.0,20908.1,20910.1
1748210468350.0,20908.0,20910.0
1748210468397.0,20907.9,20909.9
1748210469125,,
1748210469175.0,20907.0,20909.0
1748210469853.0,20907.1,20909.1
1748210470148.0,20908.7,20910.7
1748210471487.0,20908.6,20910.6
1748210471535.0,20908.1,20910.1
1748210471688.0,20907.9,20909.9
1748210472195,,
1748210472477.0,20907.6,20909.6
1748210472988,,
1748210473039.0,20904.7,20906.7
1748210473270.0,20904.5,20906.5
1748210473472.0,20904.1,20906.1
1748210473846.0,20904.0,20906.0
1748210473946.0,20903.0,20905.0
1748210474621.0,20903.2,20905.2
1748210474670.0,20903.0,20905.0
1748210475033.0,20903.0,20905.0
1748210475370.0,20902.9,20904.9
1748210475421.0,20902.1,20904.1
1748210476381,,
1748210476432.0,20901.2,20903.2
1748210476557.0,20901.4,20903.4
1748210476607.0,20902.2,20904.2
1748210476800.0,20902.7,20904.7
1748210477220.0,20902.1,20904.1
1748210477270.0,20902.0,20904.0
1748210477442.0,20902.6,20904.6
1748210477758.0,20902.0,20904.0
1748210477823.0,20901.7,20903.7
1748210478079,,
1748210478222.0,20901.6,20903.6
1748210478273.0,20901.7,20903.7
1748210478425,,
1748210478664.0,20901.5,20903.5
1748210479126.0,20901.6,20903.6
1748210479175.0,20901.7,20903.7
1748210479412,,
1748210479463.0,20903.1,20905.1
1748210479793.0,20903.4,20905.4
1748210479843.0,20903.5,20905.5
1748210481383.0,20903.4,20905.4
1748210481548.0,20903.9,20905.9
1748210481901.0,20904.2,20906.2
1748210481953.0,20904.0,20906.0
1748210482274.0,20902.6,20904.6
1748210483049.0,20902.5,20904.5
1748210483309.0,20904.4,20906.4
1748210483359.0,20904.0,20906.0
1748210483557.0,20905.1,20907.1
1748210483833.0,20904.9,20906.9
1748210485022.0,20903.0,20905.0
1748210485069.0,20904.5,20906.5
1748210486047.0,20904.6,20906.6
1748210486096.0,20905.1,20907.1
1748210486364.0,20905.5,20907.5
1748210486599.0,20907.0,20909.0
1748210486648.0,20907.1,20909.1
1748210488199.0,20907.4,20909.4
1748210489182.0,20907.6,20909.6
1748210489480.0,20907.7,20909.7
1748210489528.0,20908.2,20910.2
1748210489733.0,20908.1,20910.1
1748210489781.0,20908.7,20910.7
1748210489923.0,20908.5,20910.5
1748210490560.0,20908.7,20910.7
1748210491063,,
1748210491114.0,20908.9,20910.9
1748210491649.0,20908.7,20910.7
1748210491695.0,20908.6,20910.6
1748210493946,,
1748210493994.0,20908.9,20910.9
1748210494697.0,20909.0,20911.0
1748210494746.0,20909.9,20911.9
1748210494797.0,20909.7,20911.7
1748210495154.0,20909.9,20911.9
1748210495252.0,20910.2,20912.2
1748210495328.0,20910.4,20912.4
1748210495427.0,20910.1,20912.1
1748210495799.0,20910.2,20912.2
1748210495946.0,20909.5,20911.5
1748210496415.0,20909.9,20911.9
1748210498121.0,20910.0,20912.0
1748210498220.0,20910.5,20912.5
1748210499345.0,20910.4,20912.4
1748210499392.0,20910.2,20912.2
1748210499846,,
1748210499897.0,20910.4,20912.4
1748210500094.0,20911.1,20913.1
1748210500412.0,20911.2,20913.2
1748210500513.0,20911.5,20913.5
1748210500690.0,20912.5,20914.5
1748210500766,,
1748210500815.0,20912.4,20914.4
1748210501312,,
1748210501359.0,20912.7,20914.7
1748210501824,,
1748210501872.0,20913.1,20915.1
1748210502086.0,20913.2,20915.2
1748210502229.0,20913.4,20915.4
1748210502429.0,20915.7,20917.7
1748210502479.0,20915.6,20917.6
1748210502790.0,20916.5,20918.5
1748210502859.0,20916.4,20918.4
1748210503182.0,20916.5,20918.5
1748210503283.0,20916.6,20918.6
1748210503656.0,20915.9,20917.9
1748210503992,,
1748210504340.0,20915.4,20917.4
1748210504390.0,20915.7,20917.7
1748210505260.0,20915.6,20917.6
1748210505310.0,20915.5,20917.5
1748210505362.0,20915.7,20917.7
1748210505637,,
1748210505786.0,20915.9,20917.9
1748210506406.0,20916.1,20918.1
1748210506611.0,20916.4,20918.4
1748210506725.0,20916.2,20918.2
1748210506775.0,20916.4,20918.4
1748210507014.0,20916.2,20918.2
1748210507062.0,20916.9,20918.9
1748210507349,,
1748210507474.0,20918.6,20920.6
1748210507659.0,20919.2,20921.2
1748210508313.0,20919.4,20921.4
1748210508435.0,20919.7,20921.7
1748210508618.0,20920.0,20922.0
1748210508918.0,20920.4,20922.4
1748210509050.0,20920.5,20922.5
1748210509198.0,20921.0,20923.0
1748210509331.0,20920.7,20922.7
1748210509518.0,20921.0,20923.0
1748210509569.0,20922.7,20924.7
1748210509876.0,20921.9,20923.9
1748210509931.0,20921.7,20923.7
1748210510311.0,20921.9,20923.9
1748210510858.0,20922.0,20924.0
1748210510907.0,20921.7,20923.7
1748210511055.0,20922.2,20924.2
1748210511518,,
1748210511775.0,20922.6,20924.6
1748210511973.0,20922.7,20924.7
1748210512410.0,20922.4,20924.4
1748210512509.0,20922.9,20924.9
1748210512565.0,20923.2,20925.2
1748210512798,,
1748210513015.0,20923.6,20925.6
1748210513304.0,20923.7,20925.7
1748210513353.0,20924.2,20926.2
1748210513646.0,20923.6,20925.6
1748210513843.0,20923.7,20925.7
1748210514374.0,20923.9,20925.9
1748210514854.0,20924.0,20926.0
1748210514954.0,20924.6,20926.6
1748210515202.0,20924.2,20926.2
1748210515385.0,20924.2,20926.2
1748210515669.0,20924.1,20926.1
1748210515719.0,20924.4,20926.4
1748210515822.0,20924.7,20926.7
1748210516246,,
1748210516295.0,20925.0,20927.0
1748210516884,,
1748210516933.0,20924.2,20926.2
1748210517229,,
1748210517282.0,20924.1,20926.1
1748210517330.0,20924.0,20926.0
1748210517546.0,20924.1,20926.1
1748210517719.0,20922.6,20924.6
1748210518006.0,20922.4,20924.4
1748210518145.0,20922.5,20924.5
1748210518246.0,20923.4,20925.4
1748210518340,,
1748210518573,,
1748210518624.0,20924.5,20926.5
1748210518910,,
1748210518958.0,20925.2,20927.2
1748210519035.0,20925.4,20927.4
1748210519257.0,20925.5,20927.5
1748210519358.0,20924.4,20926.4
1748210519889.0,20924.5,20926.5
1748210519999.0,20924.6,20926.6
1748210520138.0,20927.0,20929.0
1748210520414.0,20926.5,20928.5
1748210520465.0,20925.6,20927.6
1748210520730.0,20924.7,20926.7
1748210520835.0,20924.9,20926.9
1748210520887.0,20925.0,20927.0
1748210521072.0,20924.9,20926.9
1748210521320.0,20924.6,20926.6
1748210521377.0,20924.7,20926.7
1748210521671.0,20924.6,20926.6
1748210522036.0,20924.5,20926.5
1748210522084.0,20922.5,20924.5
1748210523089.0,20923.4,20925.4
1748210524312.0,20922.5,20924.5
1748210524510.0,20922.4,20924.4
1748210524613.0,20922.5,20924.5
1748210525240.0,20922.4,20924.4
1748210525387.0,20924.2,20926.2
1748210525527.0,20924.1,20926.1
1748210525577.0,20924.2,20926.2
1748210525878.0,20924.6,20926.6
1748210525927.0,20924.4,20926.4
1748210526148,,
1748210526314.0,20923.9,20925.9
1748210526490.0,20922.4,20924.4
1748210526808.0,20922.9,20924.9
1748210526934.0,20922.5,20924.5
1748210527167.0,20922.6,20924.6
1748210527316.0,20922.9,20924.9
1748210527424.0,20925.1,20927.1
1748210527619.0,20925.2,20927.2
1748210527722.0,20925.4,20927.4
1748210527823.0,20926.6,20928.6
1748210528044.0,20928.1,20930.1
1748210528120.0,20928.0,20930.0
1748210528343.0,20927.9,20929.9
1748210528695.0,20928.0,20930.0
1748210528745.0,20928.5,20930.5
1748210528846.0,20928.7,20930.7
1748210528945.0,20926.0,20928.0
1748210529139.0,20926.4,20928.4
1748210529412.0,20927.4,20929.4
1748210529776.0,20926.4,20928.4
1748210529839.0,20926.2,20928.2
1748210530022.0,20926.0,20928.0
1748210530254.0,20926.2,20928.2
1748210530555.0,20926.1,20928.1
1748210530829.0,20926.2,20928.2
1748210531345.0,20926.4,20928.4
1748210531659.0,20926.7,20928.7
1748210531893.0,20926.7,20928.7
1748210532143.0,20927.0,20929.0
1748210532328.0,20926.4,20928.4
1748210532621.0,20926.2,20928.2
1748210532673.0,20926.4,20928.4
1748210532855.0,20926.9,20928.9
1748210533284.0,20927.0,20929.0
1748210533577.0,20927.0,20929.0
1748210533824.0,20928.4,20930.4
1748210533970.0,20929.2,20931.2
1748210534284.0,20929.0,20931.0
1748210534528.0,20929.5,20931.5
1748210534629.0,20929.7,20931.7
1748210534799.0,20929.9,20931.9
1748210534871.0,20930.0,20932.0
1748210535099.0,20924.2,20926.2
1748210535189.0,20924.1,20926.1
1748210535706.0,20924.4,20926.4
1748210536094.0,20924.4,20926.4
1748210536193,,
1748210536532.0,20924.2,20926.2
1748210536981.0,20926.1,20928.1
1748210537762.0,20927.5,20929.5
1748210537868.0,20928.2,20930.2
1748210538577.0,20928.6,20930.6
1748210538715.0,20928.6,20930.6
1748210538865.0,20929.7,20931.7
1748210539212.0,20929.9,20931.9
1748210539334,,
1748210539434.0,20929.5,20931.5
1748210539778.0,20929.6,20931.6
1748210540008.0,20929.5,20931.5
1748210540622,,
1748210540669.0,20930.5,20932.5
1748210541599.0,20929.6,20931.6
1748210541866.0,20929.9,20931.9
1748210541991.0,20930.0,20932.0
1748210542229.0,20929.9,20931.9
1748210542253.0,20930.6,20932.6
1748210542418.0,20929.1,20931.1
1748210542737.0,20928.9,20930.9
1748210542786.0,20928.7,20930.7
1748210543369.0,20929.0,20931.0
1748210543416.0,20929.5,20931.5
1748210543641.0,20929.9,20931.9
1748210543981.0,20925.4,20927.4
1748210544301.0,20925.6,20927.6
1748210544546.0,20925.6,20927.6
1748210545001.0,20925.7,20927.7
1748210545276.0,20926.0,20928.0
1748210545326.0,20927.5,20929.5
1748210545581.0,20927.1,20929.1
1748210545980.0,20926.1,20928.1
1748210546160.0,20926.9,20928.9
1748210546441.0,20927.0,20929.0
1748210546620.0,20927.1,20929.1
1748210546787.0,20928.7,20930.7
1748210547150.0,20929.0,20931.0
1748210547312.0,20928.9,20930.9
1748210547725.0,20928.7,20930.7
1748210548235.0,20928.4,20930.4
1748210548723.0,20928.2,20930.2
1748210549186.0,20928.1,20930.1
1748210549941.0,20928.0,20930.0
1748210550296,,
1748210550377.0,20928.5,20930.5
1748210550745.0,20928.1,20930.1
1748210550795.0,20928.0,20930.0
1748210551381.0,20927.6,20929.6
1748210551496.0,20927.4,20929.4
1748210551623.0,20927.2,20929.2
1748210551855.0,20926.5,20928.5
1748210552409.0,20926.6,20928.6
1748210553115.0,20926.7,20928.7
1748210553207.0,20926.5,20928.5
1748210553567.0,20926.4,20928.4
1748210553808.0,20926.5,20928.5
1748210554178.0,20926.2,20928.2
1748210554298.0,20925.2,20927.2
1748210554377.0,20925.4,20927.4
1748210555632.0,20925.2,20927.2
1748210555681.0,20925.9,20927.9
1748210556006.0,20925.6,20927.6
1748210556440.0,20925.9,20927.9
1748210556821.0,20926.5,20928.5
1748210557348.0,20926.7,20928.7
1748210557671.0,20926.6,20928.6
1748210557890.0,20926.0,20928.0
1748210558210.0,20924.7,20926.7
1748210558674.0,20924.9,20926.9
1748210558722.0,20925.1,20927.1
1748210558894.0,20925.0,20927.0
1748210559086.0,20925.6,20927.6
1748210559929.0,20925.7,20927.7
1748210559977.0,20925.6,20927.6
1748210560105.0,20926.5,20928.5
1748210560349.0,20926.4,20928.4
1748210560562.0,20925.7,20927.7
1748210560963.0,20925.6,20927.6
1748210561214,,
1748210561264.0,20926.0,20928.0
1748210561818.0,20926.4,20928.4
1748210561868.0,20926.6,20928.6
1748210562074.0,20926.5,20928.5
1748210562841.0,20926.4,20928.4
1748210562963.0,20926.5,20928.5
1748210563812.0,20927.1,20929.1
1748210563891.0,20926.5,20928.5
1748210564514.0,20926.6,20928.6
1748210565218.0,20926.7,20928.7
1748210565266.0,20926.5,20928.5
1748210565623.0,20926.6,20928.6
1748210565724.0,20924.7,20926.7
1748210566242.0,20924.9,20926.9
1748210566322.0,20924.7,20926.7
1748210566452.0,20924.5,20926.5
1748210566601.0,20924.6,20926.6
1748210566861.0,20924.6,20926.6
1748210566911.0,20924.4,20926.4
1748210567410.0,20923.9,20925.9
1748210567623.0,20924.5,20926.5
1748210568049.0,20924.5,20926.5
1748210568291.0,20924.6,20926.6
1748210568341.0,20925.0,20927.0
1748210569387.0,20924.9,20926.9
1748210569437.0,20924.5,20926.5
1748210569580.0,20924.4,20926.4
1748210569707.0,20924.2,20926.2
1748210569902,,
1748210569985.0,20924.9,20926.9
1748210570215.0,20924.4,20926.4
1748210571064.0,20924.5,20926.5
1748210571109.0,20926.6,20928.6
1748210571553.0,20926.2,20928.2
1748210571818.0,20926.1,20928.1
1748210572503.0,20926.0,20928.0
1748210572652.0,20923.7,20925.7
1748210572812.0,20920.4,20922.4
1748210572903.0,20919.1,20921.1
1748210573324.0,20921.2,20923.2
1748210573374.0,20921.0,20923.0
1748210573732.0,20921.1,20923.1
1748210574070,,
1748210574120.0,20920.6,20922.6
1748210574509.0,20920.7,20922.7
1748210574561.0,20921.4,20923.4
1748210574677.0,20920.9,20922.9
1748210575533,,
1748210575583.0,20921.7,20923.7
1748210575633.0,20921.2,20923.2
1748210576044.0,20921.1,20923.1
1748210576774.0,20921.2,20923.2
1748210576825.0,20921.6,20923.6
1748210577082.0,20920.7,20922.7
1748210577107.0,20923.5,20925.5
1748210577404.0,20923.6,20925.6
1748210577472.0,20925.9,20927.9
1748210577823.0,20926.9,20928.9
1748210578176.0,20926.7,20928.7
1748210579052.0,20926.6,20928.6
1748210579134.0,20926.7,20928.7
1748210580051.0,20926.7,20928.7
1748210580282.0,20926.6,20928.6
1748210580331.0,20926.4,20928.4
1748210581043.0,20928.1,20930.1
1748210581183,,
1748210581371.0,20930.0,20932.0
1748210581487.0,20930.1,20932.1
1748210581837.0,20930.2,20932.2
1748210581910.0,20930.6,20932.6
1748210582155.0,20930.2,20932.2
1748210582285.0,20930.6,20932.6
1748210582480.0,20932.1,20934.1
1748210582591.0,20932.2,20934.2
1748210583114.0,20932.2,20934.2
1748210583163.0,20934.2,20936.2
1748210583303.0,20934.2,20936.2
1748210583555.0,20934.4,20936.4
1748210583809.0,20934.2,20936.2
1748210584170.0,20934.6,20936.6
1748210584326,,
1748210584473.0,20934.9,20936.9
1748210584586.0,20934.7,20936.7
1748210584993.0,20934.6,20936.6
1748210585096.0,20933.0,20935.0
1748210585301.0,20934.2,20936.2
1748210585418.0,20936.4,20938.4
1748210585578,,
1748210585628.0,20936.4,20938.4
1748210585922.0,20936.2,20938.2
1748210586023.0,20937.0,20939.0
1748210586643.0,20937.1,20939.1
1748210586693.0,20936.9,20938.9
1748210586882.0,20938.1,20940.1
1748210587218.0,20938.4,20940.4
1748210587316.0,20939.7,20941.7
1748210587368.0,20939.5,20941.5
1748210587799.0,20939.4,20941.4
1748210587849.0,20939.2,20941.2
1748210587928.0,20939.1,20941.1
1748210588027.0,20937.7,20939.7
1748210588229.0,20937.9,20939.9
1748210588329.0,20937.7,20939.7
1748210588568.0,20937.9,20939.9
1748210588740.0,20937.9,20939.9
1748210589027.0,20937.6,20939.6
1748210589176,,
1748210589442.0,20937.2,20939.2
1748210589492.0,20937.4,20939.4
1748210589592.0,20937.2,20939.2
1748210589832.0,20937.9,20939.9
1748210589976.0,20937.2,20939.2
1748210590295.0,20936.9,20938.9
1748210590454.0,20936.2,20938.2
1748210590506.0,20937.0,20939.0
1748210591055.0,20937.1,20939.1
1748210591202.0,20937.7,20939.7
1748210591627.0,20937.6,20939.6
1748210591674.0,20937.4,20939.4
1748210591953.0,20938.5,20940.5
1748210592003.0,20938.9,20940.9
1748210592270.0,20938.9,20940.9
1748210592322.0,20940.0,20942.0
1748210592490.0,20940.1,20942.1
1748210592604.0,20940.0,20942.0
1748210592858.0,20939.7,20941.7
1748210592908.0,20939.6,20941.6
1748210593100.0,20939.9,20941.9
1748210593237.0,20940.0,20942.0
1748210593396.0,20940.5,20942.5
1748210593576,,
1748210593783.0,20941.1,20943.1
1748210593885.0,20940.6,20942.6
1748210594135.0,20940.0,20942.0
1748210594183.0,20940.1,20942.1
1748210594431.0,20940.9,20942.9
1748210594531.0,20942.4,20944.4
1748210594709.0,20942.5,20944.5
1748210596186.0,20942.6,20944.6
1748210596412.0,20945.9,20947.9
1748210596599.0,20945.7,20947.7
1748210596788.0,20945.6,20947.6
1748210596990.0,20944.2,20946.2
1748210597274.0,20944.0,20946.0
1748210597323.0,20943.7,20945.7
1748210597461.0,20944.0,20946.0
1748210597721.0,20943.9,20945.9
1748210597770.0,20943.7,20945.7
1748210597821.0,20944.0,20946.0
1748210598065.0,20944.0,20946.0
1748210598136,,
1748210598240.0,20943.4,20945.4
1748210598536.0,20945.4,20947.4
1748210598630.0,20946.7,20948.7
1748210598761.0,20946.4,20948.4
1748210599243,,
1748210599293.0,20947.0,20949.0
1748210599391.0,20944.1,20946.1
1748210599441.0,20944.6,20946.6
1748210599867.0,20944.5,20946.5
1748210600018.0,20944.4,20946.4
1748210600147.0,20944.2,20946.2
1748210600364.0,20943.9,20945.9
1748210600404.0,20947.0,20949.0
1748210600670.0,20945.7,20947.7
1748210600806.0,20946.6,20948.6
1748210600991.0,20947.2,20949.2
1748210601575.0,20947.0,20949.0
1748210601713.0,20946.9,20948.9
1748210601903.0,20947.6,20949.6
1748210601951.0,20947.5,20949.5
1748210602245.0,20945.7,20947.7
1748210602547.0,20945.0,20947.0
1748210602690,,
1748210602818.0,20945.7,20947.7
1748210603185.0,20946.5,20948.5
1748210603389.0,20946.6,20948.6
1748210603605.0,20946.5,20948.5
1748210603655.0,20945.4,20947.4
1748210604003.0,20944.1,20946.1
1748210604589,,
1748210604660.0,20944.9,20946.9
1748210604851.0,20944.0,20946.0
1748210605299.0,20946.1,20948.1
1748210605901.0,20946.0,20948.0
1748210605982.0,20945.6,20947.6
1748210606144.0,20945.1,20947.1
1748210606293,,
1748210606344.0,20944.5,20946.5
1748210606710,,
1748210606957.0,20944.2,20946.2
1748210607009.0,20944.5,20946.5
1748210607245.0,20944.1,20946.1
1748210607889,,
1748210607940.0,20941.7,20943.7
1748210608323.0,20938.2,20940.2
1748210608707.0,20940.6,20942.6
1748210608961.0,20940.9,20942.9
1748210609141.0,20940.0,20942.0
1748210609292.0,20938.5,20940.5
1748210609440.0,20938.0,20940.0
1748210609596.0,20936.2,20938.2
1748210609976,,
1748210610079.0,20936.2,20938.2
1748210610298.0,20935.5,20937.5
1748210610349.0,20935.1,20937.1
1748210610491.0,20935.2,20937.2
1748210610739.0,20935.4,20937.4
1748210610790.0,20935.2,20937.2
1748210611127.0,20934.9,20936.9
1748210611480.0,20936.7,20938.7
1748210611596.0,20936.5,20938.5
1748210611805.0,20936.1,20938.1
1748210611942.0,20936.2,20938.2
1748210612382.0,20936.7,20938.7
1748210612432.0,20937.4,20939.4
1748210612547,,
1748210612656.0,20938.4,20940.4
1748210613131.0,20938.5,20940.5
1748210613180.0,20938.4,20940.4
1748210613398.0,20939.9,20941.9
1748210613463.0,20940.0,20942.0
1748210614152.0,20939.1,20941.1
1748210614201.0,20939.7,20941.7
1748210614323.0,20939.9,20941.9
1748210614373.0,20940.0,20942.0
1748210615039.0,20939.9,20941.9
1748210615213.0,20939.7,20941.7
1748210615293.0,20939.9,20941.9
1748210615440.0,20940.1,20942.1
1748210615814.0,20939.5,20941.5
1748210615862.0,20939.7,20941.7
1748210616033.0,20939.5,20941.5
1748210616183.0,20939.4,20941.4
1748210616310.0,20939.6,20941.6
1748210616918.0,20939.5,20941.5
1748210616967.0,20939.2,20941.2
1748210617176.0,20939.0,20941.0
1748210617345.0,20938.6,20940.6
1748210617534,,
1748210617619.0,20938.4,20940.4
1748210618205.0,20938.5,20940.5
1748210618251.0,20940.2,20942.2
1748210618485.0,20940.1,20942.1
1748210618695.0,20940.5,20942.5
1748210618901.0,20940.4,20942.4
1748210618951.0,20941.9,20943.9
1748210619278.0,20939.9,20941.9
1748210619548.0,20940.0,20942.0
1748210619595.0,20940.2,20942.2
1748210619799.0,20939.5,20941.5
1748210619850.0,20937.4,20939.4
1748210620329.0,20937.2,20939.2
1748210620379.0,20937.1,20939.1
1748210620566.0,20936.2,20938.2
1748210621121.0,20936.1,20938.1
1748210621169.0,20936.0,20938.0
1748210621391.0,20935.9,20937.9
1748210621441.0,20935.6,20937.6
1748210621552.0,20935.9,20937.9
1748210621600.0,20937.0,20939.0
1748210621859.0,20937.0,20939.0
1748210622105.0,20936.9,20938.9
1748210622154.0,20937.1,20939.1
1748210622404.0,20938.0,20940.0
1748210622738.0,20938.2,20940.2
1748210623406.0,20938.1,20940.1
1748210623456.0,20938.0,20940.0
1748210623905.0,20937.9,20939.9
1748210624011.0,20937.7,20939.7
1748210624132.0,20937.5,20939.5
1748210624350.0,20937.6,20939.6
1748210624596.0,20937.5,20939.5
1748210624646.0,20937.4,20939.4
1748210625363.0,20937.5,20939.5
1748210625411,,
1748210625651.0,20941.1,20943.1
1748210625894.0,20941.2,20943.2
1748210626056.0,20941.1,20943.1
1748210626861.0,20941.2,20943.2
1748210627137.0,20941.7,20943.7
1748210627162.0,20941.9,20943.9
1748210627253.0,20942.0,20944.0
1748210627794.0,20942.1,20944.1
1748210627843.0,20941.7,20943.7
1748210628063.0,20941.9,20943.9
1748210628110.0,20942.0,20944.0
1748210628432.0,20942.1,20944.1
1748210628482.0,20942.0,20944.0
1748210628781.0,20941.7,20943.7
1748210628831.0,20942.0,20944.0
1748210628880.0,20941.7,20943.7
1748210629287,,
1748210629991.0,20941.9,20943.9
1748210630039.0,20941.6,20943.6
1748210630405.0,20941.7,20943.7
1748210631342.0,20941.9,20943.9
1748210631690.0,20941.7,20943.7
1748210631894.0,20941.6,20943.6
1748210631944.0,20942.0,20944.0
1748210632282.0,20941.9,20943.9
1748210632331.0,20941.7,20943.7
1748210632540.0,20941.9,20943.9
1748210632837.0,20941.7,20943.7
1748210632886.0,20941.6,20943.6
1748210633292.0,20941.7,20943.7
1748210633453.0,20941.9,20943.9
1748210633504.0,20942.0,20944.0
1748210633684.0,20942.1,20944.1
1748210633914.0,20942.2,20944.2
1748210634606.0,20942.1,20944.1
1748210634656.0,20942.5,20944.5
1748210634961.0,20942.6,20944.6
1748210635121.0,20942.5,20944.5
1748210635795.0,20942.6,20944.6
1748210636082.0,20940.7,20942.7
1748210636319.0,20938.9,20940.9
1748210636370.0,20939.5,20941.5
1748210636879.0,20939.5,20941.5
1748210636978.0,20939.5,20941.5
1748210637318.0,20940.2,20942.2
1748210637670.0,20939.5,20941.5
1748210637957,,
1748210638009.0,20937.9,20939.9
1748210638457.0,20938.9,20940.9
1748210638818.0,20938.7,20940.7
1748210638866.0,20938.6,20940.6
1748210638972.0,20938.5,20940.5
1748210639023.0,20938.4,20940.4
1748210639877.0,20938.2,20940.2
1748210640006.0,20938.9,20940.9
1748210640334.0,20938.7,20940.7
1748210640382.0,20938.9,20940.9
1748210640616.0,20938.4,20940.4
1748210640992.0,20938.1,20940.1
1748210641100.0,20938.7,20940.7
1748210641204.0,20938.7,20940.7
1748210641421.0,20938.6,20940.6
1748210641611.0,20938.6,20940.6
1748210641724.0,20938.0,20940.0
1748210641885.0,20937.9,20939.9
1748210641933.0,20937.6,20939.6
1748210642217.0,20937.5,20939.5
1748210642366.0,20937.1,20939.1
1748210642551.0,20937.2,20939.2
1748210642652.0,20936.9,20938.9
1748210642700.0,20936.2,20938.2
1748210642977.0,20937.1,20939.1
1748210643250.0,20937.1,20939.1
1748210643494.0,20937.2,20939.2
1748210643593.0,20936.5,20938.5
1748210643645.0,20936.2,20938.2
1748210643932.0,20936.4,20938.4
1748210644034.0,20936.5,20938.5
1748210644240.0,20936.4,20938.4
1748210644380.0,20936.2,20938.2
1748210644580.0,20936.2,20938.2
1748210644701.0,20936.1,20938.1
1748210645026.0,20936.0,20938.0
1748210645324.0,20935.9,20937.9
1748210645373.0,20936.1,20938.1
1748210645694.0,20935.9,20937.9
1748210645798,,
1748210645848,,
1748210647192,,
1748210647240.0,20936.9,20938.9
1748210647447.0,20937.4,20939.4
1748210647575.0,20937.7,20939.7
1748210648210.0,20937.9,20939.9
1748210648398.0,20936.7,20938.7
1748210648527.0,20936.9,20938.9
1748210648681.0,20936.4,20938.4
1748210649094.0,20936.2,20938.2
1748210649338.0,20936.2,20938.2
1748210650342.0,20936.4,20938.4
1748210650439,,
1748210650737.0,20936.2,20938.2
1748210650789.0,20934.7,20936.7
1748210650954.0,20934.5,20936.5
1748210651004.0,20934.4,20936.4
1748210651879.0,20934.5,20936.5
1748210651928.0,20934.6,20936.6
1748210652127.0,20934.5,20936.5
1748210652472.0,20934.4,20936.4
1748210652954.0,20934.2,20936.2
1748210653054.0,20934.4,20936.4
1748210653168,,
1748210653220.0,20933.7,20935.7
1748210653683.0,20934.0,20936.0
1748210654012.0,20933.9,20935.9
1748210654116.0,20933.5,20935.5
1748210654579,,
1748210655432.0,20933.4,20935.4
1748210655539.0,20933.2,20935.2
1748210655758.0,20933.4,20935.4
1748210655810.0,20933.2,20935.2
1748210656060,,
1748210656110.0,20933.4,20935.4
1748210656344.0,20933.5,20935.5
1748210656549.0,20933.4,20935.4
1748210656599.0,20933.2,20935.2
1748210657075.0,20933.5,20935.5
1748210657124.0,20933.6,20935.6
1748210657470.0,20933.7,20935.7
1748210657578.0,20933.6,20935.6
1748210657627.0,20933.4,20935.4
1748210657758.0,20933.6,20935.6
1748210658097.0,20933.7,20935.7
1748210658298.0,20933.6,20935.6
1748210658581.0,20933.7,20935.7
1748210658767.0,20933.6,20935.6
1748210658948.0,20933.7,20935.7
1748210659251.0,20933.6,20935.6
1748210659427.0,20933.7,20935.7
1748210660099.0,20933.9,20935.9
1748210660146.0,20934.0,20936.0
1748210660472.0,20933.9,20935.9
1748210660523.0,20933.6,20935.6
1748210660982.0,20933.9,20935.9
1748210661273.0,20933.6,20935.6
1748210661876,,
1748210661926.0,20933.4,20935.4
1748210662159,,
1748210662258.0,20933.4,20935.4
1748210662361.0,20933.2,20935.2
1748210663333.0,20930.0,20932.0
1748210663535,,
1748210663849.0,20930.1,20932.1
1748210664263,,
1748210664314.0,20930.0,20932.0
1748210664776.0,20929.9,20931.9
1748210665119,,
1748210665649,,
1748210665701.0,20928.9,20930.9
1748210666266.0,20928.6,20930.6
1748210666366.0,20928.2,20930.2
1748210666506.0,20928.4,20930.4
1748210666652.0,20928.2,20930.2
1748210666760.0,20928.4,20930.4
1748210667094.0,20928.2,20930.2
1748210667193.0,20927.2,20929.2
1748210667283.0,20927.1,20929.1
1748210667373.0,20926.7,20928.7
1748210667613,,
1748210667823.0,20927.7,20929.7
1748210667924.0,20927.2,20929.2
1748210668256.0,20927.2,20929.2
1748210668307.0,20927.0,20929.0
1748210668537.0,20927.1,20929.1
1748210668585.0,20927.2,20929.2
1748210668895.0,20927.4,20929.4
1748210669154.0,20927.4,20929.4
1748210669267.0,20927.5,20929.5
1748210669695.0,20927.4,20929.4
1748210669744.0,20927.2,20929.2
1748210670015.0,20926.5,20928.5
1748210670142.0,20927.5,20929.5
1748210670341.0,20927.2,20929.2
1748210671852.0,20927.9,20929.9
1748210672305.0,20928.0,20930.0
1748210672417.0,20927.7,20929.7
1748210673717.0,20927.5,20929.5
1748210674270.0,20927.4,20929.4
1748210674319.0,20926.9,20928.9
1748210674470.0,20926.7,20928.7
1748210674554.0,20926.4,20928.4
1748210674821.0,20926.5,20928.5
1748210674870.0,20926.7,20928.7
1748210675482.0,20926.6,20928.6
1748210675530.0,20926.5,20928.5
1748210676657.0,20926.6,20928.6
1748210676708.0,20926.9,20928.9
1748210676958.0,20926.7,20928.7
1748210676998.0,20926.4,20928.4
1748210677186.0,20926.6,20928.6
1748210677687.0,20926.5,20928.5
1748210677736.0,20926.2,20928.2
1748210680847.0,20926.4,20928.4
1748210680894.0,20926.2,20928.2
1748210681334.0,20926.4,20928.4
1748210681454.0,20926.5,20928.5
1748210681875.0,20929.2,20931.2
1748210682162.0,20929.0,20931.0
1748210682987.0,20928.6,20930.6
1748210683036.0,20928.9,20930.9
1748210683370.0,20928.7,20930.7
1748210683575.0,20928.6,20930.6
1748210683624.0,20928.2,20930.2
1748210683737.0,20928.9,20930.9
1748210684269.0,20929.9,20931.9
1748210685307.0,20930.0,20932.0
1748210685395.0,20930.2,20932.2
1748210685764.0,20930.1,20932.1
1748210685954.0,20930.2,20932.2
1748210686003.0,20930.1,20932.1
1748210686135.0,20930.2,20932.2
1748210686388.0,20930.1,20932.1
1748210686701.0,20930.9,20932.9
1748210687070.0,20931.7,20933.7
1748210687209.0,20931.9,20933.9
1748210687265.0,20932.4,20934.4
1748210687833.0,20932.5,20934.5
1748210687932,,
1748210688899.0,20933.5,20935.5
1748210689577.0,20933.6,20935.6
1748210689767.0,20933.6,20935.6
1748210690471.0,20933.7,20935.7
1748210690519.0,20935.6,20937.6
1748210691223.0,20935.6,20937.6
1748210691351.0,20936.2,20938.2
1748210692852.0,20935.5,20937.5
1748210693654,,
1748210693709.0,20933.7,20935.7
1748210694138.0,20934.4,20936.4
1748210694186.0,20934.6,20936.6
1748210694612.0,20934.9,20936.9
1748210694662.0,20934.7,20936.7
1748210695189.0,20935.5,20937.5
1748210696192.0,20935.5,20937.5
1748210696485.0,20935.4,20937.4
1748210696691.0,20935.4,20937.4
1748210697091,,
1748210697144.0,20935.2,20937.2
1748210697446.0,20935.1,20937.1
1748210697598.0,20935.2,20937.2
1748210697649.0,20935.4,20937.4
1748210698112.0,20935.5,20937.5
1748210698162.0,20935.4,20937.4
1748210700200.0,20933.9,20935.9
1748210700494.0,20932.9,20934.9
1748210700828.0,20933.9,20935.9
1748210701275.0,20933.7,20935.7
1748210701380.0,20933.2,20935.2
1748210701955.0,20934.5,20936.5
1748210702190.0,20934.6,20936.6
1748210702239.0,20935.2,20937.2
1748210703180.0,20935.1,20937.1
1748210703766.0,20935.0,20937.0
1748210704293.0,20935.1,20937.1
1748210704426.0,20934.0,20936.0
1748210705037.0,20934.1,20936.1
1748210705705.0,20934.0,20936.0
1748210706210.0,20934.1,20936.1
1748210706438.0,20934.1,20936.1
1748210706533.0,20935.2,20937.2
1748210706751.0,20936.7,20938.7
1748210706856.0,20936.7,20938.7
1748210707433.0,20936.9,20938.9
1748210709221.0,20936.7,20938.7
1748210709394.0,20936.9,20938.9
1748210709476.0,20937.2,20939.2
1748210709826.0,20937.1,20939.1
1748210709875.0,20936.9,20938.9
1748210710261.0,20936.5,20938.5
1748210712140.0,20937.7,20939.7
1748210712483.0,20937.9,20939.9
1748210712560.0,20938.2,20940.2
1748210712731.0,20937.9,20939.9
1748210713717.0,20938.0,20940.0
1748210713874.0,20937.7,20939.7
1748210714220.0,20938.1,20940.1
1748210714521.0,20938.5,20940.5
1748210714764.0,20938.5,20940.5
1748210715036,,
1748210715237.0,20939.2,20941.2
1748210716022.0,20939.1,20941.1
1748210716070.0,20938.7,20940.7
1748210716434,,
1748210717093.0,20938.9,20940.9
1748210717686.0,20938.7,20940.7
1748210717837.0,20937.7,20939.7
1748210718111.0,20934.9,20936.9
1748210718449.0,20935.2,20937.2
1748210719558.0,20935.4,20937.4
1748210719837.0,20936.1,20938.1
1748210719887.0,20935.5,20937.5
1748210720104.0,20935.7,20937.7
1748210720813.0,20934.9,20936.9
1748210720863.0,20935.2,20937.2
1748210721051.0,20935.4,20937.4
1748210721100.0,20937.0,20939.0
1748210722534.0,20936.7,20938.7
1748210722581.0,20936.9,20938.9
1748210722841.0,20936.7,20938.7
1748210722941.0,20936.5,20938.5
1748210723372.0,20936.6,20938.6
1748210723423.0,20937.1,20939.1
1748210723526.0,20936.9,20938.9
1748210724160.0,20936.4,20938.4
1748210724209.0,20937.2,20939.2
1748210724509.0,20937.4,20939.4
1748210724557.0,20938.0,20940.0
1748210724887.0,20939.2,20941.2
1748210725274.0,20940.5,20942.5
1748210725568.0,20941.5,20943.5
1748210725620.0,20941.4,20943.4
1748210725965.0,20941.2,20943.2
1748210726015.0,20941.0,20943.0
1748210726640.0,20941.1,20943.1
1748210727736.0,20941.2,20943.2
1748210727831.0,20939.2,20941.2
1748210728257.0,20939.9,20941.9
1748210728430,,
1748210728509.0,20940.9,20942.9
1748210729025.0,20941.0,20943.0
1748210729317.0,20939.5,20941.5
1748210729341.0,20939.6,20941.6
1748210730086.0,20939.7,20941.7
1748210730136.0,20940.4,20942.4
1748210730380.0,20940.2,20942.2
1748210731098,,
1748210731189.0,20941.1,20943.1
1748210731415.0,20941.0,20943.0
1748210732029.0,20940.7,20942.7
1748210732669.0,20940.6,20942.6
1748210732753.0,20939.2,20941.2
1748210733135.0,20940.0,20942.0
1748210733483.0,20940.0,20942.0
1748210733876.0,20940.1,20942.1
1748210733945.0,20941.5,20943.5
1748210734490.0,20940.6,20942.6
1748210734543.0,20939.9,20941.9
1748210734978,,
1748210735053.0,20940.1,20942.1
1748210735530,,
1748210735704.0,20941.2,20943.2
1748210735786.0,20941.1,20943.1
1748210735837.0,20940.6,20942.6
1748210736544.0,20941.0,20943.0
1748210736593.0,20940.9,20942.9
1748210736936.0,20940.7,20942.7
1748210736984.0,20939.9,20941.9
1748210738146.0,20939.7,20941.7
1748210738581.0,20939.4,20941.4
1748210738630.0,20939.1,20941.1
1748210738898.0,20939.2,20941.2
1748210738947.0,20939.0,20941.0
1748210738996.0,20938.7,20940.7
1748210739222.0,20938.6,20940.6
1748210739271.0,20938.2,20940.2
1748210739387.0,20937.9,20939.9
1748210740004.0,20938.1,20940.1
1748210740224.0,20938.2,20940.2
1748210740308.0,20938.6,20940.6
1748210740962.0,20938.2,20940.2
1748210742542.0,20938.1,20940.1
1748210742591.0,20937.9,20939.9
1748210743229.0,20938.0,20940.0
1748210743442.0,20938.0,20940.0
1748210744843.0,20938.1,20940.1
1748210744892.0,20938.4,20940.4
1748210745342.0,20938.2,20940.2
1748210745393.0,20938.1,20940.1
1748210745442.0,20938.4,20940.4
1748210746014.0,20938.2,20940.2
1748210746064.0,20938.4,20940.4
1748210746548.0,20939.1,20941.1
1748210746597.0,20939.9,20941.9
1748210748865.0,20939.7,20941.7
1748210748914.0,20939.5,20941.5
1748210749083.0,20939.6,20941.6
1748210749132.0,20939.7,20941.7
1748210749389.0,20939.5,20941.5
1748210750301.0,20939.4,20941.4
1748210750352.0,20939.1,20941.1
1748210750649.0,20939.0,20941.0
1748210750877.0,20939.1,20941.1
1748210750926.0,20939.0,20941.0
1748210751916.0,20939.1,20941.1
1748210751964.0,20939.2,20941.2
1748210752136.0,20939.1,20941.1
1748210753277.0,20939.2,20941.2
1748210753327.0,20939.0,20941.0
1748210753699.0,20938.9,20940.9
1748210753786.0,20939.4,20941.4
1748210754829.0,20940.0,20942.0
1748210754875.0,20940.5,20942.5
1748210755772.0,20940.6,20942.6
1748210755858.0,20940.7,20942.7
1748210756319.0,20940.2,20942.2
1748210757348.0,20940.4,20942.4
1748210757447.0,20941.6,20943.6
1748210758521.0,20941.5,20943.5
1748210759715.0,20941.6,20943.6
1748210759799.0,20942.6,20944.6
1748210760624.0,20942.5,20944.5
1748210760984.0,20942.6,20944.6
1748210761034.0,20942.9,20944.9
1748210761252.0,20942.7,20944.7
1748210761304.0,20942.5,20944.5
1748210761685.0,20942.7,20944.7
1748210761734.0,20942.9,20944.9
1748210762151.0,20942.7,20944.7
1748210762399.0,20942.6,20944.6
1748210762686.0,20942.4,20944.4
1748210762871.0,20942.2,20944.2
1748210762921.0,20941.9,20943.9
1748210763079.0,20941.7,20943.7
1748210763127.0,20941.4,20943.4
1748210763473.0,20942.1,20944.1
1748210763731.0,20942.6,20944.6
1748210763780.0,20942.5,20944.5
1748210763880.0,20942.6,20944.6
1748210764045.0,20942.9,20944.9
1748210764265.0,20942.0,20944.0
1748210764327,,
1748210764408.0,20941.6,20943.6
1748210764747.0,20941.5,20943.5
1748210764798.0,20941.1,20943.1
1748210765078.0,20941.0,20943.0
1748210765128.0,20940.9,20942.9
1748210765280.0,20940.7,20942.7
1748210765330.0,20940.4,20942.4
1748210765413.0,20940.2,20942.2
1748210765547.0,20939.6,20941.6
1748210765795.0,20940.4,20942.4
1748210766080.0,20940.2,20942.2
1748210766468.0,20940.1,20942.1
1748210766576.0,20940.0,20942.0
1748210766745.0,20939.2,20941.2
1748210766876,,
1748210767077.0,20939.5,20941.5
1748210767206.0,20941.4,20943.4
1748210767338.0,20941.5,20943.5
1748210767419.0,20941.6,20943.6
1748210767605.0,20942.1,20944.1
1748210767958.0,20943.0,20945.0
1748210768114.0,20942.7,20944.7
1748210768314.0,20943.1,20945.1
1748210768416.0,20942.9,20944.9
1748210769223.0,20943.2,20945.2
1748210769307.0,20944.4,20946.4
1748210769871.0,20944.5,20946.5
1748210769918.0,20944.2,20946.2
1748210770266.0,20943.9,20945.9
1748210770315.0,20943.7,20945.7
1748210770528.0,20943.6,20945.6
1748210770724.0,20943.7,20945.7
1748210771182.0,20943.9,20945.9
1748210771367,,
1748210771415.0,20944.1,20946.1
1748210772045.0,20944.0,20946.0
1748210772095.0,20944.9,20946.9
1748210772725.0,20944.7,20946.7
1748210772776.0,20944.2,20946.2
1748210772825.0,20944.1,20946.1
1748210773449.0,20944.0,20946.0
1748210773498.0,20943.6,20945.6
1748210773651.0,20944.2,20946.2
1748210773700.0,20943.6,20945.6
1748210774283.0,20943.5,20945.5
1748210774331.0,20942.6,20944.6
1748210774539.0,20943.0,20945.0
1748210774834.0,20943.1,20945.1
1748210774884.0,20943.2,20945.2
1748210775018.0,20943.1,20945.1
1748210775111.0,20943.0,20945.0
1748210775296.0,20943.1,20945.1
1748210775397.0,20943.0,20945.0
1748210775593.0,20943.1,20945.1
1748210775759.0,20943.0,20945.0
1748210776685.0,20942.9,20944.9
1748210776735.0,20942.5,20944.5
1748210777129.0,20942.2,20944.2
1748210777416.0,20942.1,20944.1
1748210777503.0,20941.5,20943.5
1748210778080.0,20941.4,20943.4
1748210778164.0,20940.2,20942.2
1748210778576.0,20940.1,20942.1
1748210778625.0,20938.9,20940.9
1748210778853.0,20939.9,20941.9
1748210778997,,
1748210779048.0,20941.0,20943.0
1748210779217.0,20941.1,20943.1
1748210779377.0,20942.0,20944.0
1748210779491.0,20942.7,20944.7
1748210779921.0,20942.6,20944.6
1748210779969.0,20942.5,20944.5
1748210780635,,
1748210780721.0,20943.0,20945.0
1748210781164.0,20942.9,20944.9
1748210781698.0,20943.0,20945.0
1748210782062.0,20943.1,20945.1
1748210782146.0,20943.4,20945.4
1748210782620.0,20943.5,20945.5
1748210782696.0,20943.4,20945.4
1748210783143.0,20943.0,20945.0
1748210783396.0,20942.9,20944.9
1748210783624.0,20942.5,20944.5
1748210783788.0,20942.0,20944.0
1748210784627.0,20940.5,20942.5
1748210784765,,
1748210785002.0,20941.0,20943.0
1748210785236.0,20941.0,20943.0
1748210785308.0,20940.7,20942.7
1748210785782.0,20941.2,20943.2
1748210785853.0,20940.9,20942.9
1748210786747.0,20941.2,20943.2
1748210786820.0,20941.5,20943.5
1748210786967.0,20941.6,20943.6
1748210787332.0,20941.4,20943.4
1748210787383.0,20941.2,20943.2
1748210791888,,
1748210791938.0,20943.4,20945.4
1748210791986.0,20943.2,20945.2
1748210792875,,
1748210792923.0,20943.0,20945.0
1748210793232.0,20942.9,20944.9
1748210794124.0,20943.0,20945.0
1748210794323.0,20942.9,20944.9
1748210795690.0,20942.7,20944.7
1748210795775.0,20942.6,20944.6
1748210796360.0,20942.7,20944.7
1748210796410.0,20942.6,20944.6
1748210797745.0,20942.7,20944.7
1748210797792.0,20942.6,20944.6
1748210798026.0,20942.7,20944.7
1748210798076.0,20942.6,20944.6
1748210798126.0,20943.1,20945.1
1748210798558.0,20943.6,20945.6
1748210798791.0,20943.9,20945.9
1748210798845,,
1748210799275.0,20943.7,20945.7
1748210800139.0,20943.6,20945.6
1748210800187.0,20942.7,20944.7
1748210800390.0,20942.6,20944.6
1748210800607.0,20942.9,20944.9
1748210802894.0,20943.0,20945.0
1748210806222.0,20942.9,20944.9
1748210809358.0,20942.7,20944.7
1748210809406.0,20942.9,20944.9
1748210809821.0,20940.4,20942.4
1748210810458,,
1748210810506.0,20940.1,20942.1
1748210810606.0,20939.2,20941.2
1748210811203,,
1748210811253.0,20938.5,20940.5
1748210811303.0,20938.6,20940.6
1748210811503.0,20938.5,20940.5
1748210811796,,
1748210811991.0,20937.2,20939.2
1748210812645,,
1748210812718.0,20936.5,20938.5
1748210813289.0,20936.4,20938.4
1748210814098,,
1748210814146.0,20936.7,20938.7
1748210814537.0,20936.9,20938.9
1748210814590.0,20938.6,20940.6
1748210814716.0,20937.9,20939.9
1748210815723.0,20939.9,20941.9
1748210815930.0,20939.9,20941.9
1748210816096.0,20943.1,20945.1
1748210816246.0,20953.1,20955.1
1748210816406.0,20962.1,20964.1
1748210816543.0,20962.1,20964.1
1748210816695.0,20961.5,20963.5
1748210816893.0,20961.6,20963.6
1748210817242.0,20960.2,20962.2
1748210817353,,
1748210817436.0,20965.0,20967.0
1748210817856.0,20965.1,20967.1
1748210817954.0,20966.0,20968.0
1748210818147.0,20963.7,20965.7
1748210818238.0,20963.5,20965.5
1748210818490.0,20975.4,20977.4
1748210818590.0,20976.5,20978.5
1748210818790.0,20980.9,20982.9
1748210818936.0,20978.4,20980.4
1748210819078,,
1748210819230.0,20985.4,20987.4
1748210819436.0,20993.1,20995.1
1748210819528.0,20996.4,20998.4
1748210819728.0,21002.2,21004.2
1748210819860.0,20996.5,20998.5
1748210820014.0,20994.7,20996.7
1748210820166.0,20991.0,20993.0
1748210820364.0,20982.6,20984.6
1748210820464.0,20983.4,20985.4
1748210820663.0,20982.5,20984.5
1748210820827,,
1748210820990.0,20986.6,20988.6
1748210821128.0,20991.2,20993.2
1748210821293.0,20990.6,20992.6
1748210821633.0,20989.2,20991.2
1748210821762.0,20987.7,20989.7
1748210821937.0,20984.0,20986.0
1748210822037.0,20987.6,20989.6
1748210822192.0,20988.1,20990.1
1748210822381.0,20988.0,20990.0
1748210822561.0,20987.5,20989.5
1748210822683.0,20987.6,20989.6
1748210822791.0,20985.9,20987.9
1748210823017.0,20979.2,20981.2
1748210823153.0,20977.1,20979.1
1748210823302.0,20976.1,20978.1
1748210823485.0,20975.9,20977.9
1748210823550.0,20975.7,20977.7
1748210823829.0,20975.2,20977.2
1748210823929.0,20975.7,20977.7
1748210824150.0,20974.0,20976.0
1748210824201.0,20975.0,20977.0
1748210824450.0,20974.5,20976.5
1748210824549.0,20975.0,20977.0
1748210824775.0,20972.4,20974.4
1748210824876.0,20971.9,20973.9
1748210825025.0,20972.4,20974.4
1748210825170.0,20971.5,20973.5
1748210825291.0,20971.4,20973.4
1748210825490.0,20971.5,20973.5
1748210825691.0,20997.5,20999.5
1748210825850.0,20994.5,20996.5
1748210825940.0,20996.1,20998.1
1748210826155.0,20990.5,20992.5
1748210826291.0,20986.2,20988.2
1748210826461.0,20986.1,20988.1
1748210826642.0,20985.9,20987.9
1748210826743.0,20979.7,20981.7
1748210826806.0,20981.4,20983.4
1748210827087.0,20981.5,20983.5
1748210827268.0,20983.1,20985.1
1748210827366.0,20982.7,20984.7
1748210827563.0,20982.5,20984.5
1748210827711.0,20977.9,20979.9
1748210827865.0,20978.4,20980.4
1748210828216.0,20978.7,20980.7
1748210828316.0,20983.1,20985.1
1748210828533.0,20980.1,20982.1
1748210828624.0,20980.0,20982.0
1748210828836.0,20978.7,20980.7
1748210828936.0,20979.5,20981.5
1748210829085.0,20980.2,20982.2
1748210829488.0,20980.4,20982.4
1748210829537.0,20980.7,20982.7
1748210829795.0,20980.6,20982.6
1748210829846.0,20980.7,20982.7
1748210830061.0,20977.4,20979.4
1748210830175.0,20984.1,20986.1
1748210830267.0,20983.9,20985.9
1748210830733.0,20976.1,20978.1
1748210830832.0,20976.9,20978.9
1748210830984.0,20976.6,20978.6
1748210831530.0,20976.5,20978.5
1748210831681.0,20976.9,20978.9
1748210831732.0,20977.1,20979.1
1748210831983.0,20981.1,20983.1
1748210832423.0,20978.9,20980.9
1748210832852.0,20980.0,20982.0
1748210833053.0,20979.6,20981.6
1748210833194.0,20978.0,20980.0
1748210833565.0,20978.9,20980.9
1748210833616.0,20978.5,20980.5
1748210833867.0,20980.1,20982.1
1748210833916.0,20978.2,20980.2
1748210834267.0,20978.4,20980.4
1748210834418.0,20976.7,20978.7
1748210834939.0,20976.6,20978.6
1748210835144.0,20972.7,20974.7
1748210835743.0,20977.6,20979.6
1748210835834.0,20977.1,20979.1
1748210836002.0,20973.5,20975.5
1748210836204.0,20973.7,20975.7
1748210836331.0,20974.4,20976.4
1748210836434.0,20972.7,20974.7
1748210836687.0,20973.7,20975.7
1748210837100.0,20979.5,20981.5
1748210837150.0,20978.6,20980.6
1748210837413.0,20978.2,20980.2
1748210837591.0,20976.7,20978.7
1748210838058,,
1748210838238.0,20975.1,20977.1
1748210838360,,
1748210838583.0,20974.9,20976.9
1748210838660.0,20973.1,20975.1
1748210838812.0,20972.5,20974.5
1748210838968.0,20971.9,20973.9
1748210839113.0,20971.5,20973.5
1748210839308.0,20971.7,20973.7
1748210839431.0,20971.7,20973.7
1748210839688.0,20971.9,20973.9
1748210839776.0,20974.2,20976.2
1748210840130.0,20974.4,20976.4
1748210840179.0,20974.5,20976.5
1748210840345.0,20974.2,20976.2
1748210840552.0,20974.2,20976.2
1748210841195.0,20973.9,20975.9
1748210841817,,
1748210841972.0,20973.9,20975.9
1748210842150.0,20973.7,20975.7
1748210842190.0,20974.5,20976.5
1748210842431.0,20972.4,20974.4
1748210843004.0,20972.5,20974.5
1748210843164.0,20975.9,20977.9
1748210843568.0,20975.5,20977.5
1748210843722.0,20977.7,20979.7
1748210843892.0,20976.2,20978.2
1748210844030.0,20976.1,20978.1
1748210844078.0,20976.0,20978.0
1748210844293.0,20976.9,20978.9
1748210844477,,
1748210844847.0,20975.4,20977.4
1748210844980,,
1748210845151.0,20976.7,20978.7
1748210845387.0,20976.2,20978.2
1748210845485.0,20976.1,20978.1
1748210845742.0,20978.4,20980.4
1748210845808.0,20978.1,20980.1
1748210846642,,
1748210846691.0,20978.0,20980.0
1748210846938.0,20978.2,20980.2
1748210848106.0,20978.1,20980.1
1748210848190.0,20975.6,20977.6
1748210848449.0,20975.9,20977.9
1748210848866.0,20976.1,20978.1
1748210848915.0,20977.2,20979.2
1748210848965.0,20977.4,20979.4
1748210849493.0,20977.2,20979.2
1748210849593.0,20977.0,20979.0
1748210850061.0,20978.4,20980.4
1748210850483.0,20978.5,20980.5
1748210850688,,
1748210850791.0,20983.2,20985.2
1748210850892.0,20983.5,20985.5
1748210851116.0,20982.5,20984.5
1748210851165.0,20983.1,20985.1
1748210851552.0,20984.1,20986.1
1748210851933.0,20986.4,20988.4
1748210852057.0,20984.6,20986.6
1748210852293.0,20986.1,20988.1
1748210852512.0,20989.6,20991.6
1748210852882.0,20989.5,20991.5
1748210852996.0,20989.5,20991.5
1748210853222.0,20985.2,20987.2
1748210853497.0,20985.4,20987.4
1748210853760.0,20985.2,20987.2
1748210853860.0,20983.5,20985.5
1748210853940.0,20983.7,20985.7
1748210854328,,
1748210854429.0,20982.0,20984.0
1748210854628.0,20982.4,20984.4
1748210855259.0,20982.2,20984.2
1748210855307.0,20982.0,20984.0
1748210855808.0,20981.9,20983.9
1748210855922.0,20980.0,20982.0
1748210856334.0,20982.1,20984.1
1748210856373.0,20983.2,20985.2
1748210856655.0,20982.5,20984.5
1748210856762.0,20982.0,20984.0
1748210856928.0,20982.1,20984.1
1748210857078.0,20990.6,20992.6
1748210857175,,
1748210857253.0,20989.4,20991.4
1748210857592.0,20989.4,20991.4
1748210857820.0,20989.7,20991.7
1748210858028.0,20989.9,20991.9
1748210858076.0,20989.5,20991.5
1748210858427.0,20989.6,20991.6
1748210858722.0,20989.5,20991.5
1748210858969,,
1748210859020.0,20988.2,20990.2
1748210859209.0,20988.4,20990.4
1748210859446.0,20987.9,20989.9
1748210859768.0,20986.6,20988.6
1748210859879.0,20986.6,20988.6
1748210860240.0,20986.7,20988.7
1748210860289.0,20986.2,20988.2
1748210860875,,
1748210861092.0,20991.5,20993.5
1748210861349.0,20991.4,20993.4
1748210861400.0,20990.9,20992.9
1748210861854.0,20991.0,20993.0
1748210861952.0,20990.7,20992.7
1748210862396.0,20990.9,20992.9
1748210862441.0,20990.6,20992.6
1748210862953.0,20989.0,20991.0
1748210863104.0,20986.7,20988.7
1748210863471.0,20986.7,20988.7
1748210863717.0,20987.5,20989.5
1748210864073,,
1748210864272.0,20989.0,20991.0
1748210864359.0,20989.2,20991.2
1748210864776.0,20989.4,20991.4
1748210864823.0,20989.2,20991.2
1748210865269,,
1748210865357.0,20986.7,20988.7
1748210865720.0,20982.7,20984.7
1748210866924.0,20982.0,20984.0
1748210867440.0,20983.4,20985.4
1748210867668.0,20984.2,20986.2
1748210867973.0,20983.9,20985.9
1748210868024.0,20983.7,20985.7
1748210868223.0,20984.1,20986.1
1748210868365.0,20983.9,20985.9
1748210868841.0,20983.7,20985.7
1748210868887.0,20983.6,20985.6
1748210869048.0,20991.6,20993.6
1748210869146.0,20989.5,20991.5
1748210869404.0,20990.0,20992.0
1748210869631.0,20988.9,20990.9
1748210870072.0,20988.7,20990.7
1748210870121.0,20988.6,20990.6
1748210870373.0,20988.5,20990.5
1748210870455.0,20987.0,20989.0
1748210870692.0,20989.2,20991.2
1748210871065,,
1748210871116.0,20990.0,20992.0
1748210871566.0,20991.5,20993.5
1748210871604.0,20991.0,20993.0
1748210871968.0,20991.0,20993.0
1748210872191.0,20990.7,20992.7
1748210872238.0,20991.6,20993.6
1748210872484.0,20990.6,20992.6
1748210872581.0,20990.5,20992.5
1748210872630.0,20991.2,20993.2
1748210873234,,
1748210873389.0,20990.2,20992.2
1748210873541.0,20988.4,20990.4
1748210873763.0,20987.7,20989.7
1748210874586.0,20987.5,20989.5
1748210875042.0,20987.1,20989.1
1748210875092.0,20987.7,20989.7
1748210875333.0,20987.9,20989.9
1748210875420.0,20989.9,20991.9
1748210875549.0,20991.1,20993.1
1748210875938,,
1748210876014.0,20991.0,20993.0
1748210876248.0,20991.5,20993.5
1748210876331.0,20991.2,20993.2
1748210876563.0,20994.1,20996.1
1748210876635.0,20994.6,20996.6
1748210876697.0,20994.4,20996.4
1748210877231.0,20994.5,20996.5
1748210877280.0,20995.4,20997.4
1748210877403.0,20997.1,20999.1
1748210877571.0,20997.2,20999.2
1748210877844.0,20997.7,20999.7
1748210877890.0,21000.9,21002.9
1748210878144.0,21000.2,21002.2
1748210878245.0,20999.5,21001.5
1748210878433.0,21000.0,21002.0
1748210878783.0,21000.1,21002.1
1748210878950.0,21000.0,21002.0
1748210879027.0,20999.9,21001.9
1748210879483.0,20999.6,21001.6
1748210879710.0,20999.9,21001.9
1748210879760,,
1748210879937.0,20996.0,20998.0
1748210880333.0,20993.7,20995.7
1748210880384.0,20994.1,20996.1
1748210880676.0,20995.4,20997.4
1748210880703.0,20995.1,20997.1
1748210880830.0,20995.1,20997.1
1748210881303.0,21008.0,21010.0
1748210881351.0,21007.6,21009.6
1748210881557.0,21004.6,21006.6
1748210881893.0,21002.5,21004.5
1748210881970.0,21004.1,21006.1
1748210882242.0,21004.4,21006.4
1748210882509.0,21005.0,21007.0
1748210882623.0,21005.1,21007.1
1748210882890.0,21005.0,21007.0
1748210882923.0,21004.7,21006.7
1748210883174.0,21007.4,21009.4
1748210883432.0,21006.7,21008.7
1748210883557.0,21006.9,21008.9
1748210883789.0,21007.0,21009.0
1748210883840.0,21008.5,21010.5
1748210884089.0,21007.4,21009.4
1748210884186,,
1748210884408.0,21007.6,21009.6
1748210884505.0,21007.9,21009.9
1748210884766.0,21007.7,21009.7
1748210884815.0,21008.4,21010.4
1748210884966.0,21010.7,21012.7
1748210885134.0,21012.4,21014.4
1748210885359.0,21014.4,21016.4
1748210885462.0,21014.1,21016.1
1748210885665.0,21013.5,21015.5
1748210886007.0,21015.4,21017.4
1748210886057.0,21019.1,21021.1
1748210886220.0,21021.0,21023.0
1748210886615.0,21020.9,21022.9
1748210886713.0,21021.0,21023.0
1748210886918.0,21021.2,21023.2
1748210887033.0,21020.7,21022.7
1748210887283.0,21024.7,21026.7
1748210887333.0,21027.1,21029.1
1748210887582.0,21026.6,21028.6
1748210887654.0,21025.6,21027.6
1748210887838.0,21030.9,21032.9
1748210887942.0,21031.2,21033.2
1748210888190.0,21035.7,21037.7
1748210888290.0,21040.2,21042.2
1748210888504.0,21047.7,21049.7
1748210888604.0,21057.9,21059.9
1748210888857.0,21060.4,21062.4
1748210888903.0,21058.4,21060.4
1748210889154.0,21060.2,21062.2
1748210889229.0,21062.0,21064.0
1748210889458.0,21061.9,21063.9
1748210889785.0,21057.4,21059.4
1748210889836,,
1748210890087.0,21058.0,21060.0
1748210890139.0,21058.2,21060.2
1748210890386,,
1748210890463.0,21058.4,21060.4
1748210890723.0,21056.9,21058.9
1748210891307.0,21050.5,21052.5
1748210891582.0,21044.9,21046.9
1748210891946.0,21043.4,21045.4
1748210891995.0,21042.6,21044.6
1748210892257.0,21040.1,21042.1
1748210892357.0,21038.5,21040.5
1748210892457.0,21038.7,21040.7
1748210892668.0,21038.0,21040.0
1748210892887.0,21038.2,21040.2
1748210892941.0,21037.6,21039.6
1748210893229.0,21039.6,21041.6
1748210893548.0,21036.7,21038.7
1748210893573.0,21035.6,21037.6
1748210893801.0,21039.6,21041.6
1748210893934.0,21039.9,21041.9
1748210894131.0,21047.5,21049.5
1748210894207.0,21046.5,21048.5
1748210894499.0,21047.5,21049.5
1748210894550.0,21043.7,21045.7
1748210894678.0,21044.9,21046.9
1748210894825.0,21043.7,21045.7
1748210895111.0,21042.7,21044.7
1748210895146.0,21043.4,21045.4
1748210895425.0,21044.7,21046.7
1748210895475.0,21043.9,21045.9
1748210896005.0,21044.6,21046.6
1748210896106.0,21045.0,21047.0
1748210896259.0,21044.6,21046.6
1748210896594.0,21046.1,21048.1
1748210896946.0,21042.9,21044.9
1748210897019.0,21040.2,21042.2
1748210897277.0,21039.9,21041.9
1748210897345.0,21039.7,21041.7
1748210897627.0,21037.4,21039.4
1748210897690.0,21038.1,21040.1
1748210897943.0,21037.7,21039.7
1748210897994.0,21038.0,21040.0
1748210898261.0,21039.5,21041.5
1748210898567.0,21039.2,21041.2
1748210898867,,
1748210898911.0,21037.5,21039.5
1748210899037.0,21037.2,21039.2
1748210899516.0,21037.1,21039.1
1748210899557.0,21037.5,21039.5
1748210899606.0,21037.6,21039.6
1748210899892.0,21037.2,21039.2
1748210899968.0,21037.1,21039.1
1748210900394.0,21034.5,21036.5
1748210900510,,
1748210900754.0,21036.7,21038.7
1748210900855.0,21036.5,21038.5
1748210901092,,
1748210901144.0,21030.5,21032.5
1748210901363.0,21030.7,21032.7
1748210901427.0,21028.5,21030.5
1748210901679.0,21029.1,21031.1
1748210901784.0,21028.4,21030.4
1748210901966.0,21026.7,21028.7
1748210902035.0,21027.0,21029.0
1748210902281.0,21028.4,21030.4
1748210902393.0,21028.0,21030.0
1748210902585.0,21030.2,21032.2
1748210902966.0,21030.1,21032.1
1748210903270.0,21028.2,21030.2
1748210903551.0,21029.9,21031.9
1748210903602.0,21030.7,21032.7
1748210903755.0,21031.1,21033.1
1748210903984.0,21031.2,21033.2
1748210904274.0,21031.2,21033.2
1748210904574.0,21031.1,21033.1
1748210904624.0,21031.0,21033.0
1748210904899.0,21030.9,21032.9
1748210905153.0,21028.5,21030.5
1748210905200,,
1748210905449.0,21028.6,21030.6
1748210905775.0,21027.9,21029.9
1748210905870.0,21027.4,21029.4
1748210906049.0,21028.9,21030.9
1748210906179.0,21029.0,21031.0
1748210906422.0,21029.0,21031.0
1748210906469.0,21029.2,21031.2
1748210906591.0,21029.0,21031.0
1748210906967.0,21033.9,21035.9
1748210907795.0,21034.0,21036.0
1748210907953.0,21034.1,21036.1
1748210908001.0,21034.0,21036.0
1748210908271.0,21033.9,21035.9
1748210908321.0,21034.0,21036.0
1748210908520.0,21034.7,21036.7
1748210908569.0,21033.9,21035.9
1748210908732.0,21035.7,21037.7
1748210908882.0,21034.7,21036.7
1748210908963.0,21034.5,21036.5
1748210909234.0,21034.6,21036.6
1748210909355.0,21035.6,21037.6
1748210909405.0,21036.5,21038.5
1748210909860,,
1748210909911.0,21037.1,21039.1
1748210910149,,
1748210910273.0,21037.4,21039.4
1748210910499.0,21037.5,21039.5
1748210910549.0,21037.1,21039.1
1748210910737.0,21037.1,21039.1
1748210911099,,
1748210911237.0,21037.0,21039.0
1748210911437.0,21034.4,21036.4
1748210911536.0,21034.9,21036.9
1748210911711.0,21034.4,21036.4
1748210912177.0,21034.5,21036.5
1748210912373.0,21034.4,21036.4
1748210912473.0,21034.4,21036.4
1748210912680.0,21033.6,21035.6
1748210912774.0,21033.7,21035.7
1748210913117.0,21034.9,21036.9
1748210913166.0,21033.6,21035.6
1748210913374.0,21033.9,21035.9
1748210913572,,
1748210913704.0,21034.9,21036.9
1748210913837.0,21034.6,21036.6
1748210914040,,
1748210914091.0,21037.1,21039.1
1748210914543.0,21036.6,21038.6
1748210914592.0,21036.7,21038.7
1748210914867.0,21036.6,21038.6
1748210915002.0,21036.5,21038.5
1748210915317.0,21036.0,21038.0
1748210915527.0,21036.0,21038.0
1748210915615.0,21036.1,21038.1
1748210915819.0,21035.2,21037.2
1748210915895.0,21035.1,21037.1
1748210916133.0,21034.6,21036.6
1748210916183.0,21035.9,21037.9
1748210916431.0,21036.0,21038.0
1748210916573.0,21034.7,21036.7
1748210916761.0,21033.5,21035.5
1748210917162.0,21034.4,21036.4
1748210917350.0,21034.1,21036.1
1748210917522.0,21034.1,21036.1
1748210917598.0,21034.2,21036.2
1748210917790.0,21033.9,21035.9
1748210918380.0,21033.7,21035.7
1748210918559.0,21033.9,21035.9
1748210918862.0,21034.0,21036.0
1748210918963.0,21033.6,21035.6
1748210919343.0,21031.5,21033.5
1748210919577.0,21031.2,21033.2
1748210919997.0,21033.0,21035.0
1748210920225,,
1748210920252.0,21029.5,21031.5
1748210920478.0,21029.2,21031.2
1748210920864.0,21028.9,21030.9
1748210920949.0,21029.0,21031.0
1748210921168.0,21028.9,21030.9
1748210921219.0,21029.2,21031.2
1748210921445.0,21029.1,21031.1
1748210921545.0,21026.1,21028.1
1748210921805.0,21026.5,21028.5
1748210921905.0,21025.5,21027.5
1748210922005.0,21025.0,21027.0
1748210922320.0,21025.2,21027.2
1748210922487.0,21025.4,21027.4
1748210922697.0,21023.2,21025.2
1748210922828.0,21019.9,21021.9
1748210923034.0,21020.0,21022.0
1748210923084.0,21018.7,21020.7
1748210923312.0,21019.1,21021.1
1748210923583.0,21019.4,21021.4
1748210923831.0,21019.5,21021.5
1748210923980.0,21018.0,21020.0
1748210924030.0,21017.4,21019.4
1748210924225.0,21016.5,21018.5
1748210924426.0,21016.1,21018.1
1748210924565.0,21017.1,21019.1
1748210924739.0,21015.9,21017.9
1748210925022.0,21018.0,21020.0
1748210925236.0,21021.6,21023.6
1748210925360.0,21019.2,21021.2
1748210925570.0,21018.4,21020.4
1748210925851.0,21018.1,21020.1
1748210925996,,
1748210926197.0,21016.2,21018.2
1748210926589.0,21017.0,21019.0
1748210926828.0,21016.4,21018.4
1748210927408.0,21013.7,21015.7
1748210927689.0,21036.0,21038.0
1748210927855.0,21035.9,21037.9
1748210927934.0,21033.5,21035.5
1748210928379.0,21035.7,21037.7
1748210928495,,
1748210928595.0,21035.7,21037.7
1748210928793.0,21035.5,21037.5
1748210929000.0,21035.2,21037.2
1748210929259.0,21035.1,21037.1
1748210929426,,
1748210929639.0,21033.7,21035.7
1748210929690.0,21033.0,21035.0
1748210929908.0,21032.9,21034.9
1748210930009.0,21035.7,21037.7
1748210930334.0,21034.5,21036.5
1748210930589.0,21034.4,21036.4
1748210930637.0,21033.7,21035.7
1748210930888.0,21035.4,21037.4
1748210930987.0,21033.9,21035.9
1748210931491.0,21034.0,21036.0
1748210931539.0,21034.1,21036.1
1748210931807,,
1748210931859.0,21031.4,21033.4
1748210932116.0,21026.2,21028.2
1748210932383.0,21029.6,21031.6
1748210932556.0,21029.7,21031.7
1748210932751.0,21033.4,21035.4
1748210932880.0,21032.7,21034.7
1748210933060.0,21030.2,21032.2
1748210933154.0,21029.0,21031.0
1748210933280.0,21028.7,21030.7
1748210933620.0,21033.1,21035.1
1748210933822.0,21033.2,21035.2
1748210933854.0,21033.1,21035.1
1748210934113.0,21033.1,21035.1
1748210934395.0,21033.2,21035.2
1748210934445.0,21033.1,21035.1
1748210934657.0,21032.9,21034.9
1748210935612.0,21032.6,21034.6
1748210935841.0,21031.7,21033.7
1748210936635.0,21031.6,21033.6
1748210936872.0,21029.2,21031.2
1748210936953.0,21029.0,21031.0
1748210937241.0,21028.9,21030.9
1748210937383.0,21021.9,21023.9
1748210937524.0,21021.6,21023.6
1748210937712.0,21023.0,21025.0
1748210937960,,
1748210938062.0,21021.1,21023.1
1748210938384.0,21020.6,21022.6
1748210938718.0,21020.7,21022.7
1748210938816.0,21020.4,21022.4
1748210939050.0,21020.9,21022.9
1748210939171.0,21020.7,21022.7
1748210939322.0,21019.2,21021.2
1748210939708,,
1748210939740.0,21020.1,21022.1
1748210940328,,
1748210940378.0,21021.4,21023.4
1748210940616.0,21021.1,21023.1
1748210940665.0,21021.0,21023.0
1748210940919.0,21020.7,21022.7
1748210940967.0,21021.4,21023.4
1748210941109.0,21021.2,21023.2
1748210941548.0,21020.6,21022.6
1748210941675,,
1748210941725.0,21019.6,21021.6
1748210941958.0,21019.5,21021.5
1748210942198.0,21019.0,21021.0
1748210942226.0,21018.7,21020.7
1748210942495.0,21018.1,21020.1
1748210942619.0,21018.0,21020.0
1748210942767.0,21015.9,21017.9
1748210942916.0,21015.7,21017.7
1748210943085.0,21011.1,21013.1
1748210943181,,
1748210943464.0,21010.2,21012.2
1748210943790.0,21011.1,21013.1
1748210943881.0,21011.0,21013.0
1748210944074.0,21010.0,21012.0
1748210944124.0,21009.9,21011.9
1748210944306.0,21009.7,21011.7
1748210944514,,
1748210944733.0,21011.0,21013.0
1748210944781.0,21011.1,21013.1
1748210944947.0,21012.9,21014.9
1748210945122.0,21012.7,21014.7
1748210945364.0,21012.2,21014.2
1748210945412,,
1748210945601.0,21015.6,21017.6
1748210945716.0,21014.7,21016.7
1748210946606,,
1748210946655.0,21014.9,21016.9
1748210946757.0,21014.7,21016.7
1748210947034.0,21014.6,21016.6
1748210947085.0,21014.7,21016.7
1748210947527.0,21014.6,21016.6
1748210947577.0,21014.7,21016.7
1748210947830.0,21013.0,21015.0
1748210947948.0,21013.0,21015.0
1748210948139.0,21014.5,21016.5
1748210948415.0,21013.2,21015.2
1748210948568.0,21009.2,21011.2
1748210948796.0,21010.1,21012.1
1748210948858.0,21010.2,21012.2
1748210949153.0,21010.9,21012.9
1748210949428.0,21011.0,21013.0
1748210950026.0,21011.4,21013.4
1748210950140.0,21011.6,21013.6
1748210950300.0,21012.2,21014.2
1748210950811.0,21012.0,21014.0
1748210950978.0,21011.6,21013.6
1748210951086.0,21012.1,21014.1
1748210951135.0,21012.2,21014.2
1748210951731.0,21012.4,21014.4
1748210951781.0,21012.6,21014.6
1748210952025.0,21014.0,21016.0
1748210952264.0,21012.7,21014.7
1748210952362.0,21011.5,21013.5
1748210952550.0,21011.9,21013.9
1748210952668.0,21016.6,21018.6
1748210953488.0,21014.0,21016.0
1748210953626.0,21013.4,21015.4
1748210953735.0,21013.6,21015.6
1748210953900.0,21012.6,21014.6
1748210954096.0,21013.6,21015.6
1748210954651.0,21013.5,21015.5
1748210954701.0,21013.2,21015.2
1748210955638,,
1748210955688.0,21012.6,21014.6
1748210956213.0,21012.2,21014.2
1748210956872.0,21012.1,21014.1
1748210956970.0,21009.2,21011.2
1748210957586.0,21008.1,21010.1
1748210958485,,
1748210958572.0,21006.9,21008.9
1748210958835,,
1748210958886.0,21007.1,21009.1
1748210959339.0,21006.7,21008.7
1748210959595.0,21005.6,21007.6
1748210959917,,
1748210960174.0,21006.5,21008.5
1748210960210.0,21006.6,21008.6
1748210960439.0,21006.4,21008.4
1748210960663.0,21006.0,21008.0
1748210960719.0,21005.9,21007.9
1748210960942.0,21005.5,21007.5
1748210960990.0,21006.1,21008.1
1748210961690.0,21006.6,21008.6
1748210961921.0,21007.1,21009.1
1748210962056.0,21007.0,21009.0
1748210962258.0,21006.6,21008.6
1748210962336.0,21005.6,21007.6
1748210962815.0,21009.0,21011.0
1748210963048.0,21009.7,21011.7
1748210963126.0,21010.6,21012.6
1748210964328,,
1748210964532.0,21015.2,21017.2
1748210964841.0,21014.7,21016.7
1748210965371.0,21014.9,21016.9
1748210965570.0,21015.2,21017.2
1748210965875.0,21015.4,21017.4
1748210966132.0,21017.4,21019.4
1748210966441.0,21016.4,21018.4
1748210966922.0,21016.9,21018.9
1748210967394.0,21016.4,21018.4
1748210967696.0,21016.7,21018.7
1748210968254.0,21016.6,21018.6
1748210968476.0,21016.5,21018.5
1748210968785.0,21016.0,21018.0
1748210968834.0,21016.1,21018.1
1748210969092.0,21016.4,21018.4
1748210969333.0,21016.9,21018.9
1748210969543.0,21017.2,21019.2
1748210970596.0,21015.7,21017.7
1748210970645.0,21015.6,21017.6
1748210970804.0,21015.4,21017.4
1748210971113.0,21015.0,21017.0
1748210971330.0,21014.6,21016.6
1748210972197.0,21014.5,21016.5
1748210972245.0,21014.4,21016.4
1748210973047.0,21014.9,21016.9
1748210973335.0,21015.0,21017.0
1748210973361.0,21013.7,21015.7
1748210973588.0,21013.6,21015.6
1748210974510.0,21018.9,21020.9
1748210974618.0,21018.6,21020.6
1748210975154.0,21020.2,21022.2
1748210975506.0,21021.1,21023.1
1748210975858.0,21026.4,21028.4
1748210975956.0,21030.5,21032.5
1748210976042.0,21030.4,21032.4
1748210976201.0,21030.5,21032.5
1748210976572.0,21031.0,21033.0
1748210976764.0,21031.4,21033.4
1748210976914.0,21031.0,21033.0
1748210976965.0,21033.6,21035.6
1748210977198.0,21033.7,21035.7
1748210977249.0,21034.5,21036.5
1748210977707.0,21033.2,21035.2
1748210977824,,
1748210978003.0,21032.9,21034.9
1748210978291.0,21032.9,21034.9
1748210978449.0,21035.1,21037.1
1748210978549.0,21034.5,21036.5
1748210978776.0,21033.2,21035.2
1748210978961.0,21035.0,21037.0
1748210979549.0,21034.4,21036.4
1748210979921.0,21033.9,21035.9
1748210980020.0,21034.5,21036.5
1748210980234.0,21033.2,21035.2
1748210980315.0,21030.0,21032.0
1748210980472.0,21029.5,21031.5
1748210980881.0,21028.7,21030.7
1748210981183.0,21028.9,21030.9
1748210981232.0,21028.7,21030.7
1748210981824.0,21026.6,21028.6
1748210981924.0,21027.7,21029.7
1748210982417.0,21025.0,21027.0
1748210982524.0,21027.2,21029.2
1748210982574.0,21027.1,21029.1
1748210982881.0,21027.4,21029.4
1748210982997.0,21027.5,21029.5
1748210983183.0,21027.4,21029.4
1748210983233.0,21028.4,21030.4
1748210983459.0,21028.6,21030.6
1748210983687.0,21029.4,21031.4
1748210983816.0,21028.9,21030.9
1748210983887.0,21027.4,21029.4
1748210984098.0,21028.5,21030.5
1748210984327.0,21028.6,21030.6
1748210984375.0,21029.0,21031.0
1748210984571.0,21028.9,21030.9
1748210985231.0,21028.2,21030.2
1748210985373.0,21028.5,21030.5
1748210985539.0,21029.9,21031.9
1748210985672.0,21029.7,21031.7
1748210985897.0,21029.4,21031.4
1748210985980.0,21029.2,21031.2
1748210986217.0,21026.4,21028.4
1748210986508.0,21026.2,21028.2
1748210986557.0,21026.4,21028.4
1748210986852.0,21026.2,21028.2
1748210986902.0,21026.0,21028.0
1748210987103.0,21026.6,21028.6
1748210987463,,
1748210987589.0,21028.6,21030.6
1748210987765,,
1748210987866.0,21028.9,21030.9
1748210987987.0,21028.7,21030.7
1748210989615.0,21030.1,21032.1
1748210989917.0,21029.1,21031.1
1748210990082.0,21029.2,21031.2
1748210990170.0,21028.2,21030.2
1748210990404.0,21028.0,21030.0
1748210990614.0,21027.5,21029.5
1748210990681.0,21027.6,21029.6
1748210991248.0,21027.6,21029.6
1748210991865.0,21028.0,21030.0
1748210992184.0,21027.7,21029.7
1748210992265.0,21027.9,21029.9
1748210992886.0,21027.7,21029.7
1748210993038.0,21028.2,21030.2
1748210993231.0,21028.6,21030.6
1748210993280.0,21029.4,21031.4
1748210994067,,
1748210994117.0,21032.9,21034.9
1748210994358.0,21033.0,21035.0
1748210994407.0,21033.4,21035.4
1748210994633.0,21032.0,21034.0
1748210994799.0,21032.1,21034.1
1748210994849.0,21031.6,21033.6
1748210995306.0,21033.5,21035.5
1748210995354.0,21031.9,21033.9
1748210995951.0,21029.0,21031.0
1748210997101.0,21028.9,21030.9
1748210997148.0,21028.2,21030.2
1748210997201.0,21027.0,21029.0
1748210997250.0,21027.2,21029.2
1748210997706.0,21028.0,21030.0
1748210997820.0,21029.1,21031.1
1748210997870.0,21029.2,21031.2
1748210998334.0,21029.5,21031.5
1748210998385.0,21030.6,21032.6
1748210998927.0,21030.5,21032.5
1748210999087.0,21030.2,21032.2
1748210999848.0,21028.4,21030.4
1748211000175.0,21028.4,21030.4
1748211000346.0,21031.4,21033.4
1748211000401.0,21031.7,21033.7
1748211000938.0,21030.6,21032.6
1748211001169.0,21030.6,21032.6
1748211001256.0,21028.7,21030.7
1748211001409.0,21027.0,21029.0
1748211001866.0,21026.6,21028.6
1748211002216.0,21026.7,21028.7
1748211002413.0,21027.4,21029.4
1748211002540.0,21026.9,21028.9
1748211002742.0,21028.7,21030.7
1748211002834.0,21027.4,21029.4
1748211002963.0,21027.2,21029.2
1748211003330,,
1748211003460.0,21027.7,21029.7
1748211003647.0,21027.9,21029.9
1748211003694.0,21030.1,21032.1
1748211004609.0,21030.1,21032.1
1748211005158.0,21030.6,21032.6
1748211005716.0,21030.7,21032.7
1748211005951.0,21030.6,21032.6
1748211006104.0,21030.5,21032.5
1748211006306.0,21031.0,21033.0
1748211007295,,
1748211007397.0,21033.4,21035.4
1748211007710.0,21033.7,21035.7
1748211008068.0,21033.9,21035.9
1748211008119.0,21035.4,21037.4
1748211008383.0,21036.1,21038.1
1748211008457.0,21037.0,21039.0
1748211008689.0,21038.7,21040.7
1748211008736.0,21040.2,21042.2
1748211008933.0,21041.6,21043.6
1748211009160.0,21041.2,21043.2
1748211009208.0,21041.4,21043.4
1748211009463.0,21041.2,21043.2
1748211009510.0,21041.1,21043.1
1748211009767.0,21041.4,21043.4
1748211010066.0,21040.0,21042.0
1748211010234.0,21041.0,21043.0
1748211010578.0,21040.9,21042.9
1748211010612.0,21039.6,21041.6
1748211010878.0,21039.4,21041.4
1748211011282.0,21039.2,21041.2
1748211011383.0,21039.1,21041.1
1748211012101.0,21036.9,21038.9
1748211012301.0,21037.1,21039.1
1748211012661.0,21037.2,21039.2
1748211012711.0,21038.6,21040.6
1748211013852.0,21038.1,21040.1
1748211014119.0,21038.1,21040.1
1748211015619.0,21038.5,21040.5
1748211015768.0,21031.0,21033.0
1748211016205.0,21030.6,21032.6
1748211016620.0,21028.4,21030.4
1748211017292.0,21026.6,21028.6
1748211017504.0,21031.2,21033.2
1748211017656.0,21031.1,21033.1
1748211017730.0,21030.2,21032.2
1748211018086.0,21030.2,21032.2
1748211018288.0,21028.9,21030.9
1748211018399.0,21029.1,21031.1
1748211018545.0,21031.2,21033.2
1748211018741.0,21031.2,21033.2
1748211019506.0,21032.7,21034.7
1748211019859.0,21032.2,21034.2
1748211020164.0,21032.7,21034.7
1748211020491.0,21033.2,21035.2
1748211020703.0,21034.2,21036.2
1748211020934,,
1748211021082.0,21034.7,21036.7
1748211021278.0,21036.0,21038.0
1748211021402.0,21035.6,21037.6
1748211021750.0,21033.1,21035.1
1748211021867.0,21033.4,21035.4
1748211022051.0,21033.9,21035.9
1748211022101.0,21035.0,21037.0
1748211022466.0,21033.4,21035.4
1748211022690.0,21032.6,21034.6
1748211022818.0,21032.7,21034.7
1748211022892.0,21032.1,21034.1
1748211023439.0,21032.0,21034.0
1748211023486.0,21030.7,21032.7
1748211023788.0,21030.6,21032.6
1748211023836.0,21030.0,21032.0
1748211024429.0,21029.9,21031.9
1748211024476.0,21029.4,21031.4
1748211024900.0,21030.2,21032.2
1748211025252.0,21029.7,21031.7
1748211025298.0,21029.5,21031.5
1748211026257,,
1748211026307.0,21030.4,21032.4
1748211026613.0,21030.2,21032.2
1748211026665.0,21029.9,21031.9
1748211026780.0,21030.0,21032.0
1748211026949.0,21030.6,21032.6
1748211027204.0,21029.9,21031.9
1748211027591,,
1748211027694.0,21028.6,21030.6
1748211028264,,
1748211028351.0,21026.7,21028.7
1748211028512.0,21027.0,21029.0
1748211028658.0,21026.9,21028.9
1748211028856.0,21027.0,21029.0
1748211029177.0,21026.9,21028.9
1748211029225.0,21026.7,21028.7
1748211029278,,
1748211029330.0,21026.1,21028.1
1748211029583,,
1748211029784.0,21026.7,21028.7
1748211030661.0,21026.6,21028.6
1748211030710.0,21026.7,21028.7
1748211031067.0,21026.9,21028.9
1748211031118.0,21027.5,21029.5
1748211031207.0,21027.0,21029.0
1748211031753.0,21026.6,21028.6
1748211031980.0,21027.5,21029.5
1748211032277.0,21027.4,21029.4
1748211032328.0,21025.0,21027.0
1748211032926,,
1748211032976.0,21024.9,21026.9
1748211033221.0,21024.9,21026.9
1748211033272.0,21023.1,21025.1
1748211033515.0,21023.2,21025.2
1748211033790.0,21023.0,21025.0
1748211034170.0,21023.4,21025.4
1748211034219.0,21023.2,21025.2
1748211034378.0,21022.6,21024.6
1748211034651,,
1748211034809.0,21018.7,21020.7
1748211034897,,
1748211034942.0,21018.6,21020.6
1748211035416.0,21018.5,21020.5
1748211035466.0,21018.6,21020.6
1748211035703.0,21018.9,21020.9
1748211036085.0,21018.7,21020.7
1748211036174.0,21018.5,21020.5
1748211036372.0,21018.5,21020.5
1748211036695.0,21018.4,21020.4
1748211036743.0,21017.9,21019.9
1748211037018.0,21019.4,21021.4
1748211037068.0,21019.0,21021.0
1748211037332,,
1748211037440.0,21018.2,21020.2
1748211037611.0,21017.0,21019.0
1748211037752.0,21017.1,21019.1
1748211037802.0,21017.4,21019.4
1748211038551.0,21018.9,21020.9
1748211038640.0,21017.7,21019.7
1748211039718.0,21018.0,21020.0
1748211039770.0,21018.6,21020.6
1748211039963.0,21018.7,21020.7
1748211040074.0,21019.1,21021.1
1748211040167.0,21018.4,21020.4
1748211040525.0,21019.0,21021.0
1748211041227.0,21018.9,21020.9
1748211041603.0,21019.2,21021.2
1748211041706.0,21019.1,21021.1
1748211041756.0,21018.9,21020.9
1748211042243.0,21019.0,21021.0
1748211042290.0,21019.1,21021.1
1748211042501.0,21018.6,21020.6
1748211043018.0,21019.1,21021.1
1748211043315.0,21018.7,21020.7
1748211043832.0,21018.0,21020.0
1748211044025.0,21017.7,21019.7
1748211044187.0,21017.5,21019.5
1748211044432.0,21017.6,21019.6
1748211044828.0,21017.5,21019.5
1748211045029.0,21019.2,21021.2
1748211045140.0,21018.5,21020.5
1748211045346.0,21018.9,21020.9
1748211045388.0,21021.9,21023.9
1748211045667.0,21022.7,21024.7
1748211045771.0,21020.4,21022.4
1748211045965.0,21024.4,21026.4
1748211046131.0,21024.9,21026.9
1748211046390.0,21025.0,21027.0
1748211046439.0,21027.9,21029.9
1748211046669.0,21027.7,21029.7
1748211046719.0,21027.5,21029.5
1748211047187.0,21026.5,21028.5
1748211047300,,
1748211047564.0,21028.5,21030.5
1748211048160.0,21025.0,21027.0
1748211048258.0,21025.1,21027.1
1748211048310.0,21025.5,21027.5
1748211049121.0,21024.7,21026.7
1748211049586.0,21024.6,21026.6
1748211049632.0,21024.2,21026.2
1748211050056.0,21023.9,21025.9
1748211050141.0,21023.2,21025.2
1748211050304.0,21022.4,21024.4
1748211050451.0,21022.2,21024.2
1748211050686.0,21021.7,21023.7
1748211050734.0,21020.1,21022.1
1748211051276.0,21019.4,21021.4
1748211051940.0,21019.2,21021.2
1748211051988.0,21019.1,21021.1
1748211052235.0,21018.5,21020.5
1748211052746.0,21018.4,21020.4
1748211052867.0,21019.1,21021.1
1748211052918.0,21018.9,21020.9
1748211053155.0,21018.6,21020.6
1748211053451.0,21018.6,21020.6
1748211053956.0,21018.5,21020.5
1748211054143.0,21017.7,21019.7
1748211054239.0,21017.9,21019.9
1748211054659.0,21017.6,21019.6
1748211054950.0,21017.7,21019.7
1748211055467.0,21017.0,21019.0
1748211056263.0,21016.9,21018.9
1748211056887.0,21017.4,21019.4
1748211057286,,
1748211058245.0,21017.2,21019.2
1748211058295.0,21015.7,21017.7
1748211058427.0,21015.5,21017.5
1748211058916,,
1748211058968.0,21015.0,21017.0
1748211059398.0,21015.0,21017.0
1748211060052.0,21014.7,21016.7
1748211060393.0,21015.0,21017.0
1748211060441.0,21014.7,21016.7
1748211061409.0,21014.6,21016.6
1748211061723.0,21014.5,21016.5
1748211061772.0,21014.4,21016.4
1748211062536.0,21012.6,21014.6
1748211063129.0,21012.1,21014.1
1748211063393.0,21011.6,21013.6
1748211065000,,
1748211065464.0,21010.6,21012.6
1748211066780.0,21010.5,21012.5
1748211066956.0,21009.9,21011.9
1748211067250.0,21010.0,21012.0
1748211067614,,
1748211067665.0,21010.1,21012.1
1748211067925.0,21012.9,21014.9
1748211068074.0,21011.6,21013.6
1748211068225.0,21011.5,21013.5
1748211068373.0,21011.9,21013.9
1748211068416.0,21011.7,21013.7
1748211069826.0,21011.6,21013.6
1748211069868.0,21010.7,21012.7
1748211070587.0,21010.2,21012.2
1748211070942.0,21010.1,21012.1
1748211071224.0,21010.2,21012.2
1748211071366.0,21009.5,21011.5
1748211071440.0,21009.2,21011.2
1748211071958.0,21009.5,21011.5
1748211072252.0,21009.4,21011.4
1748211072654.0,21009.5,21011.5
1748211072975.0,21013.5,21015.5
1748211073260.0,21013.4,21015.4
1748211073359.0,21014.0,21016.0
1748211073573.0,21013.5,21015.5
1748211073720.0,21013.0,21015.0
1748211073848.0,21012.2,21014.2
1748211074169.0,21012.1,21014.1
1748211074257.0,21011.2,21013.2
1748211075241.0,21011.9,21013.9
1748211075368.0,21011.0,21013.0
1748211075804.0,21011.5,21013.5
1748211076578.0,21011.6,21013.6
1748211076706.0,21012.6,21014.6
1748211077446.0,21012.5,21014.5
1748211077643.0,21009.6,21011.6
1748211077791.0,21010.2,21012.2
1748211078425.0,21010.1,21012.1
1748211078903.0,21010.0,21012.0
1748211079275.0,21010.9,21012.9
1748211079740.0,21010.6,21012.6
1748211079874.0,21010.9,21012.9
1748211080415.0,21010.7,21012.7
1748211080465.0,21010.6,21012.6
1748211080810.0,21011.0,21013.0
1748211081401.0,21010.9,21012.9
1748211081486.0,21010.4,21012.4
1748211082877.0,21010.5,21012.5
1748211082924.0,21010.6,21012.6
1748211083024.0,21012.7,21014.7
1748211083164.0,21012.4,21014.4
1748211083702.0,21013.2,21015.2
1748211083875.0,21012.9,21014.9
1748211084055.0,21012.4,21014.4
1748211084266.0,21012.6,21014.6
1748211084841,,
1748211084891.0,21013.6,21015.6
1748211085160.0,21013.0,21015.0
1748211085359.0,21012.6,21014.6
1748211085731.0,21012.5,21014.5
1748211086506.0,21011.9,21013.9
1748211086807.0,21011.6,21013.6
1748211086965,,
1748211087016.0,21011.9,21013.9
1748211087715.0,21012.1,21014.1
1748211087933.0,21011.9,21013.9
1748211088069.0,21012.1,21014.1
1748211091271,,
1748211091321.0,21009.9,21011.9
1748211092008,,
1748211092207.0,21009.4,21011.4
1748211092404,,
1748211092573.0,21008.6,21010.6
1748211093304.0,21008.7,21010.7
1748211093555.0,21008.6,21010.6
1748211094228.0,21008.7,21010.7
1748211094437.0,21008.9,21010.9
1748211094499.0,21009.0,21011.0
1748211094778.0,21009.1,21011.1
1748211094997.0,21010.0,21012.0
1748211095507.0,21011.2,21013.2
1748211095803.0,21011.0,21013.0
1748211096797.0,21011.1,21013.1
1748211096880.0,21011.5,21013.5
1748211097101.0,21011.6,21013.6
1748211097126.0,21011.9,21013.9
1748211097401.0,21011.9,21013.9
1748211097513.0,21011.9,21013.9
1748211097717.0,21011.6,21013.6
1748211098111.0,21011.4,21013.4
1748211098161.0,21011.5,21013.5
1748211098864,,
1748211098916.0,21011.4,21013.4
1748211100096,,
1748211100178.0,21013.2,21015.2
1748211100414.0,21013.4,21015.4
1748211100616.0,21013.2,21015.2
1748211100810.0,21013.4,21015.4
1748211101119.0,21020.4,21022.4
1748211101168.0,21019.1,21021.1
1748211102479.0,21018.5,21020.5
1748211102567.0,21018.1,21020.1
1748211103433.0,21017.6,21019.6
1748211103507.0,21017.7,21019.7
1748211103701.0,21019.5,21021.5
1748211103817.0,21019.2,21021.2
1748211104029.0,21018.7,21020.7
1748211104194.0,21018.6,21020.6
1748211105288.0,21018.5,21020.5
1748211105789.0,21018.4,21020.4
1748211105937.0,21014.2,21016.2
1748211106206.0,21013.9,21015.9
1748211107847.0,21013.6,21015.6
1748211107928.0,21014.1,21016.1
1748211108306.0,21011.9,21013.9
1748211108452.0,21012.9,21014.9
1748211108584.0,21010.6,21012.6
1748211108934.0,21010.5,21012.5
1748211108982.0,21010.6,21012.6
1748211110162.0,21011.1,21013.1
1748211110246.0,21012.6,21014.6
1748211110936.0,21012.7,21014.7
1748211111256.0,21012.9,21014.9
1748211111302.0,21013.1,21015.1
1748211112485.0,21014.4,21016.4
1748211112533.0,21013.0,21015.0
1748211112599,,
1748211112686.0,21012.7,21014.7
1748211113472.0,21012.9,21014.9
1748211113519.0,21013.1,21015.1
1748211113773,,
1748211113986.0,21012.7,21014.7
1748211114507.0,21012.6,21014.6
1748211114555.0,21011.4,21013.4
1748211114657.0,21012.4,21014.4
1748211117355,,
1748211117441.0,21011.5,21013.5
1748211117731.0,21011.4,21013.4
1748211117858.0,21011.0,21013.0
1748211118141.0,21012.6,21014.6
1748211118235.0,21012.1,21014.1
1748211119427.0,21012.0,21014.0
1748211119685.0,21011.5,21013.5
1748211119770.0,21011.6,21013.6
1748211119894.0,21010.9,21012.9
1748211120327.0,21011.0,21013.0
1748211120447.0,21010.9,21012.9
1748211120750.0,21010.7,21012.7
1748211122052.0,21010.7,21012.7
1748211122708.0,21010.6,21012.6
1748211122874,,
1748211123028.0,21008.7,21010.7
1748211123111.0,21008.5,21010.5
1748211123816.0,21008.6,21010.6
1748211123889.0,21008.7,21010.7
1748211124812.0,21009.4,21011.4
1748211125094.0,21009.1,21011.1
1748211125314.0,21009.2,21011.2
1748211125422.0,21009.4,21011.4
1748211125854.0,21009.1,21011.1
1748211126016.0,21016.7,21018.7
1748211126395.0,21017.0,21019.0
1748211126695.0,21017.4,21019.4
1748211126719.0,21019.6,21021.6
1748211127484.0,21019.7,21021.7
1748211127531.0,21019.9,21021.9
1748211128232.0,21020.7,21022.7
1748211128690.0,21020.6,21022.6
1748211129543.0,21020.5,21022.5
1748211129590.0,21020.4,21022.4
1748211129644.0,21020.2,21022.2
1748211129828.0,21019.6,21021.6
1748211130117.0,21019.1,21021.1
1748211130166.0,21019.5,21021.5
1748211130364.0,21019.1,21021.1
1748211130414.0,21018.7,21020.7
1748211130990.0,21018.9,21020.9
1748211131039.0,21019.4,21021.4
1748211132372.0,21019.2,21021.2
1748211132421.0,21019.0,21021.0
1748211133169.0,21018.9,21020.9
1748211133629.0,21019.1,21021.1
1748211133946.0,21019.0,21021.0
1748211133996.0,21018.5,21020.5
1748211134233.0,21016.7,21018.7
1748211134384.0,21017.7,21019.7
1748211134944.0,21018.1,21020.1
1748211135131.0,21018.5,21020.5
1748211136205.0,21018.6,21020.6
1748211136251.0,21018.7,21020.7
1748211136754.0,21018.6,21020.6
1748211138257.0,21018.1,21020.1
1748211138689.0,21018.0,21020.0
1748211138815,,
1748211138868.0,21016.0,21018.0
1748211139108.0,21023.6,21025.6
1748211139311.0,21025.4,21027.4
1748211139440.0,21025.5,21027.5
1748211139490.0,21025.9,21027.9
1748211139762.0,21026.4,21028.4
1748211139890.0,21025.5,21027.5
1748211140058.0,21025.6,21027.6
1748211140143.0,21025.7,21027.7
1748211140420.0,21025.5,21027.5
1748211140845.0,21025.4,21027.4
1748211141550.0,21025.2,21027.2
1748211141855.0,21025.1,21027.1
1748211142103.0,21023.7,21025.7
1748211142154.0,21023.4,21025.4
1748211142203.0,21023.9,21025.9
1748211142623.0,21024.0,21026.0
1748211142672.0,21024.9,21026.9
1748211142869.0,21024.4,21026.4
1748211143125.0,21024.7,21026.7
1748211143405.0,21024.6,21026.6
1748211143681.0,21024.7,21026.7
1748211143729.0,21024.6,21026.6
1748211143831.0,21027.1,21029.1
1748211144233.0,21026.5,21028.5
1748211144470.0,21026.0,21028.0
1748211144702.0,21026.0,21028.0
1748211145587,,
1748211146311.0,21026.1,21028.1
1748211146581.0,21026.2,21028.2
1748211146688.0,21026.7,21028.7
1748211147051.0,21026.9,21028.9
1748211147673.0,21027.0,21029.0
1748211147722.0,21027.1,21029.1
1748211148157.0,21027.4,21029.4
1748211148452.0,21027.1,21029.1
1748211148749.0,21027.0,21029.0
1748211148796.0,21026.9,21028.9
1748211148921.0,21027.5,21029.5
1748211149259,,
1748211149374.0,21026.9,21028.9
1748211149795.0,21026.9,21028.9
1748211149995.0,21026.6,21028.6
1748211150095.0,21026.5,21028.5
1748211150146.0,21026.1,21028.1
1748211150871,,
1748211150922.0,21025.4,21027.4
1748211151004.0,21025.5,21027.5
1748211151128.0,21026.7,21028.7
1748211151292.0,21026.7,21028.7
1748211151469.0,21026.9,21028.9
1748211151759.0,21026.5,21028.5
1748211151959.0,21026.4,21028.4
1748211152133.0,21024.1,21026.1
1748211152762.0,21024.2,21026.2
1748211153300.0,21024.1,21026.1
1748211153349.0,21024.0,21026.0
1748211153576.0,21027.4,21029.4
1748211153652.0,21027.7,21029.7
1748211153896.0,21027.6,21029.6
1748211153976.0,21027.5,21029.5
1748211154828,,
1748211155339.0,21027.5,21029.5
1748211155450.0,21027.5,21029.5
1748211156081.0,21027.6,21029.6
1748211156562.0,21027.9,21029.9
1748211156637.0,21028.0,21030.0
1748211156793.0,21027.7,21029.7
1748211157118.0,21027.6,21029.6
1748211157167.0,21027.9,21029.9
1748211157269.0,21028.0,21030.0
1748211157645.0,21028.5,21030.5
1748211157850.0,21028.6,21030.6
1748211158200.0,21029.2,21031.2
1748211158280.0,21029.4,21031.4
1748211158455.0,21029.5,21031.5
1748211158514.0,21029.5,21031.5
1748211158715.0,21042.5,21044.5
1748211158964.0,21046.5,21048.5
1748211159038.0,21046.4,21048.4
1748211159239.0,21043.6,21045.6
1748211159289.0,21044.1,21046.1
1748211159630.0,21044.4,21046.4
1748211159832.0,21044.2,21046.2
1748211159983.0,21040.5,21042.5
1748211160293,,
1748211160345.0,21043.7,21045.7
1748211160549.0,21042.6,21044.6
1748211160854.0,21041.1,21043.1
1748211160943.0,21041.0,21043.0
1748211161098.0,21041.1,21043.1
1748211161392.0,21043.0,21045.0
1748211161442.0,21042.5,21044.5
1748211161716.0,21042.6,21044.6
1748211161949.0,21042.7,21044.7
1748211162049.0,21043.1,21045.1
1748211162242.0,21042.1,21044.1
1748211162430.0,21040.7,21042.7
1748211162677.0,21043.4,21045.4
1748211162724.0,21043.0,21045.0
1748211162969.0,21041.6,21043.6
1748211163142.0,21041.2,21043.2
1748211163330.0,21040.9,21042.9
1748211163763.0,21040.4,21042.4
1748211164221.0,21040.6,21042.6
1748211164269.0,21040.4,21042.4
1748211164572.0,21040.5,21042.5
1748211164656.0,21041.9,21043.9
1748211164867.0,21041.7,21043.7
1748211165047.0,21041.5,21043.5
1748211165343.0,21040.7,21042.7
1748211165392.0,21040.4,21042.4
1748211165886.0,21038.5,21040.5
1748211165936.0,21039.9,21041.9
1748211166119.0,21041.5,21043.5
1748211166409.0,21040.0,21042.0
1748211166691.0,21039.9,21041.9
1748211166742.0,21038.9,21040.9
1748211166962.0,21039.4,21041.4
1748211167115.0,21040.5,21042.5
1748211167750,,
1748211167800.0,21041.1,21043.1
1748211167903.0,21040.6,21042.6
1748211168355.0,21040.7,21042.7
1748211168405.0,21040.9,21042.9
1748211168537.0,21041.1,21043.1
1748211169269.0,21041.0,21043.0
1748211169318.0,21040.6,21042.6
1748211169575.0,21041.1,21043.1
1748211169672.0,21041.0,21043.0
1748211169781.0,21038.2,21040.2
1748211170009.0,21040.6,21042.6
1748211170205.0,21040.0,21042.0
1748211170330.0,21040.2,21042.2
1748211170381.0,21040.0,21042.0
1748211170628.0,21040.4,21042.4
1748211170721.0,21040.5,21042.5
1748211170932.0,21040.6,21042.6
1748211171083.0,21040.0,21042.0
1748211171308,,
1748211171457.0,21039.5,21041.5
1748211171752.0,21040.0,21042.0
1748211171925.0,21040.0,21042.0
1748211172066.0,21040.1,21042.1
1748211172115.0,21040.2,21042.2
1748211172462.0,21040.4,21042.4
1748211172545.0,21041.6,21043.6
1748211172635.0,21041.4,21043.4
1748211173255.0,21041.5,21043.5
1748211173303.0,21041.7,21043.7
1748211173403.0,21042.4,21044.4
1748211174070,,
1748211174170.0,21042.2,21044.2
1748211174767.0,21042.4,21044.4
1748211174819.0,21044.7,21046.7
1748211175092.0,21044.6,21046.6
1748211175291.0,21043.0,21045.0
1748211175422.0,21042.9,21044.9
1748211175670.0,21043.0,21045.0
1748211175962.0,21042.6,21044.6
1748211176068.0,21043.4,21045.4
1748211176369.0,21043.2,21045.2
1748211176614,,
1748211176664.0,21042.6,21044.6
1748211176775,,
1748211176994.0,21044.1,21046.1
1748211177256.0,21043.7,21045.7
1748211177304.0,21043.5,21045.5
1748211177639.0,21042.7,21044.7
1748211177977.0,21042.9,21044.9
1748211178512.0,21043.6,21045.6
1748211178570.0,21043.7,21045.7
1748211178781.0,21044.9,21046.9
1748211178889.0,21045.2,21047.2
1748211179121.0,21043.0,21045.0
1748211179170.0,21042.9,21044.9
1748211179432.0,21043.1,21045.1
1748211179618.0,21042.9,21044.9
1748211180100.0,21043.0,21045.0
1748211180150.0,21043.2,21045.2
1748211180382.0,21044.9,21046.9
1748211180419.0,21045.2,21047.2
1748211180863.0,21044.9,21046.9
1748211181270.0,21044.1,21046.1
1748211181386.0,21044.2,21046.2
1748211181437.0,21044.7,21046.7
1748211181745.0,21044.6,21046.6
1748211181945.0,21044.9,21046.9
1748211182245.0,21045.0,21047.0
1748211182500.0,21045.1,21047.1
1748211182550.0,21045.4,21047.4
1748211182601.0,21044.7,21046.7
1748211182896.0,21044.6,21046.6
1748211182945.0,21045.1,21047.1
1748211183202.0,21045.0,21047.0
1748211183250.0,21044.7,21046.7
1748211183677.0,21044.6,21046.6
1748211183763.0,21044.0,21046.0
1748211183973.0,21043.0,21045.0
1748211184139.0,21043.7,21045.7
1748211184219.0,21046.4,21048.4
1748211184476.0,21046.5,21048.5
1748211184654.0,21048.5,21050.5
1748211184774.0,21048.9,21050.9
1748211185006.0,21048.6,21050.6
1748211185057.0,21048.1,21050.1
1748211185277.0,21047.6,21049.6
1748211185378.0,21047.2,21049.2
1748211185483.0,21047.2,21049.2
1748211185697.0,21047.1,21049.1
1748211185745.0,21045.1,21047.1
1748211186265.0,21044.1,21046.1
1748211186314.0,21046.4,21048.4
1748211186571.0,21047.0,21049.0
1748211186675.0,21046.2,21048.2
1748211186774.0,21046.1,21048.1
1748211186998,,
1748211187219.0,21046.4,21048.4
1748211187266.0,21047.6,21049.6
1748211187433.0,21048.9,21050.9
1748211187612.0,21048.6,21050.6
1748211187834.0,21048.6,21050.6
1748211187884.0,21048.4,21050.4
1748211188173.0,21048.5,21050.5
1748211188271.0,21048.7,21050.7
1748211188564.0,21048.4,21050.4
1748211188767.0,21048.5,21050.5
1748211189083.0,21048.5,21050.5
1748211189191.0,21049.4,21051.4
1748211189382.0,21049.0,21051.0
1748211189494,,
1748211189756.0,21049.0,21051.0
1748211190031.0,21048.4,21050.4
1748211190313.0,21050.1,21052.1
1748211190875.0,21050.2,21052.2
1748211190925.0,21050.0,21052.0
1748211191291,,
1748211191495.0,21051.1,21053.1
1748211191543.0,21049.5,21051.5
1748211192094.0,21049.6,21051.6
1748211192195.0,21048.6,21050.6
1748211192732.0,21046.4,21048.4
1748211193024.0,21047.0,21049.0
1748211193689.0,21046.2,21048.2
1748211193879.0,21046.1,21048.1
1748211193928.0,21046.4,21048.4
1748211194050,,
1748211194308.0,21049.0,21051.0
1748211194357.0,21049.4,21051.4
1748211194639.0,21048.0,21050.0
1748211194863.0,21048.2,21050.2
1748211194990.0,21048.4,21050.4
1748211195542.0,21051.4,21053.4
1748211195627.0,21051.2,21053.2
1748211195847.0,21050.5,21052.5
1748211195924,,
1748211196118.0,21049.9,21051.9
1748211196348.0,21050.5,21052.5
1748211196837.0,21050.6,21052.6
1748211197312.0,21051.2,21053.2
1748211197412.0,21057.0,21059.0
1748211197650.0,21056.2,21058.2
1748211197897.0,21056.6,21058.6
1748211198057.0,21057.0,21059.0
1748211198256.0,21056.9,21058.9
1748211198385.0,21057.0,21059.0
1748211198502.0,21058.0,21060.0
1748211198702.0,21058.1,21060.1
1748211198877.0,21055.1,21057.1
1748211198977.0,21054.0,21056.0
1748211199178.0,21052.9,21054.9
1748211199310.0,21052.5,21054.5
1748211199511.0,21052.4,21054.4
1748211199562.0,21052.6,21054.6
1748211199809.0,21058.5,21060.5
1748211199936.0,21058.1,21060.1
1748211200059.0,21056.5,21058.5
1748211200271.0,21056.5,21058.5
1748211200404.0,21056.6,21058.6
1748211200511.0,21056.5,21058.5
1748211200776,,
1748211200879.0,21056.5,21058.5
1748211200979.0,21056.2,21058.2
1748211201397.0,21055.5,21057.5
1748211201446.0,21055.1,21057.1
1748211202020.0,21055.0,21057.0
1748211202141.0,21055.0,21057.0
1748211202293.0,21054.9,21056.9
1748211202376.0,21055.0,21057.0
1748211202588.0,21054.7,21056.7
1748211202859.0,21054.6,21056.6
1748211203284,,
1748211203336.0,21053.9,21055.9
1748211203433,,
1748211203561.0,21054.2,21056.2
1748211203634.0,21054.2,21056.2
1748211203698.0,21054.4,21056.4
1748211203951.0,21054.2,21056.2
1748211204097.0,21055.0,21057.0
1748211204410.0,21054.4,21056.4
1748211204729.0,21053.5,21055.5
1748211204828.0,21054.0,21056.0
1748211205319.0,21053.9,21055.9
1748211205369.0,21053.4,21055.4
1748211205828.0,21053.2,21055.2
1748211206047.0,21053.2,21055.2
1748211206096.0,21053.1,21055.1
1748211206316.0,21054.4,21056.4
1748211206791.0,21054.2,21056.2
1748211207024.0,21054.5,21056.5
1748211207395.0,21054.5,21056.5
1748211207495.0,21054.4,21056.4
1748211207596.0,21054.5,21056.5
1748211207983.0,21054.4,21056.4
1748211208032.0,21054.2,21056.2
1748211208179.0,21054.2,21056.2
1748211208248.0,21054.4,21056.4
1748211208544.0,21054.2,21056.2
1748211208593.0,21054.1,21056.1
1748211208770.0,21054.1,21056.1
1748211209062,,
1748211209153.0,21053.4,21055.4
1748211209391.0,21053.5,21055.5
1748211209442.0,21053.6,21055.6
1748211210123.0,21054.4,21056.4
1748211210173.0,21054.1,21056.1
1748211210620.0,21054.6,21056.6
1748211211430.0,21054.7,21056.7
1748211211477.0,21054.4,21056.4
1748211211976.0,21054.7,21056.7
1748211212221.0,21054.4,21056.4
1748211212470.0,21054.0,21056.0
1748211213057.0,21053.6,21055.6
1748211213103.0,21053.2,21055.2
1748211213303.0,21053.4,21055.4
1748211213376.0,21055.2,21057.2
1748211213688.0,21054.9,21056.9
1748211214371.0,21054.9,21056.9
1748211214649.0,21057.1,21059.1
1748211214698.0,21057.2,21059.2
1748211214841.0,21056.5,21058.5
1748211215164.0,21055.9,21057.9
1748211215360.0,21056.0,21058.0
1748211215731.0,21055.9,21057.9
1748211215992.0,21056.6,21058.6
1748211216205.0,21057.2,21059.2
1748211216500,,
1748211216735.0,21056.7,21058.7
1748211217145.0,21056.9,21058.9
1748211217319.0,21057.6,21059.6
1748211217560.0,21057.2,21059.2
1748211217987.0,21057.1,21059.1
1748211218085.0,21057.5,21059.5
1748211218232.0,21057.4,21059.4
1748211218922.0,21057.2,21059.2
1748211219097.0,21057.4,21059.4
1748211219411.0,21057.6,21059.6
1748211219467.0,21057.5,21059.5
1748211219689.0,21057.4,21059.4
1748211220143.0,21058.4,21060.4
1748211220586.0,21058.2,21060.2
1748211220634.0,21058.1,21060.1
1748211220841.0,21058.2,21060.2
1748211220940.0,21058.7,21060.7
1748211221122.0,21058.7,21060.7
1748211221451.0,21058.5,21060.5
1748211221501.0,21058.6,21060.6
1748211221919.0,21058.5,21060.5
1748211222079.0,21058.6,21060.6
1748211222176.0,21058.7,21060.7
1748211222873.0,21058.5,21060.5
1748211222963.0,21058.0,21060.0
1748211223495.0,21058.0,21060.0
1748211224559,,
1748211224718.0,21058.0,21060.0
1748211224841.0,21058.0,21060.0
1748211225223.0,21057.6,21059.6
1748211225849.0,21057.4,21059.4
1748211226536.0,21057.5,21059.5
1748211227324.0,21057.4,21059.4
1748211227376.0,21057.5,21059.5
1748211227534.0,21057.4,21059.4
1748211227585.0,21057.5,21059.5
1748211227635.0,21057.7,21059.7
1748211228103.0,21057.1,21059.1
1748211228252.0,21057.6,21059.6
1748211229410.0,21057.5,21059.5
1748211229460.0,21057.4,21059.4
1748211229745.0,21057.6,21059.6
1748211229793.0,21057.7,21059.7
1748211230026.0,21058.0,21060.0
1748211230781,,
1748211230831.0,21057.1,21059.1
1748211231290.0,21056.5,21058.5
1748211231654,,
1748211231727.0,21055.4,21057.4
1748211232094,,
1748211232330.0,21053.7,21055.7
1748211232435.0,21053.0,21055.0
1748211232485.0,21053.4,21055.4
1748211232961.0,21053.2,21055.2
1748211233268.0,21052.9,21054.9
1748211233425.0,21053.0,21055.0
1748211233672.0,21053.1,21055.1
1748211234194.0,21053.2,21055.2
1748211234246.0,21054.7,21056.7
1748211234337.0,21054.6,21056.6
1748211234850.0,21055.0,21057.0
1748211235171.0,21055.1,21057.1
1748211235269.0,21055.2,21057.2
1748211235484.0,21055.1,21057.1
1748211235533.0,21055.0,21057.0
1748211235890.0,21054.7,21056.7
1748211236409.0,21054.4,21056.4
1748211236679.0,21054.0,21056.0
1748211237045.0,21054.5,21056.5
1748211237153.0,21054.6,21056.6
1748211237359.0,21055.5,21057.5
1748211237440.0,21055.4,21057.4
1748211237918.0,21055.2,21057.2
1748211237967.0,21054.9,21056.9
1748211238307.0,21054.5,21056.5
1748211238400.0,21054.6,21056.6
1748211238477.0,21055.0,21057.0
1748211238923,,
1748211238971.0,21055.4,21057.4
1748211239239.0,21055.7,21057.7
1748211239345.0,21055.0,21057.0
1748211239548.0,21055.4,21057.4
1748211239599.0,21055.2,21057.2
1748211239781.0,21055.4,21057.4
1748211240166.0,21054.9,21056.9
1748211240409.0,21054.5,21056.5
1748211241094.0,21054.4,21056.4
1748211241142.0,21054.6,21056.6
1748211241192.0,21054.5,21056.5
1748211241514.0,21054.4,21056.4
1748211241688.0,21054.1,21056.1
1748211242039.0,21054.0,21056.0
1748211242688.0,21053.4,21055.4
1748211242788.0,21053.4,21055.4
1748211243001.0,21053.4,21055.4
1748211243098.0,21053.5,21055.5
1748211243316.0,21054.4,21056.4
1748211243535.0,21054.5,21056.5
1748211243585.0,21054.2,21056.2
1748211243757.0,21054.1,21056.1
1748211243919,,
1748211244166,,
1748211244216.0,21054.4,21056.4
1748211244316.0,21054.2,21056.2
1748211244563.0,21054.0,21056.0
1748211244614.0,21050.5,21052.5
1748211244893.0,21049.6,21051.6
1748211245159.0,21050.0,21052.0
1748211245302.0,21049.7,21051.7
1748211245834.0,21048.6,21050.6
1748211246123.0,21049.0,21051.0
1748211246278.0,21049.1,21051.1
1748211246327.0,21049.4,21051.4
1748211246724.0,21049.5,21051.5
1748211246773.0,21049.4,21051.4
1748211246892.0,21049.5,21051.5
1748211247094.0,21050.5,21052.5
1748211247142.0,21050.2,21052.2
1748211247395.0,21050.6,21052.6
1748211247522.0,21050.6,21052.6
1748211247622.0,21051.2,21053.2
1748211247812.0,21051.6,21053.6
1748211248033.0,21050.4,21052.4
1748211248150.0,21048.4,21050.4
1748211248341,,
1748211248439.0,21048.5,21050.5
1748211248579.0,21048.6,21050.6
1748211248766.0,21049.6,21051.6
1748211248939.0,21049.7,21051.7
1748211249404.0,21049.0,21051.0
1748211249553.0,21047.6,21049.6
1748211249715.0,21049.2,21051.2
1748211250202.0,21049.7,21051.7
1748211250852.0,21049.6,21051.6
1748211250903.0,21050.0,21052.0
1748211251059.0,21050.4,21052.4
1748211251265.0,21050.1,21052.1
1748211251313.0,21050.2,21052.2
1748211251588.0,21050.1,21052.1
1748211251661.0,21050.2,21052.2
1748211252021.0,21049.9,21051.9
1748211252418.0,21049.7,21051.7
1748211252468.0,21049.2,21051.2
1748211252951.0,21047.6,21049.6
1748211253799.0,21047.5,21049.5
1748211253967.0,21046.4,21048.4
1748211254078.0,21046.2,21048.2
1748211254298.0,21046.5,21048.5
1748211254425.0,21046.5,21048.5
1748211254607.0,21046.6,21048.6
1748211254657.0,21046.7,21048.7
1748211255546.0,21045.1,21047.1
1748211255596.0,21045.5,21047.5
1748211255865.0,21045.4,21047.4
1748211255913.0,21045.2,21047.2
1748211256228.0,21045.1,21047.1
1748211256275.0,21045.2,21047.2
1748211256326.0,21045.5,21047.5
1748211256822.0,21045.4,21047.4
1748211256870.0,21045.2,21047.2
1748211257121.0,21045.0,21047.0
1748211257173.0,21045.1,21047.1
1748211257365.0,21045.0,21047.0
1748211257490.0,21044.9,21046.9
1748211257680.0,21044.9,21046.9
1748211258695.0,21045.0,21047.0
1748211258779.0,21044.7,21046.7
1748211258991.0,21045.0,21047.0
1748211259063.0,21044.9,21046.9
1748211260509.0,21044.7,21046.7
1748211260837,,
1748211260922.0,21045.0,21047.0
1748211261203,,
1748211261332,,
1748211261368.0,21045.6,21047.6
1748211261713.0,21047.1,21049.1
1748211261933.0,21047.2,21049.2
1748211262013.0,21046.7,21048.7
1748211262246.0,21046.5,21048.5
1748211262419.0,21046.6,21048.6
1748211262568.0,21046.6,21048.6
1748211262625.0,21046.5,21048.5
1748211263428.0,21046.6,21048.6
1748211265482.0,21046.7,21048.7
1748211265556.0,21045.1,21047.1
1748211266008.0,21045.0,21047.0
1748211266055.0,21045.4,21047.4
1748211266303.0,21043.4,21045.4
1748211266504.0,21043.1,21045.1
1748211267514.0,21043.5,21045.5
1748211267852.0,21043.4,21045.4
1748211268141.0,21043.2,21045.2
1748211268194.0,21043.1,21045.1
1748211268673.0,21043.0,21045.0
1748211268861.0,21043.1,21045.1
1748211268908.0,21043.5,21045.5
1748211269480.0,21043.9,21045.9
1748211269709.0,21043.4,21045.4
1748211269967.0,21043.2,21045.2
1748211270068.0,21042.9,21044.9
1748211270183.0,21042.9,21044.9
1748211270272.0,21043.0,21045.0
1748211270598.0,21042.9,21044.9
1748211270649.0,21041.7,21043.7
1748211271162.0,21041.5,21043.5
1748211271322,,
1748211271433.0,21039.7,21041.7
1748211271797.0,21040.4,21042.4
1748211271952.0,21039.0,21041.0
1748211272106.0,21038.0,21040.0
1748211272183.0,21038.1,21040.1
1748211272655.0,21038.0,21040.0
1748211272756.0,21037.9,21039.9
1748211272854.0,21037.5,21039.5
1748211273189.0,21037.9,21039.9
1748211273476.0,21038.5,21040.5
1748211273663.0,21038.6,21040.6
1748211273760.0,21039.0,21041.0
1748211273987.0,21039.1,21041.1
1748211274036.0,21039.4,21041.4
1748211274427.0,21039.4,21041.4
1748211274661.0,21039.5,21041.5
1748211274981.0,21039.6,21041.6
1748211275079,,
1748211275457.0,21039.6,21041.6
