None,,
None,,
None,,
None,,
None,,
None,,
None,,
None,,
None,,
None,,
None,,
None,,
None,,
None,,
1748210525458.0,23614.6,23621.6
1748210525949.0,23614.9,23621.9
1748210526196.0,23614.4,23621.4
1748210526417.0,23615.5,23622.5
1748210526641.0,23614.9,23621.9
1748210527342.0,23615.5,23622.5
1748210527564.0,23617.0,23624.0
1748210527942.0,23618.5,23625.5
1748210528168.0,23621.1,23628.1
1748210529117.0,23621.6,23628.6
1748210529368.0,23622.1,23629.1
1748210529592.0,23623.1,23630.1
1748210529816.0,23622.1,23629.1
1748210530039.0,23621.6,23628.6
1748210531465.0,23620.6,23627.6
1748210531690.0,23621.1,23628.1
1748210531959.0,23621.2,23628.2
1748210532265.0,23621.7,23628.7
1748210532486.0,23620.7,23627.7
1748210533026.0,23621.8,23628.8
1748210533995.0,23624.8,23631.8
1748210534454.0,23624.3,23631.3
1748210534678.0,23625.3,23632.3
1748210534965.0,23626.0,23633.0
1748210535130.0,23615.3,23622.3
1748210535353.0,23615.9,23622.9
1748210536017.0,23616.1,23623.1
1748210536384.0,23616.6,23623.6
1748210536937.0,23617.2,23624.2
1748210537160.0,23619.7,23626.7
1748210537710.0,23620.3,23627.3
1748210537934.0,23622.3,23629.3
1748210538938.0,23624.3,23631.3
1748210539471.0,23624.8,23631.8
1748210539966.0,23624.9,23631.9
1748210540031.0,23624.4,23631.4
1748210540822.0,23626.9,23633.9
1748210540973.0,23627.3,23634.3
1748210541717.0,23626.3,23633.3
1748210541942.0,23626.8,23633.8
1748210541972.0,23627.3,23634.3
1748210542169.0,23625.8,23632.8
1748210542392.0,23627.8,23634.8
1748210542618.0,23625.8,23632.8
1748210542977.0,23625.9,23632.9
1748210543587.0,23627.4,23634.4
1748210543811.0,23626.9,23633.9
1748210544036.0,23623.8,23630.8
1748210544358.0,23623.3,23630.3
1748210544584.0,23624.3,23631.3
1748210545498.0,23625.4,23632.4
1748210545722.0,23624.8,23631.8
1748210546001.0,23624.4,23631.4
1748210546974.0,23625.8,23632.8
1748210547975.0,23625.9,23632.9
1748210548407.0,23625.4,23632.4
1748210548742.0,23624.9,23631.9
1748210550319.0,23625.4,23632.4
1748210550541.0,23626.4,23633.4
1748210550970.0,23625.4,23632.4
1748210551991.0,23624.9,23631.9
1748210552578.0,23625.4,23632.4
1748210553151.0,23626.4,23633.4
1748210553377.0,23625.4,23632.4
1748210554050.0,23625.9,23632.9
1748210554275.0,23624.4,23631.4
1748210557035.0,23625.9,23632.9
1748210558041.0,23624.4,23631.4
1748210559991.0,23624.5,23631.5
1748210560989.0,23624.4,23631.4
1748210561992.0,23626.0,23633.0
1748210562859.0,23625.5,23632.5
1748210563831.0,23625.0,23632.0
1748210564734.0,23625.5,23632.5
1748210565001.0,23625.6,23632.6
1748210565850.0,23625.1,23632.1
1748210566262.0,23625.6,23632.6
1748210566488.0,23624.6,23631.6
1748210566996.0,23624.4,23631.4
1748210568418.0,23624.9,23631.9
1748210569929.0,23624.4,23631.4
1748210571286.0,23627.4,23634.4
1748210571504.0,23627.9,23634.9
1748210571730.0,23626.9,23633.9
1748210572006.0,23626.8,23633.8
1748210572530.0,23626.3,23633.3
1748210572754.0,23621.7,23628.7
1748210572976.0,23620.2,23627.2
1748210573208.0,23620.7,23627.7
1748210575013.0,23620.6,23627.6
1748210576996.0,23621.2,23628.2
1748210577218.0,23622.7,23629.7
1748210577444.0,23623.2,23630.2
1748210577669.0,23626.2,23633.2
1748210577893.0,23626.7,23633.7
1748210579070.0,23626.2,23633.2
1748210579291.0,23626.7,23633.7
1748210581016.0,23626.8,23633.8
1748210581214.0,23629.3,23636.3
1748210581438.0,23630.8,23637.8
1748210581863.0,23631.4,23638.4
1748210582260.0,23630.4,23637.4
1748210582698.0,23630.8,23637.8
1748210583337.0,23633.4,23640.4
1748210583560.0,23632.9,23639.9
1748210584015.0,23633.1,23640.1
1748210584144.0,23633.7,23640.7
1748210584367.0,23634.2,23641.2
1748210584743.0,23633.7,23640.7
1748210585074.0,23633.8,23640.8
1748210585241.0,23632.8,23639.8
1748210585465.0,23637.3,23644.3
1748210585689.0,23636.3,23643.3
1748210586024.0,23636.4,23643.4
1748210586820.0,23636.9,23643.9
1748210587047.0,23638.5,23645.5
1748210587456.0,23640.5,23647.5
1748210588151.0,23638.4,23645.4
1748210588586.0,23639.0,23646.0
1748210589198.0,23638.4,23645.4
1748210590200.0,23638.0,23645.0
1748210591274.0,23638.5,23645.5
1748210591851.0,23640.1,23647.1
1748210592064.0,23639.5,23646.5
1748210592442.0,23640.1,23647.1
1748210592667.0,23639.5,23646.5
1748210593799.0,23640.5,23647.5
1748210594023.0,23639.5,23646.5
1748210594353.0,23640.1,23647.1
1748210594579.0,23642.1,23649.1
1748210595289.0,23641.6,23648.6
1748210596213.0,23642.1,23649.1
1748210596439.0,23644.6,23651.6
1748210596660.0,23645.1,23652.1
1748210597011.0,23643.6,23650.6
1748210598032.0,23643.5,23650.5
1748210598265.0,23643.0,23650.0
1748210598490.0,23644.1,23651.1
1748210599042.0,23644.0,23651.0
1748210599564.0,23642.9,23649.9
1748210600036.0,23642.8,23649.8
1748210600335.0,23638.8,23645.8
1748210600557.0,23641.8,23648.8
1748210600932.0,23642.8,23649.8
1748210601156.0,23643.4,23650.4
1748210601745.0,23642.8,23649.8
1748210602037.0,23643.7,23650.7
1748210602420.0,23641.2,23648.2
1748210602642.0,23640.2,23647.2
1748210602867.0,23641.2,23648.2
1748210603090.0,23642.2,23649.2
1748210603318.0,23643.7,23650.7
1748210603827.0,23642.2,23649.2
1748210604052.0,23640.6,23647.6
1748210604611.0,23641.2,23648.2
1748210605009.0,23640.6,23647.6
1748210605471.0,23643.2,23650.2
1748210605935.0,23642.7,23649.7
1748210606730.0,23642.2,23649.2
1748210608042.0,23642.0,23649.0
1748210608133.0,23638.9,23645.9
1748210608358.0,23636.9,23643.9
1748210608581.0,23636.4,23643.4
1748210608807.0,23639.4,23646.4
1748210609312.0,23637.4,23644.4
1748210609771.0,23635.9,23642.9
1748210610042.0,23634.8,23641.8
1748210610218.0,23635.3,23642.3
1748210610444.0,23634.8,23641.8
1748210611297.0,23634.3,23641.3
1748210611520.0,23636.3,23643.3
1748210612574.0,23636.8,23643.8
1748210612797.0,23637.3,23644.3
1748210613339.0,23637.9,23644.9
1748210613564.0,23638.3,23645.3
1748210614917.0,23637.3,23644.3
1748210615235.0,23636.9,23643.9
1748210615459.0,23637.9,23644.9
1748210615986.0,23636.9,23643.9
1748210616256.0,23637.3,23644.3
1748210616867.0,23638.3,23645.3
1748210617558.0,23637.8,23644.8
1748210618423.0,23640.4,23647.4
1748210619052.0,23640.7,23647.7
1748210619361.0,23640.3,23647.3
1748210620025.0,23637.2,23644.2
1748210621776.0,23638.7,23645.7
1748210622527.0,23639.3,23646.3
1748210624033.0,23638.7,23645.7
1748210624255.0,23638.2,23645.2
1748210625824.0,23642.3,23649.3
1748210627090.0,23643.3,23650.3
1748210628063.0,23643.2,23650.2
1748210630225.0,23642.7,23649.7
1748210631073.0,23642.6,23649.6
1748210631562.0,23643.2,23650.2
1748210631788.0,23641.6,23648.6
1748210633517.0,23642.1,23649.1
1748210634872.0,23643.1,23650.1
1748210635094.0,23643.6,23650.6
1748210636012.0,23641.5,23648.5
1748210636236.0,23640.5,23647.5
1748210636460.0,23640.0,23647.0
1748210638194.0,23638.0,23645.0
1748210640555.0,23638.5,23645.5
1748210641553.0,23639.0,23646.0
1748210641775.0,23638.0,23645.0
1748210642913.0,23638.5,23645.5
1748210644402.0,23638.0,23645.0
1748210646088.0,23638.2,23645.2
1748210647414.0,23639.3,23646.3
1748210648573.0,23638.2,23645.2
1748210649092.0,23638.3,23645.3
1748210649924.0,23640.3,23647.3
1748210650821.0,23639.3,23646.3
1748210653391.0,23637.7,23644.7
1748210655454.0,23637.2,23644.2
1748210656102.0,23637.3,23644.3
1748210660694.0,23636.3,23643.3
1748210663502.0,23632.2,23639.2
1748210665867.0,23630.6,23637.6
1748210666524.0,23630.2,23637.2
1748210667109.0,23629.5,23636.5
1748210667317.0,23628.5,23635.5
1748210667847.0,23628.9,23635.9
1748210668114.0,23629.0,23636.0
1748210668921.0,23629.5,23636.5
1748210669116.0,23629.6,23636.6
1748210670191.0,23630.6,23637.6
1748210670413.0,23630.1,23637.1
1748210674494.0,23628.5,23635.5
1748210675117.0,23628.6,23635.6
1748210676931.0,23629.0,23636.0
1748210677153.0,23628.6,23635.6
1748210682006.0,23631.6,23638.6
1748210682226.0,23631.1,23638.1
1748210683669.0,23631.6,23638.6
1748210683890.0,23632.1,23639.1
1748210684124.0,23632.2,23639.2
1748210684392.0,23633.2,23640.2
1748210685331.0,23633.8,23640.8
1748210686643.0,23634.3,23641.3
1748210687043.0,23635.8,23642.8
1748210687266.0,23636.3,23643.3
1748210687855.0,23636.8,23643.8
1748210688963.0,23637.3,23644.3
1748210689601.0,23637.8,23644.8
1748210690693.0,23639.3,23646.3
1748210692763.0,23638.8,23645.8
1748210693639.0,23638.3,23645.3
1748210693865.0,23636.8,23643.8
1748210695312.0,23637.8,23644.8
1748210700410.0,23635.8,23642.8
1748210700632.0,23634.8,23641.8
1748210700856.0,23635.3,23642.3
1748210701298.0,23634.8,23641.8
1748210701907.0,23635.3,23642.3
1748210702305.0,23636.3,23643.3
1748210704402.0,23635.8,23642.8
1748210704622.0,23635.3,23642.3
1748210706476.0,23635.8,23642.8
1748210706878.0,23637.3,23644.3
1748210709264.0,23636.3,23643.3
1748210709416.0,23636.8,23643.8
1748210710048.0,23636.3,23643.3
1748210710284.0,23635.8,23642.8
1748210712310.0,23637.3,23644.3
1748210712533.0,23637.9,23644.9
1748210712757.0,23637.3,23644.3
1748210713737.0,23637.9,23644.9
1748210713959.0,23638.3,23645.3
1748210714828.0,23638.9,23645.9
1748210715054.0,23639.9,23646.9
1748210715441.0,23638.9,23645.9
1748210717951.0,23637.4,23644.4
1748210718170.0,23635.3,23642.3
1748210718400.0,23635.9,23642.9
1748210719576.0,23636.3,23643.3
1748210719974.0,23635.9,23642.9
1748210720175.0,23635.4,23642.4
1748210721275.0,23637.9,23644.9
1748210722750.0,23637.5,23644.5
1748210722975.0,23636.4,23643.4
1748210723597.0,23637.9,23644.9
1748210724726.0,23638.5,23645.5
1748210724950.0,23639.5,23646.5
1748210725451.0,23640.5,23647.5
1748210725671.0,23641.0,23648.0
1748210726570.0,23641.5,23648.5
1748210726794.0,23641.0,23648.0
1748210727953.0,23640.5,23647.5
1748210728452.0,23641.0,23648.0
1748210729044.0,23641.6,23648.6
1748210729266.0,23641.0,23648.0
1748210731126.0,23641.6,23648.6
1748210732915.0,23639.0,23646.0
1748210733144.0,23639.5,23646.5
1748210733365.0,23640.0,23647.0
1748210733897.0,23640.5,23647.5
1748210734122.0,23642.0,23649.0
1748210734235.0,23642.1,23649.1
1748210734352.0,23641.6,23648.6
1748210734578.0,23639.0,23646.0
1748210734997.0,23639.6,23646.6
1748210735221.0,23640.0,23647.0
1748210735678.0,23640.6,23647.6
1748210737157.0,23639.0,23646.0
1748210740249.0,23639.6,23646.6
1748210740471.0,23639.0,23646.0
1748210746237.0,23638.5,23645.5
1748210746718.0,23640.6,23647.6
1748210750529.0,23640.0,23647.0
1748210750750.0,23639.6,23646.6
1748210753262.0,23639.5,23646.5
1748210753727.0,23639.0,23646.0
1748210753951.0,23640.0,23647.0
1748210755801.0,23640.5,23647.5
1748210756216.0,23640.3,23647.3
1748210756441.0,23638.8,23645.8
1748210757639.0,23640.8,23647.8
1748210759741.0,23641.4,23648.4
1748210759963.0,23641.8,23648.8
1748210762204.0,23642.3,23649.3
1748210762428.0,23641.8,23648.8
1748210763267.0,23641.5,23648.5
1748210763496.0,23642.0,23649.0
1748210764160.0,23643.1,23650.1
1748210764383.0,23641.5,23648.5
1748210765487.0,23641.0,23648.0
1748210766797.0,23640.5,23647.5
1748210767171.0,23641.0,23648.0
1748210767394.0,23641.5,23648.5
1748210767618.0,23642.0,23649.0
1748210767843.0,23642.5,23649.5
1748210769246.0,23643.1,23650.1
1748210769467.0,23643.6,23650.6
1748210771089.0,23641.6,23648.6
1748210774501.0,23640.6,23647.6
1748210775052.0,23641.2,23648.2
1748210776907.0,23640.1,23647.1
1748210777438.0,23639.6,23646.6
1748210778104.0,23639.1,23646.1
1748210778325.0,23638.1,23645.1
1748210778796.0,23638.6,23645.6
1748210779240.0,23639.1,23646.1
1748210779463.0,23639.6,23646.6
1748210779689.0,23640.6,23647.6
1748210780657.0,23641.1,23648.1
1748210782082.0,23641.6,23648.6
1748210782570.0,23642.2,23649.2
1748210782795.0,23641.6,23648.6
1748210783313.0,23640.1,23647.1
1748210783537.0,23640.6,23647.6
1748210783762.0,23640.1,23647.1
1748210783988.0,23639.6,23646.6
1748210784579.0,23639.1,23646.1
1748210784802.0,23638.6,23645.6
1748210785261.0,23639.1,23646.1
1748210785483.0,23638.6,23645.6
1748210785804.0,23639.1,23646.1
1748210786027.0,23638.6,23645.6
1748210786770.0,23639.1,23646.1
1748210792112.0,23641.1,23648.1
1748210793459.0,23640.6,23647.6
1748210794149.0,23641.1,23648.1
1748210794374.0,23640.1,23647.1
1748210795712.0,23639.6,23646.6
1748210809580.0,23639.1,23646.1
1748210809995.0,23638.6,23645.6
1748210811429.0,23637.1,23644.1
1748210812166.0,23635.5,23642.5
1748210812671.0,23635.0,23642.0
1748210814764.0,23636.1,23643.1
1748210815281.0,23636.0,23643.0
1748210815896.0,23638.6,23645.6
1748210816119.0,23641.6,23648.6
1748210816346.0,23659.4,23666.4
1748210816572.0,23662.9,23669.9
1748210816795.0,23660.9,23667.9
1748210817104.0,23660.4,23667.4
1748210817328.0,23659.5,23666.5
1748210817554.0,23664.1,23671.1
1748210818078.0,23662.6,23669.6
1748210818305.0,23662.6,23669.6
1748210818688.0,23675.3,23682.3
1748210818910.0,23673.3,23680.3
1748210819136.0,23671.7,23678.7
1748210819360.0,23686.7,23693.7
1748210819587.0,23691.2,23698.2
1748210819808.0,23697.3,23704.3
1748210820037.0,23691.2,23698.2
1748210820335.0,23691.6,23698.6
1748210820487.0,23683.0,23690.0
1748210820710.0,23682.0,23689.0
1748210820934.0,23680.9,23687.9
1748210821161.0,23690.6,23697.6
1748210821385.0,23691.1,23698.1
1748210821611.0,23690.1,23697.1
1748210821837.0,23689.1,23696.1
1748210822062.0,23684.0,23691.0
1748210822286.0,23688.1,23695.1
1748210822511.0,23686.0,23693.0
1748210822736.0,23687.1,23694.1
1748210822960.0,23686.0,23693.0
1748210823187.0,23679.5,23686.5
1748210823410.0,23675.9,23682.9
1748210823634.0,23675.4,23682.4
1748210823860.0,23674.9,23681.9
1748210824935.0,23672.9,23679.9
1748210825293.0,23672.7,23679.7
1748210825759.0,23689.5,23696.5
1748210825980.0,23694.0,23701.0
1748210826290.0,23687.4,23694.4
1748210826431.0,23683.9,23690.9
1748210826756.0,23678.3,23685.3
1748210826981.0,23681.8,23688.8
1748210827205.0,23682.3,23689.3
1748210827582.0,23681.8,23688.8
1748210827810.0,23676.7,23683.7
1748210828356.0,23676.1,23683.1
1748210828462.0,23678.2,23685.2
1748210828686.0,23676.7,23683.7
1748210829199.0,23677.2,23684.2
1748210829983.0,23676.7,23683.7
1748210830210.0,23681.7,23688.7
1748210830295.0,23681.6,23688.6
1748210830433.0,23683.1,23690.1
1748210830926.0,23675.5,23682.5
1748210831557.0,23674.4,23681.4
1748210831781.0,23676.0,23683.0
1748210832007.0,23678.0,23685.0
1748210832299.0,23678.8,23685.8
1748210832457.0,23678.4,23685.4
1748210832683.0,23675.8,23682.8
1748210833020.0,23676.8,23683.8
1748210833244.0,23674.8,23681.8
1748210833304.0,23672.8,23679.8
1748210833988.0,23673.8,23680.8
1748210834308.0,23673.1,23680.1
1748210834513.0,23671.6,23678.6
1748210834957.0,23671.1,23678.1
1748210835186.0,23668.1,23675.1
1748210835339.0,23667.9,23674.9
1748210835683.0,23668.4,23675.4
1748210835911.0,23672.0,23679.0
1748210836135.0,23666.9,23673.9
1748210836359.0,23668.4,23675.4
1748210836585.0,23666.4,23673.4
1748210836809.0,23667.4,23674.4
1748210837291.0,23671.5,23678.5
1748210837514.0,23670.0,23677.0
1748210837739.0,23668.4,23675.4
1748210838082.0,23667.9,23674.9
1748210838306.0,23666.4,23673.4
1748210838532.0,23664.3,23671.3
1748210838883.0,23663.3,23670.3
1748210839302.0,23663.4,23670.4
1748210839715.0,23663.9,23670.9
1748210839939.0,23665.4,23672.4
1748210841104.0,23664.9,23671.9
1748210841835.0,23664.4,23671.4
1748210842060.0,23665.4,23672.4
1748210842312.0,23665.0,23672.0
1748210842509.0,23663.5,23670.5
1748210843026.0,23664.0,23671.0
1748210843249.0,23666.5,23673.5
1748210843899.0,23668.5,23675.5
1748210844121.0,23666.5,23673.5
1748210844343.0,23668.0,23675.0
1748210844568.0,23668.5,23675.5
1748210845017.0,23667.5,23674.5
1748210845559.0,23666.5,23673.5
1748210845784.0,23670.6,23677.6
1748210847318.0,23671.1,23678.1
1748210848128.0,23670.6,23677.6
1748210848355.0,23668.0,23675.0
1748210849114.0,23669.1,23676.1
1748210849514.0,23668.6,23675.6
1748210850233.0,23669.6,23676.6
1748210850730.0,23672.1,23679.1
1748210850956.0,23676.7,23683.7
1748210851179.0,23675.1,23682.1
1748210851405.0,23676.7,23683.7
1748210851629.0,23677.7,23684.7
1748210851987.0,23678.2,23685.2
1748210852209.0,23677.7,23684.7
1748210852438.0,23679.2,23686.2
1748210852664.0,23683.3,23690.3
1748210852888.0,23682.2,23689.2
1748210853111.0,23682.8,23689.8
1748210853337.0,23680.7,23687.7
1748210854044.0,23678.2,23685.2
1748210854443.0,23676.2,23683.2
1748210855834.0,23675.7,23682.7
1748210856057.0,23673.6,23680.6
1748210856283.0,23675.1,23682.1
1748210856507.0,23675.7,23682.7
1748210856954.0,23676.2,23683.2
1748210857180.0,23680.7,23687.7
1748210857403.0,23679.2,23686.2
1748210857772.0,23680.2,23687.2
1748210858451.0,23680.6,23687.6
1748210858674.0,23680.1,23687.1
1748210858901.0,23680.6,23687.6
1748210859125.0,23678.6,23685.6
1748210859496.0,23678.1,23685.1
1748210859938.0,23676.6,23683.6
1748210861255.0,23681.6,23688.6
1748210861666.0,23682.7,23689.7
1748210862612.0,23682.1,23689.1
1748210863128.0,23677.0,23684.0
1748210863771.0,23678.1,23685.1
1748210864298.0,23680.1,23687.1
1748210865295.0,23679.6,23686.6
1748210865514.0,23677.0,23684.0
1748210865739.0,23677.6,23684.6
1748210865964.0,23672.0,23679.0
1748210866863.0,23671.5,23678.5
1748210867090.0,23670.9,23677.9
1748210867861.0,23674.0,23681.0
1748210868260.0,23675.0,23682.0
1748210868341.0,23674.9,23681.9
1748210869221.0,23676.0,23683.0
1748210869446.0,23677.0,23684.0
1748210869670.0,23676.0,23683.0
1748210870339.0,23675.9,23682.9
1748210870395.0,23675.4,23682.4
1748210870619.0,23674.4,23681.4
1748210870842.0,23676.5,23683.5
1748210871288.0,23675.9,23682.9
1748210871513.0,23678.0,23685.0
1748210872424.0,23678.5,23685.5
1748210873456.0,23678.0,23685.0
1748210873681.0,23675.4,23682.4
1748210873907.0,23676.4,23683.4
1748210874343.0,23676.5,23683.5
1748210874758.0,23675.4,23682.4
1748210875362.0,23676.5,23683.5
1748210875586.0,23678.0,23685.0
1748210875961.0,23677.5,23684.5
1748210876188.0,23678.0,23685.0
1748210876414.0,23678.5,23685.5
1748210876643.0,23681.1,23688.1
1748210876864.0,23681.6,23688.6
1748210877465.0,23684.6,23691.6
1748210877688.0,23685.1,23692.1
1748210877913.0,23687.1,23694.1
1748210878462.0,23687.6,23694.6
1748210878999.0,23687.1,23694.1
1748210879653.0,23687.6,23694.6
1748210879879.0,23683.5,23690.5
1748210880354.0,23681.1,23688.1
1748210880626.0,23681.6,23688.6
1748210880851.0,23681.1,23688.1
1748210881358.0,23680.7,23687.7
1748210881499.0,23687.9,23694.9
1748210881947.0,23683.8,23690.8
1748210882170.0,23686.8,23693.8
1748210882397.0,23687.9,23694.9
1748210882836.0,23688.4,23695.4
1748210883058.0,23692.9,23699.9
1748210883282.0,23689.9,23696.9
1748210884013.0,23694.0,23701.0
1748210884235.0,23692.9,23699.9
1748210884611.0,23694.0,23701.0
1748210884836.0,23695.5,23702.5
1748210885059.0,23695.0,23702.0
1748210885286.0,23698.0,23705.0
1748210885683.0,23695.0,23702.0
1748210885908.0,23694.5,23701.5
1748210886135.0,23701.6,23708.6
1748210886378.0,23703.0,23710.0
1748210886957.0,23702.6,23709.6
1748210887182.0,23700.5,23707.5
1748210887426.0,23707.7,23714.7
1748210887632.0,23705.6,23712.6
1748210887857.0,23705.1,23712.1
1748210888084.0,23709.2,23716.2
1748210888532.0,23717.1,23724.1
1748210888760.0,23728.8,23735.8
1748210888982.0,23730.3,23737.3
1748210889208.0,23731.8,23738.8
1748210889440.0,23733.0,23740.0
1748210889657.0,23733.4,23740.4
1748210889958.0,23728.9,23735.9
1748210890408.0,23729.4,23736.4
1748210890427.0,23729.5,23736.5
1748210890635.0,23727.4,23734.4
1748210890860.0,23726.4,23733.4
1748210891177.0,23726.9,23733.9
1748210891401.0,23720.3,23727.3
1748210891624.0,23714.7,23721.7
1748210892280.0,23709.6,23716.6
1748210892500.0,23709.8,23716.8
1748210893274.0,23710.3,23717.3
1748210893497.0,23709.8,23716.8
1748210893725.0,23708.3,23715.3
1748210894177.0,23712.3,23719.3
1748210894400.0,23719.9,23726.9
1748210894625.0,23713.4,23720.4
1748210894851.0,23716.9,23723.9
1748210895076.0,23713.8,23720.8
1748210895368.0,23713.2,23720.2
1748210895525.0,23713.7,23720.7
1748210895920.0,23712.7,23719.7
1748210896375.0,23716.2,23723.2
1748210896517.0,23716.7,23723.7
1748210896743.0,23718.2,23725.2
1748210896965.0,23715.6,23722.6
1748210897193.0,23713.1,23720.1
1748210897374.0,23714.0,23721.0
1748210897642.0,23714.0,23721.0
1748210897867.0,23714.4,23721.4
1748210898092.0,23715.5,23722.5
1748210898367.0,23717.5,23724.5
1748210898591.0,23716.5,23723.5
1748210898816.0,23717.5,23724.5
1748210899042.0,23716.0,23723.0
1748210899268.0,23715.0,23722.0
1748210899491.0,23715.8,23722.8
1748210899716.0,23714.8,23721.8
1748210899942.0,23715.8,23722.8
1748210900167.0,23715.3,23722.3
1748210900566.0,23714.3,23721.3
1748210901401.0,23708.0,23715.0
1748210901630.0,23705.5,23712.5
1748210901853.0,23705.0,23712.0
1748210902080.0,23703.5,23710.5
1748210902304.0,23705.0,23712.0
1748210902376.0,23704.9,23711.9
1748210902529.0,23703.8,23710.8
1748210902754.0,23706.4,23713.4
1748210902979.0,23706.9,23713.9
1748210903203.0,23707.4,23714.4
1748210903426.0,23704.9,23711.9
1748210903652.0,23705.9,23712.9
1748210903880.0,23706.9,23713.9
1748210904201.0,23707.9,23714.9
1748210904447.0,23707.5,23714.5
1748210904654.0,23705.9,23712.9
1748210905096.0,23704.4,23711.4
1748210905377.0,23704.8,23711.8
1748210905697.0,23705.3,23712.3
1748210905924.0,23704.3,23711.3
1748210906147.0,23706.3,23713.3
1748210906372.0,23706.8,23713.8
1748210906599.0,23707.9,23714.9
1748210907049.0,23708.4,23715.4
1748210907272.0,23709.9,23716.9
1748210907378.0,23709.7,23716.7
1748210908905.0,23710.2,23717.2
1748210909456.0,23711.7,23718.7
1748210909775.0,23712.3,23719.3
1748210910001.0,23713.3,23720.3
1748210910228.0,23712.8,23719.8
1748210910451.0,23713.8,23720.8
1748210910678.0,23712.8,23719.8
1748210911120.0,23712.3,23719.3
1748210911346.0,23713.3,23720.3
1748210911570.0,23711.7,23718.7
1748210911795.0,23710.2,23717.2
1748210912596.0,23709.7,23716.7
1748210912821.0,23708.2,23715.2
1748210913394.0,23709.4,23716.4
1748210913565.0,23710.9,23717.9
1748210913789.0,23711.9,23718.9
1748210914261.0,23714.0,23721.0
1748210914486.0,23711.9,23718.9
1748210914711.0,23712.9,23719.9
1748210915117.0,23713.4,23720.4
1748210915343.0,23712.4,23719.4
1748210915567.0,23712.9,23719.9
1748210915792.0,23713.5,23720.5
1748210916018.0,23712.4,23719.4
1748210916242.0,23710.9,23717.9
1748210916646.0,23709.9,23716.9
1748210916869.0,23709.4,23716.4
1748210917532.0,23709.9,23716.9
1748210917964.0,23708.9,23715.9
1748210918393.0,23708.7,23715.7
1748210919402.0,23707.9,23714.9
1748210919513.0,23706.9,23713.9
1748210919757.0,23707.4,23714.4
1748210920156.0,23707.9,23714.9
1748210920381.0,23705.9,23712.9
1748210920604.0,23706.4,23713.4
1748210921036.0,23706.9,23713.9
1748210921467.0,23706.4,23713.4
1748210921689.0,23703.8,23710.8
1748210921916.0,23702.8,23709.8
1748210922504.0,23703.3,23710.3
1748210922730.0,23701.3,23708.3
1748210923106.0,23700.3,23707.3
1748210923402.0,23700.2,23707.2
1748210924412.0,23697.7,23704.7
1748210924618.0,23698.2,23705.2
1748210924843.0,23697.7,23704.7
1748210925199.0,23698.7,23705.7
1748210925421.0,23701.8,23708.8
1748210925644.0,23698.7,23705.7
1748210925870.0,23699.7,23706.7
1748210926097.0,23699.2,23706.2
1748210926429.0,23699.8,23706.8
1748210926640.0,23701.3,23708.3
1748210927578.0,23698.7,23705.7
1748210927805.0,23718.0,23725.0
1748210928028.0,23716.0,23723.0
1748210928955.0,23715.5,23722.5
1748210929177.0,23716.0,23723.0
1748210929706.0,23715.0,23722.0
1748210929931.0,23714.5,23721.5
1748210930159.0,23716.5,23723.5
1748210930380.0,23716.0,23723.0
1748210930410.0,23716.2,23723.2
1748210930808.0,23717.2,23724.2
1748210931033.0,23715.7,23722.7
1748210931407.0,23715.5,23722.5
1748210931911.0,23711.9,23718.9
1748210932134.0,23708.4,23715.4
1748210932359.0,23707.9,23714.9
1748210932584.0,23711.5,23718.5
1748210932810.0,23715.0,23722.0
1748210933032.0,23713.0,23720.0
1748210933257.0,23711.5,23718.5
1748210933484.0,23709.9,23716.9
1748210933796.0,23715.5,23722.5
1748210935418.0,23715.7,23722.7
1748210936011.0,23713.7,23720.7
1748210936657.0,23712.7,23719.7
1748210936886.0,23711.7,23718.7
1748210937462.0,23705.1,23712.1
1748210938270.0,23703.0,23710.0
1748210939459.0,23703.6,23710.6
1748210939687.0,23702.5,23709.5
1748210940420.0,23698.1,23705.1
1748210940540.0,23698.6,23705.6
1748210941469.0,23698.7,23705.7
1748210941897.0,23697.7,23704.7
1748210942120.0,23696.6,23703.6
1748210942867.0,23695.6,23702.6
1748210943093.0,23693.6,23700.6
1748210943316.0,23691.1,23698.1
1748210943541.0,23690.1,23697.1
1748210943766.0,23690.5,23697.5
1748210943990.0,23691.1,23698.1
1748210944216.0,23689.5,23696.5
1748210945050.0,23691.6,23698.6
1748210945275.0,23690.5,23697.5
1748210945665.0,23695.1,23702.1
1748210945889.0,23694.1,23701.1
1748210946427.0,23693.7,23700.7
1748210947677.0,23693.2,23700.2
1748210947895.0,23691.1,23698.1
1748210948313.0,23692.7,23699.7
1748210948740.0,23688.1,23695.1
1748210949432.0,23687.7,23694.7
1748210949950.0,23687.2,23694.2
1748210950176.0,23688.7,23695.7
1748210950427.0,23689.4,23696.4
1748210951592.0,23689.9,23696.9
1748210952193.0,23689.4,23696.4
1748210952434.0,23687.0,23694.0
1748210952641.0,23688.1,23695.1
1748210952869.0,23695.2,23702.2
1748210953564.0,23694.2,23701.2
1748210953790.0,23692.1,23699.1
1748210954275.0,23693.1,23700.1
1748210955431.0,23693.3,23700.3
1748210955857.0,23691.8,23698.8
1748210956082.0,23691.3,23698.3
1748210956825.0,23690.8,23697.8
1748210957051.0,23687.7,23694.7
1748210957413.0,23687.2,23694.2
1748210957637.0,23686.2,23693.2
1748210958509.0,23685.7,23692.7
1748210958732.0,23685.2,23692.2
1748210958958.0,23686.2,23693.2
1748210959509.0,23685.4,23692.4
1748210959736.0,23683.9,23690.9
1748210960139.0,23684.9,23691.9
1748210960444.0,23685.6,23692.6
1748210960588.0,23684.1,23691.1
1748210960812.0,23683.5,23690.5
1748210961039.0,23682.5,23689.5
1748210961862.0,23683.6,23690.6
1748210962082.0,23682.5,23689.5
1748210962306.0,23682.1,23689.1
1748210962442.0,23681.3,23688.3
1748210962790.0,23685.8,23692.8
1748210963014.0,23683.8,23690.8
1748210963237.0,23685.8,23692.8
1748210963446.0,23686.0,23693.0
1748210964653.0,23691.1,23698.1
1748210965740.0,23692.1,23699.1
1748210965963.0,23693.1,23700.1
1748210966414.0,23693.1,23700.1
1748210966790.0,23692.6,23699.6
1748210967015.0,23693.1,23700.1
1748210967445.0,23693.2,23700.2
1748210967599.0,23692.7,23699.7
1748210968109.0,23693.2,23700.2
1748210968557.0,23692.7,23699.7
1748210969704.0,23693.2,23700.2
1748210970329.0,23693.7,23700.7
1748210970728.0,23692.1,23699.1
1748210970952.0,23692.7,23699.7
1748210971178.0,23691.7,23698.7
1748210971402.0,23691.1,23698.1
1748210971451.0,23691.4,23698.4
1748210972455.0,23691.6,23698.6
1748210973268.0,23690.6,23697.6
1748210974683.0,23697.2,23704.2
1748210975089.0,23697.7,23704.7
1748210975315.0,23700.7,23707.7
1748210975539.0,23701.8,23708.8
1748210975765.0,23703.3,23710.3
1748210975990.0,23709.4,23716.4
1748210976214.0,23709.9,23716.9
1748210976440.0,23710.9,23717.9
1748210976663.0,23711.9,23718.9
1748210977124.0,23710.9,23717.9
1748210977347.0,23711.9,23718.9
1748210977879.0,23711.4,23718.4
1748210979026.0,23711.9,23718.9
1748210979758.0,23711.4,23718.4
1748210980066.0,23711.9,23718.9
1748210980290.0,23710.4,23717.4
1748210980514.0,23709.4,23716.4
1748210981050.0,23708.9,23715.9
1748210981467.0,23708.7,23715.7
1748210981617.0,23708.3,23715.3
1748210982047.0,23703.2,23710.2
1748210982470.0,23702.8,23709.8
1748210982672.0,23704.8,23711.8
1748210983072.0,23705.3,23712.3
1748210983297.0,23706.3,23713.3
1748210983538.0,23706.9,23713.9
1748210983767.0,23705.9,23712.9
1748210983991.0,23703.8,23710.8
1748210984214.0,23703.3,23710.3
1748210984545.0,23704.8,23711.8
1748210984862.0,23703.8,23710.8
1748210985090.0,23704.8,23711.8
1748210985398.0,23703.8,23710.8
1748210985472.0,23703.6,23710.6
1748210985621.0,23706.1,23713.1
1748210985994.0,23704.6,23711.6
1748210986223.0,23700.0,23707.0
1748210987076.0,23701.0,23708.0
1748210987538.0,23703.0,23710.0
1748210987939.0,23702.0,23709.0
1748210988878.0,23702.5,23709.5
1748210989102.0,23702.0,23709.0
1748210989532.0,23702.2,23709.2
1748210989790.0,23704.2,23711.2
1748210990012.0,23703.2,23710.2
1748210990236.0,23702.7,23709.7
1748210990565.0,23702.2,23709.2
1748210990962.0,23701.2,23708.2
1748210991186.0,23701.7,23708.7
1748210991411.0,23702.2,23709.2
1748210991984.0,23703.2,23710.2
1748210992211.0,23703.7,23710.7
1748210992435.0,23704.2,23711.2
1748210993310.0,23705.2,23712.2
1748210994292.0,23710.3,23717.3
1748210994533.0,23709.4,23716.4
1748210995888.0,23708.9,23715.9
1748210996112.0,23706.9,23713.9
1748210996484.0,23706.8,23713.8
1748210997416.0,23705.2,23712.2
1748210997729.0,23705.8,23712.8
1748210997952.0,23706.3,23713.3
1748210998178.0,23707.3,23714.3
1748210998401.0,23707.8,23714.8
1748210998629.0,23707.3,23714.3
1748211000020.0,23705.2,23712.2
1748211000243.0,23706.2,23713.2
1748211000468.0,23709.3,23716.3
1748211001111.0,23707.8,23714.8
1748211001334.0,23704.7,23711.7
1748211001558.0,23703.2,23710.2
1748211002240.0,23703.7,23710.7
1748211002461.0,23703.2,23710.2
1748211002688.0,23704.2,23711.2
1748211002911.0,23702.2,23709.2
1748211003320.0,23701.7,23708.7
1748211003545.0,23702.2,23709.2
1748211003772.0,23705.2,23712.2
1748211004497.0,23705.3,23712.3
1748211004634.0,23705.8,23712.8
1748211004860.0,23706.3,23713.3
1748211007523.0,23708.9,23715.9
1748211008188.0,23712.4,23719.4
1748211008500.0,23712.6,23719.6
1748211008632.0,23713.6,23720.6
1748211008858.0,23715.6,23722.6
1748211009087.0,23717.2,23724.2
1748211009307.0,23716.7,23723.7
1748211009880.0,23715.7,23722.7
1748211010103.0,23713.6,23720.6
1748211010328.0,23714.6,23721.6
1748211010550.0,23714.0,23721.0
1748211010777.0,23713.5,23720.5
1748211011002.0,23712.5,23719.5
1748211012239.0,23710.0,23717.0
1748211012882.0,23710.5,23717.5
1748211013500.0,23710.3,23717.3
1748211014022.0,23710.9,23717.9
1748211014247.0,23709.9,23716.9
1748211015420.0,23710.3,23717.3
1748211015821.0,23705.8,23712.8
1748211016794.0,23704.3,23711.3
1748211017231.0,23703.8,23710.8
1748211017454.0,23703.3,23710.3
1748211017682.0,23705.8,23712.8
1748211017906.0,23704.3,23711.3
1748211018508.0,23702.7,23709.7
1748211018682.0,23705.7,23712.7
1748211018907.0,23704.7,23711.7
1748211019440.0,23705.2,23712.2
1748211019665.0,23707.3,23714.3
1748211019890.0,23706.7,23713.7
1748211020334.0,23707.7,23714.7
1748211020558.0,23706.7,23713.7
1748211020784.0,23707.7,23714.7
1748211021455.0,23708.8,23715.8
1748211022124.0,23709.8,23716.8
1748211022416.0,23709.3,23716.3
1748211022641.0,23708.8,23715.8
1748211022866.0,23707.7,23714.7
1748211023654.0,23705.7,23712.7
1748211024651.0,23704.2,23711.2
1748211024875.0,23705.7,23712.7
1748211026841.0,23704.6,23711.6
1748211027066.0,23706.2,23713.2
1748211027289.0,23705.2,23712.2
1748211027618.0,23704.6,23711.6
1748211027844.0,23703.1,23710.1
1748211028285.0,23702.6,23709.6
1748211028685.0,23701.6,23708.6
1748211029606.0,23702.1,23709.1
1748211029831.0,23702.6,23709.6
1748211030530.0,23702.8,23709.8
1748211031146.0,23703.3,23710.3
1748211031368.0,23701.8,23708.8
1748211031774.0,23702.3,23709.3
1748211032001.0,23702.8,23709.8
1748211032511.0,23700.7,23707.7
1748211033442.0,23699.2,23706.2
1748211033663.0,23699.7,23706.7
1748211034875.0,23697.2,23704.2
1748211035528.0,23697.0,23704.0
1748211035874.0,23698.5,23705.5
1748211036097.0,23697.5,23704.5
1748211036323.0,23696.5,23703.5
1748211036867.0,23694.5,23701.5
1748211037091.0,23696.5,23703.5
1748211037554.0,23694.6,23701.6
1748211038576.0,23695.1,23702.1
1748211038800.0,23695.6,23702.6
1748211039986.0,23696.1,23703.1
1748211040209.0,23695.6,23702.6
1748211040696.0,23697.6,23704.6
1748211041162.0,23697.1,23704.1
1748211041386.0,23696.1,23703.1
1748211041772.0,23696.6,23703.6
1748211043232.0,23695.6,23702.6
1748211043454.0,23696.1,23703.1
1748211043539.0,23695.8,23702.8
1748211044051.0,23696.3,23703.3
1748211044275.0,23695.2,23702.2
1748211044499.0,23695.8,23702.8
1748211044539.0,23695.9,23702.9
1748211045047.0,23697.4,23704.4
1748211045270.0,23696.4,23703.4
1748211045496.0,23700.5,23707.5
1748211045722.0,23701.5,23708.5
1748211046048.0,23702.5,23709.5
1748211046608.0,23707.1,23714.1
1748211046835.0,23706.1,23713.1
1748211047059.0,23705.6,23712.6
1748211047736.0,23705.1,23712.1
1748211048328.0,23703.6,23710.6
1748211049034.0,23703.1,23710.1
1748211049253.0,23702.1,23709.1
1748211050076.0,23701.5,23708.5
1748211050477.0,23699.5,23706.5
1748211050907.0,23697.5,23704.5
1748211052159.0,23696.5,23703.5
1748211052548.0,23696.6,23703.6
1748211052766.0,23696.1,23703.1
1748211052991.0,23696.6,23703.6
1748211053549.0,23692.2,23699.2
1748211054182.0,23691.2,23698.2
1748211054551.0,23691.0,23698.0
1748211054612.0,23690.6,23697.6
1748211054836.0,23690.0,23697.0
1748211055061.0,23690.6,23697.6
1748211055285.0,23691.0,23698.0
1748211055638.0,23690.0,23697.0
1748211056171.0,23690.6,23697.6
1748211056394.0,23690.0,23697.0
1748211056808.0,23690.6,23697.6
1748211057034.0,23692.1,23699.1
1748211057556.0,23692.3,23699.3
1748211058492.0,23687.7,23694.7
1748211058550.0,23688.0,23695.0
1748211059139.0,23687.4,23694.4
1748211060106.0,23687.0,23694.0
1748211060330.0,23687.4,23694.4
1748211060553.0,23687.5,23694.5
1748211061626.0,23687.1,23694.1
1748211062027.0,23687.6,23694.6
1748211063191.0,23685.6,23692.6
1748211063557.0,23685.5,23692.5
1748211064557.0,23686.2,23693.2
1748211064741.0,23685.7,23692.7
1748211065242.0,23684.2,23691.2
1748211065682.0,23683.9,23690.9
1748211066616.0,23683.5,23690.5
1748211066820.0,23681.4,23688.4
1748211067270.0,23682.0,23689.0
1748211067493.0,23681.4,23688.4
1748211067720.0,23683.0,23690.0
1748211068095.0,23684.0,23691.0
1748211068321.0,23684.5,23691.5
1748211068563.0,23684.1,23691.1
1748211068957.0,23684.6,23691.6
1748211069564.0,23684.8,23691.8
1748211070043.0,23682.7,23689.7
1748211070571.0,23682.5,23689.5
1748211070736.0,23684.0,23691.0
1748211070960.0,23683.5,23690.5
1748211071184.0,23683.0,23690.0
1748211071411.0,23684.6,23691.6
1748211071637.0,23683.0,23690.0
1748211071905.0,23683.5,23690.5
1748211072565.0,23683.6,23690.6
1748211072909.0,23682.5,23689.5
1748211073135.0,23685.1,23692.1
1748211073572.0,23686.2,23693.2
1748211073796.0,23685.7,23692.7
1748211074197.0,23684.2,23691.2
1748211074833.0,23683.7,23690.7
1748211075055.0,23684.7,23691.7
1748211075278.0,23685.2,23692.2
1748211075503.0,23684.7,23691.7
1748211076569.0,23684.9,23691.9
1748211076857.0,23684.4,23691.4
1748211077663.0,23683.1,23690.1
1748211077885.0,23683.6,23690.6
1748211079571.0,23683.5,23690.5
1748211080080.0,23683.0,23690.0
1748211080636.0,23682.5,23689.5
1748211081422.0,23682.0,23689.0
1748211083095.0,23684.0,23691.0
1748211083318.0,23682.5,23689.5
1748211083947.0,23683.5,23690.5
1748211084443.0,23683.0,23690.0
1748211085066.0,23684.0,23691.0
1748211085290.0,23682.5,23689.5
1748211086419.0,23682.0,23689.0
1748211086643.0,23681.0,23688.0
1748211086867.0,23681.5,23688.5
1748211087587.0,23681.6,23688.6
1748211087652.0,23682.2,23689.2
1748211087875.0,23682.6,23689.6
1748211088103.0,23681.6,23688.6
1748211089689.0,23682.2,23689.2
1748211089912.0,23682.6,23689.6
1748211090674.0,23682.2,23689.2
1748211091499.0,23679.6,23686.6
1748211092099.0,23678.1,23685.1
1748211092322.0,23680.1,23687.1
1748211092584.0,23679.2,23686.2
1748211092770.0,23678.6,23685.6
1748211094251.0,23679.2,23686.2
1748211094473.0,23679.6,23686.6
1748211094698.0,23680.2,23687.2
1748211094922.0,23680.7,23687.7
1748211095148.0,23679.6,23686.6
1748211095676.0,23680.7,23687.7
1748211096814.0,23681.2,23688.2
1748211097038.0,23681.7,23688.7
1748211097265.0,23683.2,23690.2
1748211097612.0,23682.7,23689.7
1748211099130.0,23683.2,23690.2
1748211099602.0,23683.1,23690.1
1748211100119.0,23683.6,23690.6
1748211101290.0,23686.6,23693.6
1748211102500.0,23686.1,23693.1
1748211102725.0,23686.6,23693.6
1748211103734.0,23687.2,23694.2
1748211104133.0,23686.1,23693.1
1748211104605.0,23686.2,23693.2
1748211104784.0,23686.6,23693.6
1748211105461.0,23686.2,23693.2
1748211106107.0,23684.1,23691.1
1748211106328.0,23683.6,23690.6
1748211107862.0,23684.1,23691.1
1748211108513.0,23682.6,23689.6
1748211108735.0,23681.6,23688.6
1748211109153.0,23682.6,23689.6
1748211110184.0,23683.1,23690.1
1748211110407.0,23683.6,23690.6
1748211112660.0,23682.1,23689.1
1748211113694.0,23683.1,23690.1
1748211113916.0,23682.6,23689.6
1748211114729.0,23681.1,23688.1
1748211117376.0,23680.6,23687.6
1748211118178.0,23682.6,23689.6
1748211119446.0,23682.1,23689.1
1748211119845.0,23678.5,23685.5
1748211120354.0,23679.1,23686.1
1748211122225.0,23679.6,23686.6
1748211123080.0,23677.1,23684.1
1748211123840.0,23677.5,23684.5
1748211125337.0,23678.1,23685.1
1748211125632.0,23678.0,23685.0
1748211125803.0,23677.5,23684.5
1748211126030.0,23686.1,23693.1
1748211126254.0,23689.7,23696.7
1748211126644.0,23690.2,23697.2
1748211126867.0,23691.7,23698.7
1748211127704.0,23692.2,23699.2
1748211128104.0,23693.2,23700.2
1748211128331.0,23692.2,23699.2
1748211128907.0,23691.7,23698.7
1748211129763.0,23691.2,23698.2
1748211129987.0,23690.7,23697.7
1748211131642.0,23691.3,23698.3
1748211132637.0,23691.2,23698.2
1748211134173.0,23689.2,23696.2
1748211134392.0,23688.7,23695.7
1748211135069.0,23689.2,23696.2
1748211136427.0,23689.7,23696.7
1748211138913.0,23688.2,23695.2
1748211139138.0,23692.3,23699.3
1748211139360.0,23692.8,23699.8
1748211139584.0,23693.3,23700.3
1748211139841.0,23693.8,23700.8
1748211140068.0,23692.8,23699.8
1748211140646.0,23692.2,23699.2
1748211141773.0,23691.7,23698.7
1748211141995.0,23691.2,23698.2
1748211142222.0,23690.7,23697.7
1748211142446.0,23691.2,23698.2
1748211142843.0,23691.7,23698.7
1748211143982.0,23692.7,23699.7
1748211144205.0,23693.2,23700.2
1748211144647.0,23692.7,23699.7
1748211144877.0,23693.2,23700.2
1748211145562.0,23692.7,23699.7
1748211145786.0,23692.2,23699.2
1748211146826.0,23692.2,23699.2
1748211147890.0,23693.7,23700.7
1748211149293.0,23692.2,23699.2
1748211149970.0,23691.7,23698.7
1748211151093.0,23692.2,23699.2
1748211151981.0,23691.7,23698.7
1748211152204.0,23689.7,23696.7
1748211153708.0,23691.2,23698.2
1748211153929.0,23690.7,23697.7
1748211154606.0,23691.7,23698.7
1748211154850.0,23691.2,23698.2
1748211155363.0,23691.7,23698.7
1748211156735.0,23692.2,23699.2
1748211157487.0,23692.7,23699.7
1748211158397.0,23693.7,23700.7
1748211158622.0,23698.8,23705.8
1748211158849.0,23711.5,23718.5
1748211159072.0,23713.1,23720.1
1748211159298.0,23710.5,23717.5
1748211159520.0,23711.0,23718.0
1748211159678.0,23711.3,23718.3
1748211160178.0,23708.7,23715.7
1748211160402.0,23710.8,23717.8
1748211160623.0,23709.7,23716.7
1748211161026.0,23708.2,23715.2
1748211161249.0,23709.7,23716.7
1748211162148.0,23710.3,23717.3
1748211162373.0,23709.3,23716.3
1748211162597.0,23707.7,23714.7
1748211162823.0,23709.7,23716.7
1748211163050.0,23708.7,23715.7
1748211163273.0,23707.7,23714.7
1748211164596.0,23708.2,23715.2
1748211164818.0,23708.7,23715.7
1748211165514.0,23707.7,23714.7
1748211166058.0,23706.2,23713.2
1748211166280.0,23707.2,23714.2
1748211166504.0,23706.2,23713.2
1748211166915.0,23704.6,23711.6
1748211167139.0,23706.2,23713.2
1748211167972.0,23705.7,23712.7
1748211169695.0,23705.2,23712.2
1748211169922.0,23702.6,23709.6
1748211170147.0,23705.2,23712.2
1748211170553.0,23703.6,23710.6
1748211170777.0,23704.6,23711.6
1748211171155.0,23704.1,23711.1
1748211171380.0,23703.1,23710.1
1748211171877.0,23704.6,23711.6
1748211172485.0,23705.2,23712.2
1748211172714.0,23705.5,23712.5
1748211173476.0,23706.5,23713.5
1748211174991.0,23709.1,23716.1
1748211175212.0,23707.5,23714.5
1748211175994.0,23707.0,23714.0
1748211177174.0,23708.5,23715.5
1748211177392.0,23708.1,23715.1
1748211178003.0,23709.1,23716.1
1748211178227.0,23708.1,23715.1
1748211178451.0,23708.6,23715.6
1748211178800.0,23710.6,23717.6
1748211179024.0,23710.1,23717.1
1748211179250.0,23709.6,23716.6
1748211179473.0,23710.1,23717.1
1748211180296.0,23710.6,23717.6
1748211181237.0,23709.6,23716.6
1748211181461.0,23710.6,23717.6
1748211182702.0,23710.4,23717.4
1748211183704.0,23709.9,23716.9
1748211183927.0,23710.4,23717.4
1748211184154.0,23709.4,23716.4
1748211184379.0,23713.5,23720.5
1748211184699.0,23715.3,23722.3
1748211185393.0,23714.8,23721.8
1748211185619.0,23714.3,23721.3
1748211185843.0,23712.8,23719.8
1748211186350.0,23714.3,23721.3
1748211186705.0,23714.2,23721.2
1748211187340.0,23715.8,23722.8
1748211187563.0,23717.3,23724.3
1748211187705.0,23717.1,23724.1
1748211188787.0,23716.1,23723.1
1748211189106.0,23716.6,23723.6
1748211189329.0,23717.1,23724.1
1748211189713.0,23715.9,23722.9
1748211189778.0,23716.4,23723.4
1748211190003.0,23716.9,23723.9
1748211191347.0,23717.4,23724.4
1748211191795.0,23717.7,23724.7
1748211192268.0,23715.7,23722.7
1748211192530.0,23715.2,23722.2
1748211192757.0,23713.2,23720.2
1748211193199.0,23713.7,23720.7
1748211194674.0,23712.7,23719.7
1748211195452.0,23713.2,23720.2
1748211195899.0,23714.2,23721.2
1748211196894.0,23713.7,23720.7
1748211197557.0,23718.2,23725.2
1748211197777.0,23717.2,23724.2
1748211198230.0,23718.7,23725.7
1748211198453.0,23719.8,23726.8
1748211198717.0,23719.4,23726.4
1748211199038.0,23715.9,23722.9
1748211199260.0,23713.8,23720.8
1748211199718.0,23712.7,23719.7
1748211199915.0,23719.8,23726.8
1748211200137.0,23717.8,23724.8
1748211200720.0,23718.0,23725.0
1748211201767.0,23717.8,23724.8
1748211202319.0,23718.3,23725.3
1748211202540.0,23717.8,23724.8
1748211203532.0,23717.3,23724.3
1748211204169.0,23717.8,23724.8
1748211204570.0,23716.8,23723.8
1748211205718.0,23716.6,23723.6
1748211205850.0,23716.1,23723.1
1748211206245.0,23716.6,23723.6
1748211206470.0,23717.1,23724.1
1748211206717.0,23717.2,23724.2
1748211206966.0,23717.7,23724.7
1748211207191.0,23718.2,23725.2
1748211208766.0,23717.8,23724.8
1748211209089.0,23717.3,23724.3
1748211209315.0,23716.8,23723.8
1748211209728.0,23716.6,23723.6
1748211210791.0,23717.6,23724.6
1748211211647.0,23716.6,23723.6
1748211211925.0,23717.1,23724.1
1748211212151.0,23716.6,23723.6
1748211212377.0,23716.1,23723.1
1748211212729.0,23715.4,23722.4
1748211213276.0,23713.9,23720.9
1748211213497.0,23717.9,23724.9
1748211213874.0,23716.9,23723.9
1748211214544.0,23717.4,23724.4
1748211214768.0,23717.9,23724.9
1748211214992.0,23717.4,23724.4
1748211215215.0,23716.9,23723.9
1748211215727.0,23717.2,23724.2
1748211216045.0,23718.7,23725.7
1748211216536.0,23717.7,23724.7
1748211216757.0,23718.3,23725.3
1748211217177.0,23718.7,23725.7
1748211218211.0,23719.3,23726.3
1748211218433.0,23718.3,23725.3
1748211219318.0,23719.3,23726.3
1748211219738.0,23719.2,23726.2
1748211220195.0,23719.6,23726.6
1748211220988.0,23720.2,23727.2
1748211221214.0,23719.6,23726.6
1748211221865.0,23720.1,23727.1
1748211222090.0,23719.6,23726.6
1748211223408.0,23719.1,23726.1
1748211224140.0,23719.6,23726.6
1748211224552.0,23719.1,23726.1
1748211224741.0,23718.9,23725.9
1748211225393.0,23718.4,23725.4
1748211225740.0,23718.6,23725.6
1748211228393.0,23719.2,23726.2
1748211228787.0,23718.6,23725.6
1748211229835.0,23719.2,23726.2
1748211230330.0,23718.6,23725.6
1748211231227.0,23718.2,23725.2
1748211231452.0,23717.1,23724.1
1748211231677.0,23716.6,23723.6
1748211232119.0,23716.1,23723.1
1748211232518.0,23715.6,23722.6
1748211232749.0,23715.4,23722.4
1748211233182.0,23714.9,23721.9
1748211233646.0,23715.4,23722.4
1748211234447.0,23716.9,23723.9
1748211234750.0,23716.8,23723.8
1748211235391.0,23717.3,23724.3
1748211235616.0,23716.8,23723.8
1748211237377.0,23717.3,23724.3
1748211238143.0,23716.8,23723.8
1748211238422.0,23717.3,23724.3
1748211240339.0,23716.8,23723.8
1748211244800.0,23712.7,23719.7
1748211245020.0,23711.2,23718.2
1748211245245.0,23711.7,23718.7
1748211245467.0,23711.2,23718.2
1748211246765.0,23710.4,23717.4
1748211247322.0,23711.4,23718.4
1748211247841.0,23712.0,23719.0
1748211248065.0,23711.4,23718.4
1748211248291.0,23708.9,23715.9
1748211248515.0,23708.4,23715.4
1748211248740.0,23708.9,23715.9
1748211249816.0,23709.7,23716.7
1748211251080.0,23711.2,23718.2
1748211251614.0,23710.7,23717.7
1748211251839.0,23711.2,23718.2
1748211252775.0,23710.7,23717.7
1748211253123.0,23707.7,23714.7
1748211253776.0,23707.5,23714.5
1748211254141.0,23706.0,23713.0
1748211255719.0,23705.0,23712.0
1748211256450.0,23704.0,23711.0
1748211257290.0,23703.4,23710.4
1748211257585.0,23702.9,23709.9
1748211257809.0,23703.4,23710.4
1748211258718.0,23704.0,23711.0
1748211258942.0,23702.9,23709.9
1748211259167.0,23703.4,23710.4
1748211259776.0,23703.5,23710.5
1748211260858.0,23704.1,23711.1
1748211261086.0,23703.0,23710.0
1748211261312.0,23703.5,23710.5
1748211261883.0,23705.6,23712.6
1748211262444.0,23706.1,23713.1
1748211262780.0,23705.5,23712.5
1748211265522.0,23705.0,23712.0
1748211266432.0,23703.5,23710.5
1748211266654.0,23703.0,23710.0
1748211268073.0,23702.0,23709.0
1748211269087.0,23702.5,23709.5
1748211269432.0,23703.0,23710.0
1748211269655.0,23703.5,23710.5
1748211270208.0,23703.0,23710.0
1748211270822.0,23701.4,23708.4
1748211271181.0,23700.9,23707.9
1748211271407.0,23699.9,23706.9
1748211271631.0,23698.9,23705.9
1748211272116.0,23696.4,23703.4
1748211272975.0,23695.9,23702.9
1748211273198.0,23696.4,23703.4
1748211273687.0,23696.9,23703.9
1748211273912.0,23697.4,23704.4
1748211274686.0,23697.9,23704.9
1748211276752.0,23698.4,23705.4
1748211277205.0,23696.9,23703.9
1748211277969.0,23697.4,23704.4
1748211284150.0,23708.5,23715.5
1748211285080.0,23709.1,23716.1
1748211285303.0,23708.5,23715.5
1748211287405.0,23708.1,23715.1
1748211287630.0,23708.5,23715.5
1748211289834.0,23709.1,23716.1
1748211290060.0,23708.5,23715.5
1748211290283.0,23707.5,23714.5
1748211290641.0,23707.0,23714.0
1748211290864.0,23706.5,23713.5
1748211291584.0,23707.0,23714.0
1748211291807.0,23706.5,23713.5
1748211293909.0,23707.0,23714.0
1748211294135.0,23708.5,23715.5
1748211294817.0,23708.9,23715.9
1748211295470.0,23707.9,23714.9
1748211296031.0,23707.4,23714.4
1748211297353.0,23703.3,23710.3
1748211297806.0,23703.9,23710.9
1748211298238.0,23705.4,23712.4
1748211299202.0,23705.9,23712.9
1748211300113.0,23706.4,23713.4
1748211302148.0,23706.9,23713.9
1748211302375.0,23705.9,23712.9
1748211302598.0,23704.9,23711.9
1748211302823.0,23705.9,23712.9
1748211303535.0,23706.9,23713.9
1748211304158.0,23707.4,23714.4
1748211304887.0,23708.4,23715.4
1748211306714.0,23707.4,23714.4
1748211306937.0,23710.0,23717.0
1748211307839.0,23709.9,23716.9
1748211309620.0,23710.4,23717.4
1748211310021.0,23706.4,23713.4
1748211310242.0,23705.9,23712.9
1748211310468.0,23705.3,23712.3
1748211310840.0,23707.4,23714.4
1748211311899.0,23706.4,23713.4
1748211312829.0,23704.9,23711.9
1748211313052.0,23706.9,23713.9
1748211313277.0,23707.4,23714.4
1748211313767.0,23707.9,23714.9
1748211314419.0,23707.4,23714.4
1748211315305.0,23706.9,23713.9
1748211315530.0,23705.3,23712.3
1748211315991.0,23704.9,23711.9
1748211316217.0,23703.3,23710.3
1748211316701.0,23701.8,23708.8
1748211316964.0,23702.3,23709.3
1748211318104.0,23702.8,23709.8
1748211318328.0,23702.3,23709.3
1748211318552.0,23701.8,23708.8
1748211318947.0,23702.3,23709.3
1748211319287.0,23701.8,23708.8
1748211319512.0,23702.9,23709.9
1748211319739.0,23703.9,23710.9
1748211319962.0,23703.3,23710.3
1748211320360.0,23703.9,23710.9
1748211320584.0,23705.4,23712.4
1748211320810.0,23705.9,23712.9
1748211321258.0,23705.9,23712.9
1748211323023.0,23704.4,23711.4
1748211324810.0,23704.9,23711.9
1748211330386.0,23704.3,23711.3
1748211331840.0,23704.9,23711.9
1748211332063.0,23703.9,23710.9
1748211332784.0,23703.3,23710.3
1748211333010.0,23699.3,23706.3
1748211333244.0,23698.8,23705.8
1748211333649.0,23696.8,23703.8
1748211334250.0,23698.3,23705.3
1748211334473.0,23696.2,23703.2
1748211334697.0,23695.7,23702.7
1748211335915.0,23696.2,23703.2
1748211336606.0,23695.7,23702.7
1748211337255.0,23694.7,23701.7
1748211337655.0,23695.2,23702.2
1748211339162.0,23695.7,23702.7
1748211339386.0,23696.8,23703.8
1748211340120.0,23697.2,23704.2
1748211340645.0,23697.8,23704.8
1748211340869.0,23698.3,23705.3
1748211341382.0,23697.8,23704.8
1748211341873.0,23697.9,23704.9
1748211345113.0,23698.4,23705.4
1748211346342.0,23697.9,23704.9
1748211346566.0,23698.9,23705.9
1748211346792.0,23696.9,23703.9
1748211349703.0,23695.9,23702.9
1748211350175.0,23698.0,23705.0
1748211350580.0,23696.9,23703.9
1748211350801.0,23697.4,23704.4
1748211351284.0,23696.9,23703.9
1748211352769.0,23696.4,23703.4
1748211353506.0,23697.4,23704.4
1748211353857.0,23697.9,23704.9
1748211354937.0,23697.4,23704.4
1748211356710.0,23696.4,23703.4
1748211360028.0,23698.4,23705.4
1748211361228.0,23697.9,23704.9
1748211362125.0,23698.4,23705.4
1748211362590.0,23697.9,23704.9
1748211366905.0,23699.4,23706.4
1748211367127.0,23698.9,23705.9
1748211367594.0,23700.0,23707.0
1748211368764.0,23699.4,23706.4
1748211369504.0,23701.5,23708.5
1748211369727.0,23702.0,23709.0
1748211369897.0,23702.1,23709.1
1748211370991.0,23700.6,23707.6
1748211373099.0,23700.1,23707.1
1748211373323.0,23699.5,23706.5
1748211373547.0,23700.6,23707.6
1748211373902.0,23700.5,23707.5
1748211375545.0,23700.0,23707.0
1748211375769.0,23700.5,23707.5
1748211377331.0,23696.5,23703.5
1748211377774.0,23696.0,23703.0
1748211377999.0,23696.5,23703.5
1748211378225.0,23696.0,23703.0
1748211378451.0,23697.5,23704.5
1748211378833.0,23698.5,23705.5
1748211379059.0,23699.5,23706.5
1748211382128.0,23700.0,23707.0
1748211382685.0,23701.0,23708.0
1748211383166.0,23700.5,23707.5
1748211386718.0,23701.0,23708.0
1748211387120.0,23700.0,23707.0
1748211387342.0,23700.5,23707.5
1748211391212.0,23700.0,23707.0
1748211393208.0,23705.6,23712.6
1748211394267.0,23704.5,23711.5
1748211394488.0,23704.0,23711.0
1748211395570.0,23704.5,23711.5
1748211395794.0,23705.6,23712.6
1748211396019.0,23706.1,23713.1
1748211396243.0,23705.6,23712.6
1748211396686.0,23704.5,23711.5
1748211398942.0,23703.8,23710.8
1748211399151.0,23702.8,23709.8
1748211399933.0,23703.3,23710.3
1748211400501.0,23702.3,23709.3
1748211401136.0,23702.8,23709.8
1748211401867.0,23703.3,23710.3
1748211402262.0,23702.8,23709.8
1748211402496.0,23703.3,23710.3
1748211403928.0,23702.8,23709.8
1748211405274.0,23703.8,23710.8
1748211406507.0,23709.9,23716.9
1748211406935.0,23709.4,23716.4
1748211408025.0,23711.4,23718.4
1748211408258.0,23710.4,23717.4
1748211409517.0,23708.8,23715.8
1748211410369.0,23709.8,23716.8
1748211411742.0,23708.8,23715.8
1748211412155.0,23710.4,23717.4
1748211412649.0,23710.9,23717.9
1748211412945.0,23710.4,23717.4
1748211413986.0,23709.9,23716.9
1748211414209.0,23708.4,23715.4
1748211415091.0,23708.9,23715.9
1748211415313.0,23709.9,23716.9
1748211415537.0,23709.4,23716.4
1748211416749.0,23708.9,23715.9
1748211417149.0,23708.4,23715.4
1748211419728.0,23707.9,23714.9
1748211419949.0,23706.3,23713.3
1748211420177.0,23707.9,23714.9
1748211420650.0,23707.4,23714.4
1748211420875.0,23706.3,23713.3
1748211421963.0,23706.4,23713.4
1748211422139.0,23706.9,23713.9
1748211423002.0,23707.4,23714.4
1748211423924.0,23707.9,23714.9
1748211424552.0,23708.4,23715.4
1748211426320.0,23707.9,23714.9
1748211426570.0,23708.4,23715.4
1748211427540.0,23707.9,23714.9
1748211431966.0,23707.7,23714.7
1748211434664.0,23707.1,23714.1
1748211437406.0,23707.7,23714.7
1748211437630.0,23707.1,23714.1
1748211438311.0,23708.7,23715.7
1748211441029.0,23707.7,23714.7
1748211441250.0,23708.2,23715.2
1748211441745.0,23708.7,23715.7
1748211442512.0,23708.2,23715.2
1748211442909.0,23707.7,23714.7
1748211443136.0,23708.2,23715.2
1748211443528.0,23711.8,23718.8
1748211444191.0,23710.7,23717.7
1748211444982.0,23711.7,23718.7
1748211445627.0,23712.2,23719.2
1748211446809.0,23710.7,23717.7
1748211447464.0,23710.2,23717.2
1748211448105.0,23710.7,23717.7
1748211448328.0,23710.2,23717.2
1748211449418.0,23711.2,23718.2
1748211450721.0,23711.7,23718.7
1748211450995.0,23710.6,23717.6
1748211452560.0,23711.1,23718.1
1748211453897.0,23710.6,23717.6
1748211457439.0,23709.6,23716.6
1748211462962.0,23710.1,23717.1
1748211463887.0,23709.6,23716.6
1748211464112.0,23710.6,23717.6
1748211464336.0,23711.1,23718.1
1748211468493.0,23710.6,23717.6
1748211469623.0,23709.6,23716.6
1748211470790.0,23710.6,23717.6
1748211471760.0,23711.6,23718.6
1748211474209.0,23712.6,23719.6
1748211475862.0,23715.7,23722.7
1748211476903.0,23715.2,23722.2
1748211477353.0,23716.2,23723.2
1748211477730.0,23715.7,23722.7
1748211478176.0,23715.2,23722.2
1748211479905.0,23716.2,23723.2
1748211480472.0,23718.7,23725.7
1748211480981.0,23717.7,23724.7
1748211481204.0,23718.7,23725.7
1748211482025.0,23719.2,23726.2
1748211482248.0,23718.7,23725.7
1748211482910.0,23718.2,23725.2
1748211483678.0,23718.7,23725.7
1748211484244.0,23718.2,23725.2
1748211484467.0,23718.7,23725.7
1748211485046.0,23717.7,23724.7
1748211485535.0,23718.2,23725.2
1748211487265.0,23716.7,23723.7
1748211487488.0,23717.7,23724.7
1748211487712.0,23716.7,23723.7
1748211487940.0,23715.7,23722.7
1748211488948.0,23714.7,23721.7
1748211490699.0,23714.1,23721.1
1748211490923.0,23714.7,23721.7
1748211491148.0,23716.7,23723.7
1748211491467.0,23716.1,23723.1
1748211496670.0,23716.7,23723.7
1748211496895.0,23716.1,23723.1
1748211497406.0,23717.2,23724.2
1748211497850.0,23718.7,23725.7
1748211499052.0,23718.2,23725.2
1748211499888.0,23717.7,23724.7
1748211500284.0,23718.2,23725.2
1748211501421.0,23717.7,23724.7
1748211502736.0,23715.7,23722.7
1748211504512.0,23714.7,23721.7
1748211506777.0,23713.7,23720.7
1748211509878.0,23712.6,23719.6
1748211510099.0,23711.1,23718.1
1748211510400.0,23711.6,23718.6
1748211511264.0,23710.6,23717.6
1748211512265.0,23711.1,23718.1
1748211512486.0,23711.6,23718.6
1748211512795.0,23712.1,23719.1
1748211513019.0,23712.7,23719.7
1748211513244.0,23713.7,23720.7
1748211513729.0,23713.1,23720.1
1748211513953.0,23712.7,23719.7
1748211514180.0,23713.1,23720.1
1748211514405.0,23712.7,23719.7
1748211514630.0,23713.1,23720.1
1748211514852.0,23713.7,23720.7
1748211515324.0,23713.1,23720.1
1748211515546.0,23713.7,23720.7
1748211516509.0,23713.1,23720.1
1748211516847.0,23712.7,23719.7
1748211518071.0,23712.9,23719.9
1748211520577.0,23713.4,23720.4
1748211521415.0,23713.9,23720.9
1748211524840.0,23712.9,23719.9
1748211525464.0,23712.4,23719.4
1748211525689.0,23716.0,23723.0
1748211525914.0,23714.4,23721.4
1748211526262.0,23712.9,23719.9
1748211527160.0,23715.9,23722.9
1748211527384.0,23715.4,23722.4
1748211527784.0,23714.4,23721.4
1748211528240.0,23713.9,23720.9
1748211529413.0,23714.4,23721.4
1748211531185.0,23713.9,23720.9
1748211533751.0,23714.9,23721.9
1748211534717.0,23714.4,23721.4
1748211535164.0,23713.9,23720.9
1748211537299.0,23714.4,23721.4
1748211539099.0,23714.9,23721.9
1748211540243.0,23713.4,23720.4
1748211540464.0,23712.9,23719.9
1748211540982.0,23711.4,23718.4
1748211541143.0,23711.5,23718.5
1748211541333.0,23711.0,23718.0
1748211541561.0,23710.5,23717.5
1748211542133.0,23711.0,23718.0
1748211543307.0,23710.5,23717.5
1748211543527.0,23711.0,23718.0
1748211544200.0,23713.0,23720.0
1748211544422.0,23712.5,23719.5
1748211544648.0,23712.0,23719.0
1748211546664.0,23713.0,23720.0
1748211547892.0,23714.5,23721.5
1748211548113.0,23714.0,23721.0
1748211548566.0,23713.5,23720.5
1748211549948.0,23712.5,23719.5
1748211550172.0,23713.0,23720.0
1748211551126.0,23712.0,23719.0
1748211551587.0,23711.0,23718.0
1748211551812.0,23710.4,23717.4
1748211552036.0,23711.0,23718.0
1748211552701.0,23712.0,23719.0
1748211553546.0,23712.5,23719.5
1748211554272.0,23713.0,23720.0
1748211556674.0,23712.0,23719.0
1748211556897.0,23712.5,23719.5
1748211559984.0,23713.0,23720.0
1748211560203.0,23712.5,23719.5
1748211561724.0,23717.1,23724.1
1748211562897.0,23715.5,23722.5
1748211563122.0,23716.5,23723.5
1748211565170.0,23716.6,23723.6
1748211566153.0,23716.1,23723.1
1748211567289.0,23714.6,23721.6
1748211568133.0,23715.1,23722.1
1748211568367.0,23715.6,23722.6
1748211571115.0,23718.2,23725.2
1748211571836.0,23716.6,23723.6
1748211572662.0,23717.7,23724.7
1748211573030.0,23717.2,23724.2
1748211574142.0,23717.1,23724.1
1748211574995.0,23716.6,23723.6
1748211576795.0,23716.1,23723.1
1748211577017.0,23716.6,23723.6
1748211577186.0,23716.7,23723.7
1748211577240.0,23717.2,23724.2
1748211578233.0,23718.7,23725.7
1748211580574.0,23718.3,23725.3
1748211580800.0,23720.3,23727.3
1748211581553.0,23720.8,23727.8
1748211581776.0,23720.3,23727.3
1748211582134.0,23720.8,23727.8
1748211583839.0,23720.3,23727.3
1748211584142.0,23720.2,23727.2
1748211585034.0,23720.7,23727.7
1748211585452.0,23721.3,23728.3
1748211586203.0,23721.2,23728.2
1748211586345.0,23720.7,23727.7
1748211586572.0,23720.2,23727.2
1748211587502.0,23719.2,23726.2
1748211587725.0,23720.2,23727.2
1748211588628.0,23718.2,23725.2
1748211590050.0,23719.7,23726.7
1748211590584.0,23720.7,23727.7
1748211591067.0,23721.2,23728.2
1748211591291.0,23737.5,23744.5
1748211591515.0,23739.0,23746.0
1748211591743.0,23740.0,23747.0
1748211591969.0,23738.5,23745.5
1748211592211.0,23739.2,23746.2
1748211592421.0,23737.1,23744.1
1748211592641.0,23733.1,23740.1
1748211592908.0,23732.6,23739.6
1748211593131.0,23733.1,23740.1
1748211593356.0,23732.6,23739.6
1748211593582.0,23733.6,23740.6
1748211593808.0,23732.6,23739.6
1748211594307.0,23733.1,23740.1
1748211594709.0,23732.6,23739.6
1748211595170.0,23734.0,23741.0
1748211595600.0,23733.5,23740.5
1748211595825.0,23732.0,23739.0
1748211596050.0,23732.5,23739.5
1748211596899.0,23733.0,23740.0
1748211597123.0,23734.5,23741.5
1748211597347.0,23735.5,23742.5
1748211597595.0,23736.0,23743.0
1748211597995.0,23735.5,23742.5
1748211599217.0,23734.0,23741.0
1748211599444.0,23734.5,23741.5
1748211599669.0,23735.5,23742.5
1748211600026.0,23736.0,23743.0
1748211600250.0,23736.5,23743.5
1748211600476.0,23735.5,23742.5
1748211600703.0,23734.5,23741.5
1748211600927.0,23735.0,23742.0
1748211601240.0,23734.5,23741.5
1748211601466.0,23734.0,23741.0
1748211601690.0,23733.5,23740.5
1748211601917.0,23734.0,23741.0
1748211602139.0,23734.5,23741.5
1748211602365.0,23735.0,23742.0
1748211602640.0,23740.1,23747.1
1748211602863.0,23738.6,23745.6
1748211603299.0,23738.1,23745.1
1748211603700.0,23738.6,23745.6
1748211604599.0,23739.6,23746.6
1748211605006.0,23740.1,23747.1
1748211605230.0,23742.6,23749.6
1748211605455.0,23742.2,23749.2
1748211605680.0,23742.6,23749.6
1748211606294.0,23741.6,23748.6
1748211607166.0,23741.1,23748.1
1748211607390.0,23741.6,23748.6
1748211607614.0,23741.1,23748.1
1748211607840.0,23741.6,23748.6
1748211608067.0,23742.2,23749.2
1748211608732.0,23741.1,23748.1
1748211608958.0,23742.6,23749.6
1748211609584.0,23741.6,23748.6
1748211609985.0,23741.1,23748.1
1748211610467.0,23741.6,23748.6
1748211610693.0,23744.7,23751.7
1748211610918.0,23745.2,23752.2
1748211611142.0,23745.7,23752.7
1748211611367.0,23743.2,23750.2
1748211611887.0,23744.7,23751.7
1748211612341.0,23742.6,23749.6
1748211613179.0,23743.1,23750.1
1748211613328.0,23744.6,23751.6
1748211613842.0,23745.6,23752.6
1748211614069.0,23746.2,23753.2
1748211614176.0,23746.1,23753.1
1748211614291.0,23745.1,23752.1
1748211614517.0,23745.5,23752.5
1748211615213.0,23746.3,23753.3
1748211615517.0,23745.3,23752.3
1748211615741.0,23743.8,23750.8
1748211615966.0,23742.8,23749.8
1748211616194.0,23744.8,23751.8
1748211616420.0,23743.8,23750.8
1748211616641.0,23744.3,23751.3
1748211616868.0,23743.3,23750.3
1748211617150.0,23744.8,23751.8
1748211617615.0,23747.3,23754.3
1748211617839.0,23748.4,23755.4
1748211618180.0,23748.6,23755.6
1748211618287.0,23750.1,23757.1
1748211618526.0,23749.6,23756.6
1748211618752.0,23749.1,23756.1
1748211618977.0,23748.6,23755.6
1748211619236.0,23747.2,23754.2
1748211619352.0,23747.7,23754.7
1748211619578.0,23747.2,23754.2
1748211620128.0,23746.7,23753.7
1748211620542.0,23747.2,23754.2
1748211621143.0,23747.7,23754.7
1748211621767.0,23748.2,23755.2
1748211621990.0,23748.7,23755.7
1748211622214.0,23749.3,23756.3
1748211622442.0,23748.7,23755.7
1748211623327.0,23748.3,23755.3
1748211623550.0,23748.7,23755.7
1748211624124.0,23748.3,23755.3
1748211624241.0,23748.1,23755.1
1748211624348.0,23747.5,23754.5
1748211624572.0,23746.5,23753.5
1748211624799.0,23748.1,23755.1
1748211625173.0,23746.0,23753.0
1748211625398.0,23745.5,23752.5
1748211626063.0,23747.0,23754.0
1748211626285.0,23747.5,23754.5
1748211626511.0,23747.0,23754.0
1748211626735.0,23747.5,23754.5
1748211626960.0,23748.0,23755.0
1748211627457.0,23747.5,23754.5
1748211627913.0,23748.0,23755.0
1748211628139.0,23749.5,23756.5
1748211628906.0,23749.0,23756.0
1748211629130.0,23748.0,23755.0
1748211629355.0,23747.5,23754.5
1748211629580.0,23747.0,23754.0
1748211629806.0,23747.5,23754.5
1748211630398.0,23747.0,23754.0
1748211630621.0,23745.4,23752.4
1748211631400.0,23745.6,23752.6
1748211631621.0,23746.1,23753.1
1748211632060.0,23745.6,23752.6
1748211632284.0,23744.6,23751.6
1748211632656.0,23744.1,23751.1
1748211632881.0,23744.6,23751.6
1748211633202.0,23745.0,23752.0
1748211633961.0,23744.5,23751.5
1748211634204.0,23745.2,23752.2
1748211634995.0,23742.6,23749.6
1748211635685.0,23743.1,23750.1
1748211635910.0,23744.2,23751.2
1748211636287.0,23746.2,23753.2
1748211636511.0,23745.2,23752.2
1748211636736.0,23745.7,23752.7
1748211637501.0,23745.2,23752.2
1748211638209.0,23745.3,23752.3
1748211639654.0,23745.8,23752.8
1748211640053.0,23745.3,23752.3
1748211640825.0,23745.8,23752.8
1748211641048.0,23747.8,23754.8
1748211641312.0,23747.3,23754.3
1748211641538.0,23746.8,23753.8
1748211641765.0,23746.3,23753.3
1748211641989.0,23746.8,23753.8
1748211642233.0,23747.2,23754.2
1748211642697.0,23746.2,23753.2
1748211643406.0,23745.7,23752.7
1748211643954.0,23746.2,23753.2
1748211644178.0,23746.7,23753.7
1748211644658.0,23746.2,23753.2
1748211645470.0,23746.7,23753.7
1748211649185.0,23747.2,23754.2
1748211649409.0,23746.2,23753.2
1748211649632.0,23747.2,23754.2
1748211649857.0,23746.7,23753.7
1748211650305.0,23747.7,23754.7
1748211650615.0,23748.2,23755.2
1748211651015.0,23747.2,23754.2
1748211651223.0,23747.1,23754.1
1748211651501.0,23747.6,23754.6
1748211651911.0,23747.1,23754.1
1748211652882.0,23747.6,23754.6
1748211653225.0,23747.1,23754.1
1748211655038.0,23746.1,23753.1
1748211655262.0,23745.6,23752.6
1748211655486.0,23745.0,23752.0
1748211655711.0,23745.6,23752.6
1748211655937.0,23744.5,23751.5
1748211656161.0,23744.0,23751.0
1748211656225.0,23743.2,23750.2
1748211656942.0,23742.7,23749.7
1748211657170.0,23742.2,23749.2
1748211657390.0,23742.7,23749.7
1748211657616.0,23742.2,23749.2
1748211658349.0,23741.7,23748.7
1748211658575.0,23739.7,23746.7
1748211658800.0,23738.6,23745.6
1748211659026.0,23737.1,23744.1
1748211659257.0,23737.4,23744.4
1748211659474.0,23737.9,23744.9
1748211660236.0,23737.7,23744.7
1748211660326.0,23736.7,23743.7
1748211660733.0,23737.2,23744.2
1748211660956.0,23737.7,23744.7
1748211661182.0,23736.2,23743.2
1748211661406.0,23736.7,23743.7
1748211662067.0,23737.2,23744.2
1748211662485.0,23738.2,23745.2
1748211663245.0,23738.7,23745.7
1748211663666.0,23739.2,23746.2
1748211663891.0,23738.7,23745.7
1748211664418.0,23737.2,23744.2
1748211664642.0,23736.2,23743.2
1748211665992.0,23741.8,23748.8
1748211666212.0,23740.7,23747.7
1748211667291.0,23740.2,23747.2
1748211667513.0,23739.7,23746.7
1748211667856.0,23739.2,23746.2
1748211668080.0,23739.7,23746.7
1748211668303.0,23740.1,23747.1
1748211668531.0,23741.6,23748.6
1748211669276.0,23741.1,23748.1
1748211672609.0,23741.6,23748.6
1748211672832.0,23743.6,23750.6
1748211673442.0,23743.1,23750.1
1748211673667.0,23740.1,23747.1
1748211674366.0,23739.5,23746.5
1748211675590.0,23740.0,23747.0
1748211676747.0,23740.5,23747.5
1748211677648.0,23741.0,23748.0
1748211678656.0,23740.5,23747.5
1748211678880.0,23740.0,23747.0
1748211679104.0,23740.5,23747.5
1748211679328.0,23740.0,23747.0
1748211679554.0,23741.5,23748.5
1748211680130.0,23742.0,23749.0
1748211680355.0,23745.1,23752.1
1748211681027.0,23744.6,23751.6
1748211681249.0,23745.1,23752.1
1748211681481.0,23745.6,23752.6
1748211682081.0,23745.1,23752.1
1748211682258.0,23745.2,23752.2
1748211682478.0,23745.7,23752.7
1748211682705.0,23746.7,23753.7
1748211683882.0,23746.2,23753.2
1748211684108.0,23750.3,23757.3
1748211684331.0,23750.8,23757.8
1748211685185.0,23750.3,23757.3
1748211685406.0,23750.8,23757.8
1748211685748.0,23750.3,23757.3
1748211685973.0,23749.3,23756.3
1748211687270.0,23749.2,23756.2
1748211688266.0,23748.3,23755.3
1748211688340.0,23746.8,23753.8
1748211688622.0,23746.3,23753.3
1748211688847.0,23746.8,23753.8
1748211689905.0,23746.3,23753.3
1748211690128.0,23746.8,23753.8
1748211690350.0,23746.2,23753.2
1748211690579.0,23747.7,23754.7
1748211692018.0,23748.2,23755.2
1748211692272.0,23750.7,23757.7
1748211693019.0,23749.7,23756.7
1748211693268.0,23748.9,23755.9
1748211693926.0,23747.3,23754.3
1748211694150.0,23747.9,23754.9
1748211694271.0,23747.8,23754.8
1748211696065.0,23752.4,23759.4
1748211696280.0,23752.6,23759.6
1748211697042.0,23753.1,23760.1
1748211697263.0,23752.6,23759.6
1748211697842.0,23752.1,23759.1
1748211698107.0,23752.6,23759.6
1748211698332.0,23753.6,23760.6
1748211698961.0,23754.1,23761.1
1748211699185.0,23755.1,23762.1
1748211699410.0,23754.1,23761.1
1748211699635.0,23754.6,23761.6
1748211700625.0,23754.1,23761.1
1748211700850.0,23755.1,23762.1
1748211701075.0,23753.1,23760.1
1748211701785.0,23751.5,23758.5
1748211702326.0,23751.0,23758.0
1748211702729.0,23749.5,23756.5
1748211704073.0,23749.0,23756.0
1748211704295.0,23748.5,23755.5
1748211704707.0,23748.0,23755.0
1748211705286.0,23748.4,23755.4
1748211705432.0,23747.4,23754.4
1748211705660.0,23748.9,23755.9
1748211707328.0,23749.5,23756.5
1748211707552.0,23750.0,23757.0
1748211707778.0,23751.0,23758.0
1748211708463.0,23750.5,23757.5
1748211708687.0,23749.5,23756.5
1748211708913.0,23753.5,23760.5
1748211709412.0,23752.5,23759.5
1748211710119.0,23751.5,23758.5
1748211710343.0,23752.0,23759.0
1748211710566.0,23752.5,23759.5
1748211710792.0,23753.5,23760.5
1748211711205.0,23753.0,23760.0
1748211712941.0,23753.5,23760.5
1748211713167.0,23753.0,23760.0
1748211713390.0,23752.0,23759.0
1748211713615.0,23752.5,23759.5
1748211713840.0,23752.0,23759.0
1748211714065.0,23753.0,23760.0
1748211714478.0,23752.5,23759.5
1748211715264.0,23753.0,23760.0
1748211715564.0,23752.5,23759.5
1748211715787.0,23753.0,23760.0
1748211716012.0,23751.5,23758.5
1748211716473.0,23756.9,23763.9
1748211716698.0,23755.9,23762.9
1748211717296.0,23753.9,23760.9
1748211717521.0,23757.7,23764.7
1748211718203.0,23759.3,23766.3
1748211718429.0,23758.7,23765.7
1748211719302.0,23758.8,23765.8
1748211719653.0,23756.7,23763.7
1748211719878.0,23756.2,23763.2
1748211720266.0,23759.8,23766.8
1748211720986.0,23759.3,23766.3
1748211721209.0,23757.8,23764.8
1748211721445.0,23758.3,23765.3
1748211721673.0,23760.9,23767.9
1748211722893.0,23761.4,23768.4
1748211723117.0,23760.4,23767.4
1748211723495.0,23762.9,23769.9
1748211723817.0,23762.4,23769.4
1748211724045.0,23764.4,23771.4
1748211724270.0,23762.9,23769.9
1748211724492.0,23765.6,23772.6
1748211724717.0,23766.1,23773.1
1748211726323.0,23766.6,23773.6
1748211726549.0,23769.2,23776.2
1748211726774.0,23769.7,23776.7
1748211726999.0,23769.2,23776.2
1748211727299.0,23769.5,23776.5
1748211727447.0,23769.0,23776.0
1748211728334.0,23770.3,23777.3
1748211728733.0,23769.8,23776.8
1748211728956.0,23770.3,23777.3
1748211729898.0,23768.8,23775.8
1748211730330.0,23768.8,23775.8
1748211730536.0,23769.3,23776.3
1748211730761.0,23765.7,23772.7
1748211730986.0,23766.2,23773.2
1748211731636.0,23768.7,23775.7
1748211732314.0,23768.8,23775.8
1748211732448.0,23769.3,23776.3
1748211732674.0,23769.8,23776.8
1748211733165.0,23771.3,23778.3
1748211733512.0,23770.9,23777.9
1748211733738.0,23771.9,23778.9
1748211734566.0,23769.3,23776.3
1748211735169.0,23768.8,23775.8
1748211735391.0,23769.8,23776.8
1748211735619.0,23775.9,23782.9
1748211736374.0,23775.6,23782.6
1748211737058.0,23774.6,23781.6
1748211737312.0,23775.8,23782.8
1748211737605.0,23776.3,23783.3
1748211737831.0,23779.8,23786.8
1748211738320.0,23780.0,23787.0
1748211738685.0,23779.5,23786.5
1748211739280.0,23780.0,23787.0
1748211739503.0,23779.5,23786.5
1748211739964.0,23777.9,23784.9
1748211740189.0,23780.0,23787.0
1748211740323.0,23779.9,23786.9
1748211740563.0,23780.4,23787.4
1748211740784.0,23780.9,23787.9
1748211741010.0,23780.4,23787.4
1748211741318.0,23780.2,23787.2
1748211741655.0,23779.2,23786.2
1748211741875.0,23778.6,23785.6
1748211742103.0,23778.1,23785.1
1748211742548.0,23778.6,23785.6
1748211743379.0,23781.6,23788.6
1748211743549.0,23781.1,23788.1
1748211743774.0,23780.6,23787.6
1748211743997.0,23780.1,23787.1
1748211744222.0,23780.6,23787.6
1748211744328.0,23780.5,23787.5
1748211744449.0,23781.0,23788.0
1748211744672.0,23780.5,23787.5
1748211745230.0,23780.0,23787.0
1748211745456.0,23781.5,23788.5
1748211745679.0,23781.0,23788.0
1748211746029.0,23781.5,23788.5
1748211746254.0,23781.0,23788.0
1748211746327.0,23780.0,23787.0
1748211747009.0,23783.1,23790.1
1748211748028.0,23783.6,23790.6
1748211748253.0,23781.6,23788.6
1748211748716.0,23782.1,23789.1
1748211749114.0,23782.6,23789.6
1748211749339.0,23782.1,23789.1
1748211749563.0,23782.6,23789.6
1748211749788.0,23782.1,23789.1
1748211750016.0,23781.6,23788.6
1748211750240.0,23781.1,23788.1
1748211750463.0,23781.6,23788.6
1748211750690.0,23782.1,23789.1
1748211750914.0,23782.6,23789.6
1748211751138.0,23782.1,23789.1
1748211751518.0,23781.6,23788.6
1748211751743.0,23785.7,23792.7
1748211752119.0,23785.2,23792.2
1748211752341.0,23785.1,23792.1
1748211752571.0,23785.6,23792.6
1748211752968.0,23784.6,23791.6
1748211753194.0,23785.6,23792.6
1748211753417.0,23784.1,23791.1
1748211753643.0,23783.1,23790.1
1748211753868.0,23784.6,23791.6
1748211754092.0,23784.1,23791.1
1748211754730.0,23783.1,23790.1
1748211754954.0,23786.1,23793.1
1748211755183.0,23787.1,23794.1
1748211755403.0,23786.6,23793.6
1748211756698.0,23787.6,23794.6
1748211757048.0,23788.1,23795.1
1748211757272.0,23788.6,23795.6
1748211757496.0,23787.6,23794.6
1748211757722.0,23787.1,23794.1
1748211757947.0,23788.6,23795.6
1748211758172.0,23788.1,23795.1
1748211758466.0,23787.6,23794.6
1748211758930.0,23788.1,23795.1
1748211759155.0,23787.1,23794.1
1748211759377.0,23786.6,23793.6
1748211759895.0,23787.1,23794.1
1748211760122.0,23788.1,23795.1
1748211760393.0,23783.4,23790.4
1748211760569.0,23783.9,23790.9
1748211761015.0,23783.4,23790.4
1748211761241.0,23784.5,23791.5
1748211761393.0,23783.7,23790.7
1748211761617.0,23782.1,23789.1
1748211761841.0,23784.2,23791.2
1748211762064.0,23783.1,23790.1
1748211762440.0,23783.5,23790.5
1748211762843.0,23785.0,23792.0
1748211763341.0,23785.1,23792.1
1748211763862.0,23784.7,23791.7
1748211764086.0,23785.7,23792.7
1748211764345.0,23784.1,23791.1
1748211764743.0,23784.6,23791.6
1748211765145.0,23784.1,23791.1
1748211765397.0,23785.0,23792.0
1748211766022.0,23784.5,23791.5
1748211766247.0,23783.0,23790.0
1748211766351.0,23782.8,23789.8
1748211767038.0,23780.3,23787.3
1748211767435.0,23781.8,23788.8
1748211767953.0,23780.3,23787.3
1748211768173.0,23779.8,23786.8
1748211768397.0,23781.7,23788.7
1748211768892.0,23781.1,23788.1
1748211769349.0,23781.2,23788.2
1748211769651.0,23781.7,23788.7
1748211769877.0,23782.7,23789.7
1748211770350.0,23782.6,23789.6
1748211770452.0,23783.1,23790.1
1748211770676.0,23782.6,23789.6
1748211771499.0,23785.1,23792.1
1748211771719.0,23783.6,23790.6
1748211772589.0,23783.1,23790.1
1748211772961.0,23783.6,23790.6
1748211773362.0,23784.0,23791.0
1748211773617.0,23783.5,23790.5
1748211774363.0,23785.3,23792.3
1748211775142.0,23785.8,23792.8
1748211775365.0,23786.8,23793.8
1748211775591.0,23787.3,23794.3
1748211775817.0,23782.3,23789.3
1748211776143.0,23783.3,23790.3
1748211776761.0,23783.8,23790.8
1748211777350.0,23784.3,23791.3
1748211777572.0,23786.3,23793.3
1748211777799.0,23785.8,23792.8
1748211778182.0,23786.3,23793.3
1748211778408.0,23787.3,23794.3
1748211780519.0,23788.9,23795.9
1748211780742.0,23786.9,23793.9
1748211780968.0,23788.4,23795.4
1748211781190.0,23787.9,23794.9
1748211781416.0,23788.4,23795.4
1748211781942.0,23788.9,23795.9
1748211782167.0,23787.9,23794.9
1748211783227.0,23786.9,23793.9
1748211783448.0,23787.4,23794.4
1748211783852.0,23786.9,23793.9
1748211784078.0,23787.4,23794.4
1748211784538.0,23787.9,23794.9
1748211784763.0,23787.4,23794.4
1748211784990.0,23796.0,23803.0
1748211785377.0,23797.5,23804.5
1748211785630.0,23796.5,23803.5
1748211785854.0,23795.5,23802.5
1748211786080.0,23795.0,23802.0
1748211786305.0,23796.0,23803.0
1748211786373.0,23795.9,23802.9
1748211786629.0,23795.4,23802.4
1748211786855.0,23794.9,23801.9
1748211787077.0,23794.4,23801.4
1748211787304.0,23793.9,23800.9
1748211787527.0,23792.9,23799.9
1748211787753.0,23792.3,23799.3
1748211787978.0,23791.8,23798.8
1748211788323.0,23792.3,23799.3
1748211788723.0,23791.3,23798.3
1748211789198.0,23792.9,23799.9
1748211789869.0,23793.9,23800.9
1748211790534.0,23793.4,23800.4
1748211790756.0,23793.9,23800.9
1748211790983.0,23794.4,23801.4
1748211791208.0,23795.4,23802.4
1748211791432.0,23795.9,23802.9
1748211791734.0,23797.4,23804.4
1748211792132.0,23798.0,23805.0
1748211792375.0,23796.2,23803.2
1748211792588.0,23797.2,23804.2
1748211792807.0,23797.7,23804.7
1748211793427.0,23798.3,23805.3
1748211793654.0,23802.3,23809.3
1748211793877.0,23801.8,23808.8
1748211794379.0,23802.2,23809.2
1748211794503.0,23800.1,23807.1
1748211794729.0,23800.6,23807.6
1748211794954.0,23799.6,23806.6
1748211795178.0,23800.6,23807.6
1748211795401.0,23799.6,23806.6
1748211795629.0,23799.1,23806.1
1748211795855.0,23800.6,23807.6
1748211796081.0,23800.1,23807.1
1748211796304.0,23798.6,23805.6
1748211796529.0,23798.1,23805.1
1748211796752.0,23798.6,23805.6
1748211797085.0,23799.6,23806.6
1748211797310.0,23800.1,23807.1
1748211797382.0,23799.6,23806.6
1748211797536.0,23792.5,23799.5
1748211797759.0,23793.6,23800.6
1748211797984.0,23794.0,23801.0
1748211798211.0,23794.6,23801.6
1748211798432.0,23794.0,23801.0
1748211798661.0,23795.1,23802.1
1748211798885.0,23793.6,23800.6
1748211799368.0,23794.0,23801.0
1748211799590.0,23792.5,23799.5
1748211799815.0,23791.0,23798.0
1748211800041.0,23789.0,23796.0
1748211800389.0,23788.8,23795.8
1748211800460.0,23788.3,23795.3
1748211800686.0,23784.2,23791.2
1748211800912.0,23785.2,23792.2
1748211801141.0,23784.7,23791.7
1748211801391.0,23785.1,23792.1
1748211801664.0,23785.6,23792.6
1748211802067.0,23786.6,23793.6
1748211802291.0,23787.1,23794.1
1748211802516.0,23788.1,23795.1
1748211802741.0,23789.1,23796.1
1748211803066.0,23789.6,23796.6
1748211803660.0,23789.1,23796.1
1748211803882.0,23788.6,23795.6
1748211804108.0,23790.6,23797.6
1748211804459.0,23790.1,23797.1
1748211804986.0,23790.6,23797.6
1748211805208.0,23791.1,23798.1
1748211805434.0,23791.6,23798.6
1748211806452.0,23792.1,23799.1
1748211806854.0,23791.1,23798.1
1748211807254.0,23791.6,23798.6
1748211807478.0,23792.6,23799.6
1748211807702.0,23793.1,23800.1
1748211807925.0,23793.6,23800.6
1748211808153.0,23792.6,23799.6
1748211809046.0,23792.1,23799.1
1748211809271.0,23793.6,23800.6
1748211809495.0,23796.2,23803.2
1748211809721.0,23794.2,23801.2
1748211809945.0,23794.7,23801.7
1748211810172.0,23794.2,23801.2
1748211810417.0,23794.7,23801.7
1748211810639.0,23794.2,23801.2
1748211811497.0,23793.7,23800.7
1748211812324.0,23793.2,23800.2
1748211812724.0,23792.7,23799.7
1748211813353.0,23792.2,23799.2
1748211813410.0,23792.0,23799.0
1748211814483.0,23792.9,23799.9
1748211815416.0,23793.0,23800.0
1748211815496.0,23791.9,23798.9
1748211815723.0,23793.0,23800.0
1748211815946.0,23792.4,23799.4
1748211816830.0,23792.9,23799.9
1748211817057.0,23794.0,23801.0
1748211817618.0,23795.0,23802.0
1748211817843.0,23800.1,23807.1
1748211818069.0,23801.1,23808.1
1748211818293.0,23800.5,23807.5
1748211818621.0,23800.1,23807.1
1748211819461.0,23800.0,23807.0
1748211819752.0,23800.5,23807.5
1748211819976.0,23798.5,23805.5
1748211820199.0,23800.5,23807.5
1748211820431.0,23798.9,23805.9
1748211820651.0,23800.4,23807.4
1748211820874.0,23799.9,23806.9
1748211821100.0,23799.4,23806.4
1748211821325.0,23800.4,23807.4
1748211821552.0,23799.4,23806.4
1748211822153.0,23798.9,23805.9
1748211822767.0,23799.4,23806.4
1748211823496.0,23799.9,23806.9
1748211824851.0,23799.3,23806.3
1748211825246.0,23799.9,23806.9
1748211825468.0,23800.4,23807.4
1748211826349.0,23800.9,23807.9
1748211826571.0,23800.4,23807.4
1748211827422.0,23799.9,23806.9
1748211827606.0,23809.0,23816.0
1748211827829.0,23808.0,23815.0
1748211828392.0,23806.0,23813.0
1748211828615.0,23807.0,23814.0
1748211829274.0,23806.5,23813.5
1748211829496.0,23805.9,23812.9
1748211829799.0,23805.5,23812.5
1748211830030.0,23804.9,23811.9
1748211830251.0,23804.4,23811.4
1748211830481.0,23805.0,23812.0
1748211831430.0,23804.9,23811.9
1748211831848.0,23803.9,23810.9
1748211832071.0,23804.4,23811.4
1748211832296.0,23803.9,23810.9
1748211832647.0,23804.9,23811.9
1748211833706.0,23806.5,23813.5
1748211833930.0,23804.9,23811.9
1748211834155.0,23805.5,23812.5
1748211834430.0,23805.4,23812.4
1748211834721.0,23804.9,23811.9
1748211834944.0,23803.4,23810.4
1748211835169.0,23803.9,23810.9
1748211835813.0,23805.4,23812.4
1748211836037.0,23805.9,23812.9
1748211836791.0,23804.9,23811.9
1748211837089.0,23804.4,23811.4
1748211837311.0,23803.9,23810.9
1748211838312.0,23803.4,23810.4
1748211838937.0,23800.8,23807.8
1748211839436.0,23800.9,23807.9
1748211840566.0,23800.4,23807.4
1748211841736.0,23797.8,23804.8
1748211841959.0,23798.8,23805.8
1748211842437.0,23798.9,23805.9
1748211843318.0,23800.4,23807.4
1748211844155.0,23802.4,23809.4
1748211844376.0,23798.8,23805.8
1748211845029.0,23799.9,23806.9
1748211845418.0,23799.4,23806.4
1748211845897.0,23799.9,23806.9
1748211846300.0,23798.8,23805.8
1748211846523.0,23799.4,23806.4
1748211846747.0,23798.8,23805.8
1748211846971.0,23798.3,23805.3
1748211847198.0,23798.8,23805.8
1748211847498.0,23798.3,23805.3
1748211848444.0,23803.1,23810.1
1748211848787.0,23798.0,23805.0
1748211849010.0,23798.5,23805.5
1748211850189.0,23798.0,23805.0
1748211850412.0,23797.5,23804.5
1748211850637.0,23797.0,23804.0
1748211850863.0,23798.5,23805.5
1748211851088.0,23797.0,23804.0
1748211851758.0,23797.5,23804.5
1748211852158.0,23798.0,23805.0
1748211853615.0,23797.4,23804.4
1748211854519.0,23796.9,23803.9
1748211855120.0,23795.9,23802.9
1748211855819.0,23794.4,23801.4
1748211856449.0,23794.3,23801.3
1748211856829.0,23793.8,23800.8
1748211857990.0,23796.4,23803.4
1748211858216.0,23795.9,23802.9
1748211858459.0,23795.8,23802.8
1748211859837.0,23794.8,23801.8
1748211860495.0,23793.3,23800.3
1748211860718.0,23789.7,23796.7
1748211860942.0,23786.7,23793.7
1748211861168.0,23788.2,23795.2
1748211861396.0,23789.2,23796.2
1748211861665.0,23788.7,23795.7
1748211861889.0,23789.2,23796.2
1748211862117.0,23788.7,23795.7
1748211862536.0,23790.2,23797.2
1748211862760.0,23788.7,23795.7
1748211862984.0,23789.2,23796.2
1748211863209.0,23788.7,23795.7
1748211863434.0,23789.7,23796.7
1748211863658.0,23790.2,23797.2
1748211864346.0,23792.2,23799.2
1748211864570.0,23791.7,23798.7
1748211864795.0,23790.7,23797.7
1748211865020.0,23792.2,23799.2
1748211865244.0,23792.8,23799.8
1748211865469.0,23793.2,23800.2
1748211866098.0,23790.7,23797.7
1748211866318.0,23791.2,23798.2
1748211866719.0,23791.7,23798.7
1748211866945.0,23790.7,23797.7
1748211867168.0,23792.2,23799.2
1748211867395.0,23791.2,23798.2
1748211867617.0,23791.7,23798.7
1748211867920.0,23792.2,23799.2
1748211868415.0,23792.7,23799.7
1748211868638.0,23793.2,23800.2
1748211869017.0,23793.7,23800.7
1748211869242.0,23791.7,23798.7
1748211869466.0,23792.2,23799.2
1748211869692.0,23791.7,23798.7
1748211869915.0,23791.2,23798.2
1748211870142.0,23792.2,23799.2
1748211870366.0,23790.7,23797.7
1748211870737.0,23791.2,23798.2
1748211871596.0,23801.3,23808.3
1748211872297.0,23800.3,23807.3
1748211873083.0,23801.3,23808.3
1748211873424.0,23801.9,23808.9
1748211873648.0,23801.3,23808.3
1748211876890.0,23800.3,23807.3
1748211878044.0,23799.8,23806.8
1748211878268.0,23801.3,23808.3
1748211878937.0,23800.3,23807.3
1748211879368.0,23799.8,23806.8
1748211880700.0,23801.3,23808.3
1748211881644.0,23802.3,23809.3
1748211882025.0,23801.9,23808.9
1748211882250.0,23800.8,23807.8
1748211882472.0,23801.3,23808.3
1748211883556.0,23800.5,23807.5
1748211883784.0,23801.1,23808.1
1748211884266.0,23802.1,23809.1
1748211884716.0,23803.1,23810.1
1748211884938.0,23802.6,23809.6
1748211886432.0,23802.1,23809.1
1748211887336.0,23801.6,23808.6
1748211888204.0,23802.1,23809.1
1748211892161.0,23809.2,23816.2
1748211893931.0,23810.7,23817.7
1748211894537.0,23811.7,23818.7
1748211894637.0,23811.2,23818.2
1748211894862.0,23811.7,23818.7
1748211895187.0,23812.2,23819.2
1748211895501.0,23813.0,23820.0
1748211895862.0,23815.6,23822.6
1748211896408.0,23830.3,23837.3
1748211896615.0,23828.3,23835.3
1748211896841.0,23830.3,23837.3
1748211897064.0,23829.3,23836.3
1748211897292.0,23834.9,23841.9
1748211897514.0,23831.3,23838.3
1748211897740.0,23830.8,23837.8
1748211897963.0,23830.2,23837.2
1748211898256.0,23830.8,23837.8
1748211898508.0,23831.2,23838.2
1748211898657.0,23830.7,23837.7
1748211898881.0,23830.2,23837.2
1748211899105.0,23828.6,23835.6
1748211899332.0,23830.2,23837.2
1748211899501.0,23830.1,23837.1
1748211899659.0,23829.1,23836.1
1748211899882.0,23829.6,23836.6
1748211900108.0,23830.1,23837.1
1748211900461.0,23831.1,23838.1
1748211900683.0,23830.6,23837.6
1748211900909.0,23833.6,23840.6
1748211901134.0,23831.6,23838.6
1748211901359.0,23830.1,23837.1
1748211901583.0,23828.1,23835.1
1748211901807.0,23827.5,23834.5
1748211902258.0,23827.0,23834.0
1748211902480.0,23827.5,23834.5
1748211902972.0,23830.1,23837.1
1748211903195.0,23829.6,23836.6
1748211903515.0,23829.5,23836.5
1748211903634.0,23830.1,23837.1
1748211903861.0,23832.6,23839.6
1748211904252.0,23833.1,23840.1
1748211904508.0,23834.0,23841.0
1748211904700.0,23831.5,23838.5
1748211904927.0,23833.6,23840.6
1748211905296.0,23833.0,23840.0
1748211905533.0,23831.9,23838.9
1748211905745.0,23832.4,23839.4
1748211905972.0,23827.9,23834.9
1748211906194.0,23828.3,23835.3
1748211906422.0,23828.9,23835.9
1748211906647.0,23823.8,23830.8
1748211906869.0,23823.3,23830.3
1748211907095.0,23823.8,23830.8
1748211907321.0,23822.8,23829.8
1748211907673.0,23823.3,23830.3
1748211907898.0,23824.3,23831.3
1748211908123.0,23825.3,23832.3
1748211908348.0,23826.3,23833.3
1748211908571.0,23825.3,23832.3
1748211908796.0,23825.9,23832.9
1748211909022.0,23825.3,23832.3
1748211909249.0,23824.9,23831.9
1748211909593.0,23823.8,23830.8
1748211909818.0,23824.9,23831.9
1748211910042.0,23826.4,23833.4
1748211910269.0,23825.9,23832.9
1748211910522.0,23825.8,23832.8
1748211910790.0,23827.9,23834.9
1748211911015.0,23826.3,23833.3
1748211911239.0,23828.4,23835.4
1748211911700.0,23828.9,23835.9
1748211911925.0,23827.9,23834.9
1748211912150.0,23827.3,23834.3
1748211912521.0,23826.7,23833.7
1748211912840.0,23830.2,23837.2
1748211913066.0,23829.2,23836.2
1748211913290.0,23829.7,23836.7
1748211913614.0,23829.2,23836.2
1748211913839.0,23830.7,23837.7
1748211914064.0,23830.2,23837.2
1748211914290.0,23829.7,23836.7
1748211914514.0,23830.7,23837.7
1748211914941.0,23832.3,23839.3
1748211915167.0,23833.3,23840.3
1748211915391.0,23835.8,23842.8
1748211915614.0,23832.7,23839.7
1748211915840.0,23834.2,23841.2
1748211916066.0,23833.7,23840.7
1748211916343.0,23831.7,23838.7
1748211916567.0,23830.7,23837.7
1748211916597.0,23830.3,23837.3
1748211916943.0,23826.2,23833.2
1748211917306.0,23826.8,23833.8
1748211917578.0,23828.1,23835.1
1748211917755.0,23828.6,23835.6
1748211917982.0,23828.1,23835.1
1748211918207.0,23827.0,23834.0
1748211918430.0,23827.6,23834.6
1748211918530.0,23827.2,23834.2
1748211919222.0,23827.2,23834.2
1748211919450.0,23825.6,23832.6
1748211919537.0,23825.5,23832.5
1748211919671.0,23826.1,23833.1
1748211919997.0,23827.1,23834.1
1748211920469.0,23827.6,23834.6
1748211922543.0,23827.5,23834.5
1748211922662.0,23827.0,23834.0
1748211923593.0,23821.4,23828.4
1748211923818.0,23823.9,23830.9
1748211924040.0,23824.4,23831.4
1748211924269.0,23822.4,23829.4
1748211924590.0,23825.0,23832.0
1748211924815.0,23822.9,23829.9
1748211925545.0,23823.1,23830.1
1748211925957.0,23822.7,23829.7
1748211926182.0,23823.1,23830.1
1748211926748.0,23823.7,23830.7
1748211926973.0,23825.2,23832.2
1748211927422.0,23825.2,23832.2
1748211927646.0,23824.6,23831.6
1748211928440.0,23825.1,23832.1
1748211929131.0,23824.7,23831.7
1748211929355.0,23827.2,23834.2
1748211929549.0,23827.1,23834.1
1748211929733.0,23826.1,23833.1
1748211929956.0,23825.1,23832.1
1748211930181.0,23824.1,23831.1
1748211930544.0,23825.1,23832.1
1748211930660.0,23826.6,23833.6
1748211930885.0,23825.6,23832.6
1748211931115.0,23826.1,23833.1
1748211931339.0,23825.6,23832.6
1748211931565.0,23825.1,23832.1
1748211931789.0,23829.6,23836.6
1748211932203.0,23830.2,23837.2
1748211932602.0,23829.6,23836.6
1748211932886.0,23829.1,23836.1
1748211933114.0,23828.6,23835.6
1748211933607.0,23838.7,23845.7
1748211933830.0,23840.3,23847.3
1748211934246.0,23847.4,23854.4
1748211934469.0,23846.9,23853.9
1748211934692.0,23847.9,23854.9
1748211934918.0,23847.4,23854.4
1748211935144.0,23846.9,23853.9
1748211935371.0,23845.4,23852.4
1748211935592.0,23842.0,23849.0
1748211935817.0,23841.0,23848.0
1748211936043.0,23841.4,23848.4
1748211936269.0,23835.3,23842.3
1748211936644.0,23833.4,23840.4
1748211937045.0,23832.4,23839.4
1748211937446.0,23830.3,23837.3
1748211937670.0,23831.3,23838.3
1748211938158.0,23830.3,23837.3
1748211938854.0,23827.8,23834.8
1748211939593.0,23828.8,23835.8
1748211940421.0,23828.2,23835.2
1748211940645.0,23829.3,23836.3
1748211941241.0,23828.8,23835.8
1748211941562.0,23829.5,23836.5
1748211941920.0,23831.0,23838.0
1748211942143.0,23831.5,23838.5
1748211942522.0,23831.0,23838.0
1748211942923.0,23829.9,23836.9
1748211943148.0,23827.9,23834.9
1748211943524.0,23828.9,23835.9
1748211943922.0,23828.5,23835.5
1748211944148.0,23828.9,23835.9
1748211944377.0,23827.4,23834.4
1748211944598.0,23827.9,23834.9
1748211944824.0,23827.4,23834.4
1748211945049.0,23828.9,23835.9
1748211945273.0,23828.5,23835.5
1748211945951.0,23827.9,23834.9
1748211946172.0,23828.5,23835.5
1748211946603.0,23828.9,23835.9
1748211946829.0,23827.9,23834.9
1748211947207.0,23830.0,23837.0
1748211948556.0,23829.5,23836.5
1748211948782.0,23828.9,23835.9
1748211949004.0,23828.4,23835.4
1748211949353.0,23828.9,23835.9
1748211949576.0,23827.9,23834.9
1748211949944.0,23827.4,23834.4
1748211950345.0,23827.9,23834.9
1748211950746.0,23827.4,23834.4
1748211950969.0,23827.9,23834.9
1748211951914.0,23828.4,23835.4
1748211952366.0,23829.4,23836.4
1748211953338.0,23828.9,23835.9
1748211953565.0,23827.4,23834.4
1748211955047.0,23826.4,23833.4
1748211955268.0,23828.9,23835.9
1748211955493.0,23827.9,23834.9
1748211955756.0,23827.4,23834.4
1748211956490.0,23826.4,23833.4
1748211957707.0,23824.8,23831.8
1748211958132.0,23824.3,23831.3
1748211958354.0,23824.8,23831.8
1748211958729.0,23824.3,23831.3
1748211959021.0,23824.8,23831.8
1748211960126.0,23824.3,23831.3
1748211961106.0,23826.4,23833.4
1748211961935.0,23825.3,23832.3
1748211962161.0,23825.8,23832.8
1748211962385.0,23824.8,23831.8
1748211963268.0,23825.3,23832.3
1748211963495.0,23823.3,23830.3
1748211964161.0,23823.8,23830.8
1748211964407.0,23824.3,23831.3
1748211964632.0,23824.8,23831.8
1748211964859.0,23823.3,23830.3
1748211965083.0,23822.3,23829.3
1748211965476.0,23822.8,23829.8
1748211965873.0,23822.3,23829.3
1748211966101.0,23822.8,23829.8
1748211966326.0,23823.3,23830.3
1748211966551.0,23821.8,23828.8
1748211966775.0,23822.3,23829.3
1748211966999.0,23821.8,23828.8
1748211967224.0,23822.3,23829.3
1748211967451.0,23821.8,23828.8
1748211967591.0,23821.7,23828.7
1748211968414.0,23822.2,23829.2
1748211968641.0,23823.3,23830.3
1748211969014.0,23822.2,23829.2
1748211969377.0,23821.7,23828.7
1748211969601.0,23821.2,23828.2
1748211970141.0,23820.7,23827.7
1748211970597.0,23820.6,23827.6
1748211971517.0,23819.6,23826.6
1748211972062.0,23819.1,23826.1
1748211972480.0,23818.6,23825.6
1748211972645.0,23818.5,23825.5
1748211973104.0,23818.0,23825.0
1748211973326.0,23818.5,23825.5
1748211973659.0,23819.0,23826.0
1748211973886.0,23817.0,23824.0
1748211974303.0,23813.9,23820.9
1748211974524.0,23813.4,23820.4
1748211974754.0,23811.9,23818.9
1748211974976.0,23810.8,23817.8
1748211975200.0,23811.3,23818.3
1748211975423.0,23810.8,23817.8
1748211975651.0,23811.9,23818.9
1748211975875.0,23813.9,23820.9
1748211976101.0,23812.9,23819.9
1748211976866.0,23813.4,23820.4
1748211977262.0,23812.9,23819.9
1748211977691.0,23811.4,23818.4
1748211977917.0,23810.9,23817.9
1748211978657.0,23811.1,23818.1
1748211978791.0,23811.6,23818.6
1748211979013.0,23809.6,23816.6
1748211979261.0,23809.1,23816.1
1748211979489.0,23809.6,23816.6
1748211979713.0,23810.6,23817.6
1748211980147.0,23810.1,23817.1
1748211980585.0,23808.5,23815.5
1748211980808.0,23809.1,23816.1
1748211981032.0,23808.1,23815.1
1748211981259.0,23808.5,23815.5
1748211981483.0,23808.1,23815.1
1748211981921.0,23808.5,23815.5
1748211982144.0,23808.1,23815.1
1748211982368.0,23808.5,23815.5
1748211982621.0,23808.0,23815.0
1748211982820.0,23808.5,23815.5
1748211983377.0,23808.0,23815.0
1748211983599.0,23807.5,23814.5
1748211983822.0,23808.0,23815.0
1748211984489.0,23810.1,23817.1
1748211984618.0,23810.2,23817.2
1748211985386.0,23810.7,23817.7
1748211986583.0,23811.3,23818.3
1748211986617.0,23811.5,23818.5
1748211987985.0,23813.0,23820.0
1748211988235.0,23813.5,23820.5
1748211988462.0,23813.0,23820.0
1748211988686.0,23814.6,23821.6
1748211989221.0,23814.1,23821.1
1748211989620.0,23815.1,23822.1
1748211989847.0,23815.6,23822.6
1748211990344.0,23816.1,23823.1
1748211990622.0,23816.0,23823.0
1748211990845.0,23815.0,23822.0
1748211991070.0,23815.5,23822.5
1748211991571.0,23814.0,23821.0
1748211992323.0,23815.6,23822.6
1748211992569.0,23815.0,23822.0
1748211993425.0,23815.6,23822.6
1748211994151.0,23814.5,23821.5
1748211994644.0,23812.5,23819.5
1748211995120.0,23812.0,23819.0
1748211995484.0,23812.5,23819.5
1748211996681.0,23813.0,23820.0
1748211997147.0,23813.5,23820.5
1748211997545.0,23811.0,23818.0
1748211998355.0,23810.5,23817.5
1748211998804.0,23811.0,23818.0
1748211999430.0,23810.5,23817.5
1748212000058.0,23809.9,23816.9
1748212000282.0,23810.5,23817.5
1748212001119.0,23811.5,23818.5
1748212001343.0,23810.5,23817.5
1748212001569.0,23811.5,23818.5
1748212001792.0,23812.0,23819.0
1748212002018.0,23811.5,23818.5
1748212002973.0,23810.5,23817.5
1748212003197.0,23811.0,23818.0
1748212003781.0,23811.5,23818.5
1748212004004.0,23812.5,23819.5
1748212004455.0,23813.0,23820.0
1748212004916.0,23812.5,23819.5
1748212005144.0,23810.9,23817.9
1748212005567.0,23810.5,23817.5
1748212006210.0,23810.9,23817.9
1748212006999.0,23812.0,23819.0
1748212007218.0,23813.0,23820.0
1748212007933.0,23813.5,23820.5
1748212009014.0,23813.0,23820.0
1748212010975.0,23813.5,23820.5
1748212011199.0,23812.5,23819.5
1748212012596.0,23811.5,23818.5
1748212013236.0,23809.9,23816.9
1748212013867.0,23810.5,23817.5
1748212014648.0,23813.0,23820.0
1748212014870.0,23812.5,23819.5
1748212015260.0,23812.0,23819.0
1748212015485.0,23811.5,23818.5
1748212016017.0,23810.5,23817.5
1748212016642.0,23809.9,23816.9
1748212016971.0,23809.4,23816.4
1748212017370.0,23810.4,23817.4
1748212017654.0,23809.6,23816.6
1748212018888.0,23810.1,23817.1
1748212019226.0,23810.6,23817.6
1748212020389.0,23809.6,23816.6
1748212021195.0,23807.5,23814.5
1748212021597.0,23805.0,23812.0
1748212021820.0,23806.0,23813.0
1748212022045.0,23806.5,23813.5
1748212022271.0,23806.0,23813.0
1748212022494.0,23806.5,23813.5
1748212022871.0,23807.0,23814.0
1748212023098.0,23807.5,23814.5
1748212023323.0,23808.5,23815.5
1748212023547.0,23808.0,23815.0
1748212024684.0,23806.5,23813.5
1748212024906.0,23806.0,23813.0
1748212025131.0,23805.5,23812.5
1748212025431.0,23806.0,23813.0
1748212025656.0,23806.5,23813.5
1748212025881.0,23807.0,23814.0
1748212026106.0,23806.0,23813.0
1748212026331.0,23806.5,23813.5
1748212026556.0,23807.0,23814.0
1748212027389.0,23807.5,23814.5
1748212028039.0,23806.0,23813.0
1748212028666.0,23805.9,23812.9
1748212028858.0,23806.5,23813.5
1748212029085.0,23806.9,23813.9
1748212029309.0,23806.5,23813.5
1748212030666.0,23806.4,23813.4
1748212030771.0,23806.9,23813.9
1748212031463.0,23806.4,23813.4
1748212032783.0,23806.9,23813.9
1748212033008.0,23806.4,23813.4
1748212033933.0,23805.9,23812.9
1748212035109.0,23807.4,23814.4
1748212036684.0,23808.4,23815.4
1748212038434.0,23807.4,23814.4
1748212039513.0,23807.9,23814.9
1748212039734.0,23808.5,23815.5
1748212040903.0,23807.5,23814.5
1748212041676.0,23807.4,23814.4
1748212042231.0,23806.9,23813.9
1748212042849.0,23806.4,23813.4
1748212043707.0,23804.4,23811.4
1748212044115.0,23804.9,23811.9
1748212045688.0,23805.1,23812.1
1748212046958.0,23805.6,23812.6
1748212049224.0,23806.6,23813.6
1748212049588.0,23807.1,23814.1
1748212050491.0,23806.1,23813.1
1748212051540.0,23805.6,23812.6
1748212052194.0,23806.1,23813.1
1748212052419.0,23805.6,23812.6
1748212052845.0,23806.1,23813.1
1748212057822.0,23805.6,23812.6
1748212058222.0,23806.1,23813.1
1748212058709.0,23806.6,23813.6
1748212058931.0,23806.1,23813.1
1748212059410.0,23805.6,23812.6
1748212059635.0,23806.1,23813.1
1748212060368.0,23806.6,23813.6
1748212061171.0,23806.0,23813.0
1748212061703.0,23806.1,23813.1
1748212064698.0,23805.6,23812.6
1748212065709.0,23805.4,23812.4
1748212066897.0,23805.9,23812.9
1748212067492.0,23806.9,23813.9
1748212068164.0,23806.4,23813.4
1748212068390.0,23805.4,23812.4
1748212071049.0,23805.8,23812.8
1748212072456.0,23805.4,23812.4
1748212073558.0,23805.8,23812.8
1748212073856.0,23805.4,23812.4
1748212075448.0,23806.9,23813.9
1748212076716.0,23806.8,23813.8
1748212078433.0,23806.3,23813.3
1748212078657.0,23806.8,23813.8
1748212079755.0,23807.4,23814.4
1748212079982.0,23814.0,23821.0
1748212080208.0,23811.9,23818.9
1748212080432.0,23812.5,23819.5
1748212080719.0,23812.9,23819.9
1748212080881.0,23813.4,23820.4
1748212081236.0,23813.9,23820.9
1748212081831.0,23812.4,23819.4
1748212082270.0,23812.9,23819.9
1748212082493.0,23813.4,23820.4
1748212082774.0,23814.1,23821.1
1748212083440.0,23813.6,23820.6
1748212083665.0,23812.1,23819.1
1748212084269.0,23812.6,23819.6
1748212084492.0,23812.1,23819.1
1748212084797.0,23811.6,23818.6
1748212085022.0,23812.1,23819.1
1748212085246.0,23811.6,23818.6
1748212088037.0,23810.6,23817.6
1748212088903.0,23811.6,23818.6
1748212090050.0,23811.1,23818.1
1748212090271.0,23811.6,23818.6
1748212090499.0,23810.6,23817.6
1748212090740.0,23810.9,23817.9
1748212091055.0,23810.4,23817.4
1748212091738.0,23809.2,23816.2
1748212092422.0,23809.7,23816.7
1748212092646.0,23809.2,23816.2
1748212093872.0,23810.2,23817.2
1748212094094.0,23809.7,23816.7
1748212094320.0,23808.7,23815.7
1748212094898.0,23807.2,23814.2
1748212095236.0,23807.7,23814.7
1748212095459.0,23808.2,23815.2
1748212097245.0,23809.2,23816.2
1748212098240.0,23809.7,23816.7
1748212099789.0,23809.8,23816.8
1748212100980.0,23808.3,23815.3
1748212103816.0,23808.8,23815.8
1748212104522.0,23808.3,23815.3
1748212104749.0,23807.8,23814.8
1748212106091.0,23807.2,23814.2
1748212107116.0,23806.2,23813.2
1748212107764.0,23805.7,23812.7
1748212108162.0,23806.2,23813.2
1748212108641.0,23808.2,23815.2
1748212108865.0,23807.7,23814.7
1748212109090.0,23807.2,23814.2
1748212109794.0,23808.2,23815.2
1748212110094.0,23807.7,23814.7
1748212110743.0,23808.2,23815.2
1748212110966.0,23807.7,23814.7
1748212111190.0,23808.2,23815.2
1748212111415.0,23808.7,23815.7
1748212114418.0,23809.2,23816.2
1748212119317.0,23808.7,23815.7
1748212120147.0,23807.2,23814.2
1748212121943.0,23808.2,23815.2
1748212122977.0,23807.2,23814.2
1748212123831.0,23806.7,23813.7
1748212124054.0,23806.1,23813.1
1748212125363.0,23807.2,23814.2
1748212126161.0,23808.7,23815.7
1748212126383.0,23808.2,23815.2
1748212126609.0,23809.2,23816.2
1748212127041.0,23808.7,23815.7
1748212127269.0,23809.2,23816.2
1748212129068.0,23808.7,23815.7
1748212130202.0,23808.2,23815.2
1748212132300.0,23808.7,23815.7
1748212132522.0,23808.2,23815.2
1748212133289.0,23810.2,23817.2
1748212134105.0,23809.2,23816.2
1748212135290.0,23808.7,23815.7
1748212135685.0,23809.2,23816.2
1748212137219.0,23811.2,23818.2
1748212137789.0,23811.3,23818.3
1748212138920.0,23810.8,23817.8
1748212139495.0,23811.3,23818.3
1748212139718.0,23811.8,23818.8
1748212141607.0,23809.7,23816.7
1748212142118.0,23810.2,23817.2
1748212142520.0,23811.3,23818.3
1748212145846.0,23811.2,23818.2
1748212147042.0,23810.7,23817.7
1748212148216.0,23809.1,23816.1
1748212149022.0,23808.7,23815.7
1748212150804.0,23808.8,23815.8
1748212151183.0,23808.8,23815.8
1748212152107.0,23809.2,23816.2
1748212154336.0,23808.8,23815.8
1748212156812.0,23808.7,23815.7
1748212158608.0,23810.2,23817.2
1748212159106.0,23809.7,23816.7
1748212159329.0,23808.7,23815.7
1748212161299.0,23807.7,23814.7
1748212161782.0,23808.2,23815.2
1748212162687.0,23807.7,23814.7
1748212163214.0,23808.2,23815.2
1748212163617.0,23809.7,23816.7
1748212163839.0,23809.2,23816.2
1748212164627.0,23808.7,23815.7
1748212167823.0,23808.6,23815.6
1748212170495.0,23809.1,23816.1
1748212172144.0,23808.6,23815.6
1748212172945.0,23809.1,23816.1
1748212173261.0,23808.6,23815.6
1748212173486.0,23811.1,23818.1
1748212173899.0,23810.7,23817.7
1748212174769.0,23809.6,23816.6
1748212174885.0,23810.2,23817.2
1748212176846.0,23811.2,23818.2
1748212177308.0,23810.7,23817.7
1748212183467.0,23811.2,23818.2
1748212183693.0,23811.7,23818.7
1748212184774.0,23812.3,23819.3
1748212184995.0,23814.3,23821.3
1748212185651.0,23815.3,23822.3
1748212186755.0,23816.8,23823.8
1748212186976.0,23817.8,23824.8
1748212187233.0,23817.3,23824.3
1748212187458.0,23816.8,23823.8
1748212187836.0,23816.3,23823.3
1748212187857.0,23817.0,23824.0
1748212188705.0,23817.4,23824.4
1748212189109.0,23818.0,23825.0
1748212189331.0,23819.5,23826.5
1748212189556.0,23820.0,23827.0
1748212191239.0,23819.0,23826.0
1748212191661.0,23818.5,23825.5
1748212191886.0,23818.0,23825.0
1748212192267.0,23818.5,23825.5
1748212192852.0,23818.0,23825.0
1748212193132.0,23818.5,23825.5
1748212193355.0,23820.0,23827.0
1748212193579.0,23820.5,23827.5
1748212193805.0,23820.0,23827.0
1748212194371.0,23819.5,23826.5
1748212194859.0,23819.0,23826.0
1748212195431.0,23819.5,23826.5
1748212195856.0,23819.8,23826.8
1748212196228.0,23820.8,23827.8
1748212196840.0,23820.3,23827.3
1748212197066.0,23819.8,23826.8
1748212197971.0,23820.3,23827.3
1748212199049.0,23821.8,23828.8
1748212199278.0,23821.4,23828.4
1748212199504.0,23820.8,23827.8
1748212199730.0,23821.8,23828.8
1748212199864.0,23821.9,23828.9
1748212200100.0,23821.4,23828.4
1748212200323.0,23821.9,23828.9
1748212200546.0,23821.4,23828.4
1748212200773.0,23821.9,23828.9
1748212200999.0,23821.5,23828.5
1748212201224.0,23822.5,23829.5
1748212201452.0,23824.0,23831.0
1748212201937.0,23823.5,23830.5
1748212202167.0,23820.5,23827.5
1748212202391.0,23820.0,23827.0
1748212202617.0,23821.0,23828.0
1748212202840.0,23820.5,23827.5
1748212204005.0,23822.0,23829.0
1748212204227.0,23821.5,23828.5
1748212204452.0,23821.0,23828.0
1748212205380.0,23820.5,23827.5
1748212205737.0,23821.0,23828.0
1748212207262.0,23820.5,23827.5
1748212207486.0,23817.9,23824.9
1748212207708.0,23818.5,23825.5
1748212207936.0,23820.0,23827.0
1748212208423.0,23820.5,23827.5
1748212208646.0,23821.0,23828.0
1748212208871.0,23820.5,23827.5
1748212209097.0,23820.0,23827.0
1748212209321.0,23819.0,23826.0
1748212209774.0,23818.5,23825.5
1748212209997.0,23817.7,23824.7
1748212210223.0,23817.2,23824.2
1748212210583.0,23817.7,23824.7
1748212210809.0,23815.7,23822.7
1748212211366.0,23815.2,23822.2
1748212211592.0,23814.2,23821.2
1748212212263.0,23813.7,23820.7
1748212212486.0,23813.2,23820.2
1748212212737.0,23813.7,23820.7
1748212212963.0,23814.7,23821.7
1748212213187.0,23814.2,23821.2
1748212213411.0,23814.7,23821.7
1748212213773.0,23814.2,23821.2
1748212213996.0,23814.7,23821.7
1748212214225.0,23815.2,23822.2
1748212214446.0,23815.7,23822.7
1748212214988.0,23814.2,23821.2
1748212215409.0,23813.7,23820.7
1748212215633.0,23813.2,23820.2
1748212215892.0,23813.1,23820.1
1748212217166.0,23812.6,23819.6
1748212217389.0,23813.1,23820.1
1748212217615.0,23812.6,23819.6
1748212217838.0,23812.1,23819.1
1748212218256.0,23811.6,23818.6
1748212218483.0,23812.1,23819.1
1748212218706.0,23812.6,23819.6
1748212218929.0,23811.6,23818.6
1748212219760.0,23811.1,23818.1
1748212219980.0,23810.0,23817.0
1748212220208.0,23810.5,23817.5
1748212220867.0,23810.0,23817.0
1748212221265.0,23809.5,23816.5
1748212222130.0,23809.0,23816.0
1748212222731.0,23808.5,23815.5
1748212222956.0,23808.0,23815.0
1748212223396.0,23808.5,23815.5
1748212223619.0,23809.0,23816.0
1748212223847.0,23808.5,23815.5
1748212224068.0,23808.0,23815.0
1748212225139.0,23808.5,23815.5
1748212225710.0,23809.0,23816.0
1748212226897.0,23808.9,23815.9
1748212227191.0,23807.9,23814.9
1748212227414.0,23808.4,23815.4
1748212227908.0,23810.4,23817.4
1748212228131.0,23808.9,23815.9
1748212228579.0,23808.9,23815.9
1748212228805.0,23809.4,23816.4
1748212229905.0,23809.3,23816.3
1748212230732.0,23808.8,23815.8
1748212231956.0,23808.9,23815.9
1748212232730.0,23808.4,23815.4
1748212233132.0,23805.9,23812.9
1748212234231.0,23807.4,23814.4
1748212234724.0,23806.9,23813.9
