None,,
None,,
None,,
None,,
None,,
None,,
None,,
None,,
None,,
None,,
None,,
None,,
None,,
None,,
1748210525456.0,8327.0,8331.0
1748210526188.0,8326.9,8330.9
1748210526414.0,8327.1,8331.1
1748210526639.0,8327.0,8331.0
1748210527338.0,8327.1,8331.1
1748210527561.0,8327.4,8331.4
1748210527660.0,8327.5,8331.5
1748210527937.0,8327.8,8331.8
1748210528037.0,8327.9,8331.9
1748210528164.0,8328.4,8332.4
1748210528262.0,8328.5,8332.5
1748210529112.0,8328.6,8332.6
1748210529366.0,8328.7,8332.7
1748210529588.0,8328.9,8332.9
1748210529814.0,8328.7,8332.7
1748210530039.0,8328.6,8332.6
1748210531462.0,8328.4,8332.4
1748210531686.0,8328.5,8332.5
1748210532259.0,8328.6,8332.6
1748210532483.0,8328.4,8332.4
1748210533022.0,8328.6,8332.6
1748210533989.0,8329.2,8333.2
1748210534449.0,8329.1,8333.1
1748210534774.0,8329.4,8333.4
1748210534899.0,8329.5,8333.5
1748210535124.0,8327.4,8331.4
1748210535225.0,8327.2,8331.2
1748210535348.0,8327.3,8331.3
1748210536379.0,8327.4,8331.4
1748210536931.0,8327.5,8331.5
1748210537157.0,8328.0,8332.0
1748210537254.0,8328.1,8332.1
1748210537704.0,8328.2,8332.2
1748210537929.0,8328.6,8332.6
1748210538933.0,8329.0,8333.0
1748210539470.0,8329.1,8333.1
1748210540051.0,8329.0,8333.0
1748210540819.0,8329.5,8333.5
1748210540916.0,8329.6,8333.6
1748210541714.0,8329.4,8333.4
1748210541939.0,8329.5,8333.5
1748210542163.0,8329.2,8333.2
1748210542265.0,8329.1,8333.1
1748210542487.0,8329.6,8333.6
1748210542712.0,8329.1,8333.1
1748210543582.0,8329.4,8333.4
1748210543806.0,8329.4,8333.4
1748210544032.0,8328.8,8332.8
1748210544131.0,8328.7,8332.7
1748210544356.0,8328.6,8332.6
1748210544580.0,8328.8,8332.8
1748210545494.0,8329.0,8333.0
1748210545717.0,8328.9,8332.9
1748210545998.0,8328.8,8332.8
1748210546864.0,8329.1,8333.1
1748210548425.0,8329.0,8333.0
1748210548738.0,8328.9,8332.9
1748210550314.0,8329.0,8333.0
1748210550536.0,8329.2,8333.2
1748210550636.0,8329.3,8333.3
1748210550963.0,8329.1,8333.1
1748210551065.0,8329.0,8333.0
1748210551987.0,8329.1,8333.1
1748210552086.0,8329.0,8333.0
1748210552572.0,8329.1,8333.1
1748210553146.0,8329.3,8333.3
1748210553371.0,8329.1,8333.1
1748210554046.0,8329.2,8333.2
1748210554269.0,8328.9,8332.9
1748210557133.0,8329.2,8333.2
1748210558040.0,8328.9,8332.9
1748210562086.0,8329.2,8333.2
1748210562855.0,8329.1,8333.1
1748210563827.0,8329.0,8333.0
1748210564731.0,8329.1,8333.1
1748210565843.0,8329.0,8333.0
1748210566260.0,8329.1,8333.1
1748210566482.0,8328.9,8332.9
1748210568415.0,8329.0,8333.0
1748210569924.0,8328.9,8332.9
1748210571278.0,8329.5,8333.5
1748210571502.0,8329.6,8333.6
1748210571724.0,8329.4,8333.4
1748210572523.0,8329.3,8333.3
1748210572848.0,8328.3,8332.3
1748210572973.0,8328.0,8332.0
1748210573202.0,8328.1,8332.1
1748210576992.0,8328.2,8332.2
1748210577214.0,8328.5,8332.5
1748210577538.0,8328.7,8332.7
1748210577665.0,8329.2,8333.2
1748210577890.0,8329.4,8333.4
1748210579064.0,8329.3,8333.3
1748210579287.0,8329.4,8333.4
1748210581210.0,8329.9,8333.9
1748210581533.0,8330.3,8334.3
1748210581857.0,8330.4,8334.4
1748210582254.0,8330.2,8334.2
1748210582692.0,8330.3,8334.3
1748210583333.0,8330.8,8334.8
1748210583556.0,8330.7,8334.7
1748210584139.0,8330.8,8334.8
1748210584364.0,8330.9,8334.9
1748210584738.0,8330.8,8334.8
1748210585234.0,8330.6,8334.6
1748210585560.0,8331.6,8335.6
1748210585684.0,8331.4,8335.4
1748210586819.0,8331.5,8335.5
1748210587042.0,8331.8,8335.8
1748210587453.0,8332.2,8336.2
1748210588147.0,8331.8,8335.8
1748210588581.0,8331.9,8335.9
1748210589192.0,8331.8,8335.8
1748210590196.0,8331.7,8335.7
1748210591269.0,8331.8,8335.8
1748210591841.0,8332.1,8336.1
1748210592067.0,8332.0,8336.0
1748210592437.0,8332.1,8336.1
1748210592662.0,8332.0,8336.0
1748210593792.0,8332.2,8336.2
1748210594019.0,8332.0,8336.0
1748210594348.0,8332.1,8336.1
1748210594573.0,8332.5,8336.5
1748210595284.0,8332.4,8336.4
1748210596207.0,8332.5,8336.5
1748210596432.0,8333.0,8337.0
1748210596657.0,8333.2,8337.2
1748210597007.0,8332.9,8336.9
1748210598264.0,8332.8,8336.8
1748210598485.0,8333.0,8337.0
1748210599558.0,8332.8,8336.8
1748210599949.0,8332.9,8336.9
1748210600328.0,8332.1,8336.1
1748210600430.0,8332.0,8336.0
1748210600553.0,8332.6,8336.6
1748210600928.0,8332.8,8336.8
1748210601027.0,8332.9,8336.9
1748210601154.0,8333.0,8337.0
1748210601741.0,8332.9,8336.9
1748210601966.0,8333.1,8337.1
1748210602514.0,8332.5,8336.5
1748210602637.0,8332.3,8336.3
1748210602863.0,8332.5,8336.5
1748210603188.0,8332.8,8336.8
1748210603313.0,8333.0,8337.0
1748210603413.0,8333.1,8337.1
1748210603822.0,8332.8,8336.8
1748210604047.0,8332.5,8336.5
1748210604146.0,8332.4,8336.4
1748210604608.0,8332.5,8336.5
1748210605005.0,8332.4,8336.4
1748210605467.0,8332.9,8336.9
1748210605565.0,8333.0,8337.0
1748210605932.0,8332.9,8336.9
1748210606727.0,8332.8,8336.8
1748210608128.0,8332.2,8336.2
1748210608353.0,8331.7,8335.7
1748210608577.0,8331.6,8335.6
1748210608803.0,8332.2,8336.2
1748210609311.0,8331.8,8335.8
1748210609767.0,8331.5,8335.5
1748210609989.0,8331.3,8335.3
1748210610089.0,8331.2,8335.2
1748210610215.0,8331.3,8335.3
1748210610314.0,8331.4,8335.4
1748210610538.0,8331.2,8335.2
1748210611039.0,8331.3,8335.3
1748210611291.0,8331.2,8335.2
1748210611517.0,8331.6,8335.6
1748210612572.0,8331.7,8335.7
1748210612792.0,8331.8,8335.8
1748210613431.0,8332.0,8336.0
1748210613558.0,8332.1,8336.1
1748210615230.0,8332.0,8336.0
1748210615455.0,8332.2,8336.2
1748210615981.0,8332.0,8336.0
1748210616252.0,8332.1,8336.1
1748210617555.0,8332.0,8336.0
1748210618418.0,8332.4,8336.4
1748210618516.0,8332.5,8336.5
1748210619360.0,8332.4,8336.4
1748210620020.0,8331.8,8335.8
1748210620118.0,8331.7,8335.7
1748210621769.0,8332.0,8336.0
1748210621867.0,8332.1,8336.1
1748210622524.0,8332.2,8336.2
1748210624027.0,8332.1,8336.1
1748210624251.0,8332.0,8336.0
1748210625919.0,8332.8,8336.8
1748210627077.0,8333.0,8337.0
1748210630219.0,8332.9,8336.9
1748210631559.0,8333.0,8337.0
1748210631783.0,8332.7,8336.7
1748210633512.0,8332.8,8336.8
1748210634867.0,8333.0,8337.0
1748210635091.0,8333.1,8337.1
1748210636009.0,8332.7,8336.7
1748210636231.0,8332.5,8336.5
1748210636456.0,8332.4,8336.4
1748210638188.0,8332.0,8336.0
1748210638286.0,8331.9,8335.9
1748210640550.0,8332.0,8336.0
1748210641549.0,8332.1,8336.1
1748210641771.0,8331.9,8335.9
1748210642911.0,8332.0,8336.0
1748210644397.0,8331.9,8335.9
1748210647410.0,8332.1,8336.1
1748210648100.0,8332.0,8336.0
1748210648666.0,8331.8,8335.8
1748210650815.0,8331.6,8335.6
1748210653386.0,8331.3,8335.3
1748210655448.0,8331.2,8335.2
1748210660687.0,8331.0,8335.0
1748210663496.0,8330.2,8334.2
1748210663595.0,8330.1,8334.1
1748210665861.0,8329.8,8333.8
1748210666520.0,8329.7,8333.7
1748210667312.0,8329.5,8333.5
1748210667842.0,8329.6,8333.6
1748210668917.0,8329.7,8333.7
1748210670184.0,8329.9,8333.9
1748210670408.0,8329.8,8333.8
1748210674490.0,8329.5,8333.5
1748210676926.0,8329.6,8333.6
1748210677149.0,8329.5,8333.5
1748210682096.0,8330.1,8334.1
1748210682221.0,8330.0,8334.0
1748210683663.0,8330.1,8334.1
1748210683886.0,8330.2,8334.2
1748210684387.0,8330.4,8334.4
1748210685325.0,8330.5,8334.5
1748210686639.0,8330.6,8334.6
1748210687037.0,8330.9,8334.9
1748210687361.0,8331.1,8335.1
1748210687848.0,8331.2,8335.2
1748210688959.0,8331.3,8335.3
1748210689596.0,8331.4,8335.4
1748210690688.0,8331.7,8335.7
1748210692759.0,8331.6,8335.6
1748210693636.0,8331.5,8335.5
1748210693859.0,8331.2,8335.2
1748210695309.0,8331.4,8335.4
1748210700500.0,8330.9,8334.9
1748210700627.0,8330.8,8334.8
1748210700851.0,8330.8,8334.8
1748210701293.0,8330.7,8334.7
1748210701902.0,8330.8,8334.8
1748210702400.0,8331.1,8335.1
1748210704398.0,8331.0,8335.0
1748210704495.0,8330.9,8334.9
1748210704618.0,8330.8,8334.8
1748210706470.0,8330.9,8334.9
1748210706871.0,8331.2,8335.2
1748210706972.0,8331.3,8335.3
1748210709413.0,8331.4,8335.4
1748210710042.0,8331.3,8335.3
1748210710279.0,8331.2,8335.2
1748210712304.0,8331.5,8335.5
1748210712528.0,8331.6,8335.6
1748210712754.0,8331.5,8335.5
1748210713731.0,8331.6,8335.6
1748210713953.0,8331.7,8335.7
1748210714823.0,8331.8,8335.8
1748210715049.0,8332.0,8336.0
1748210715435.0,8331.8,8335.8
1748210716163.0,8331.9,8335.9
1748210717943.0,8331.6,8335.6
1748210718167.0,8331.2,8335.2
1748210718266.0,8331.1,8335.1
1748210718395.0,8331.2,8335.2
1748210719578.0,8331.3,8335.3
1748210719970.0,8331.2,8335.2
1748210721269.0,8331.7,8335.7
1748210721368.0,8331.8,8335.8
1748210722748.0,8331.7,8335.7
1748210722971.0,8331.5,8335.5
1748210723589.0,8331.7,8335.7
1748210723689.0,8331.8,8335.8
1748210724722.0,8331.9,8335.9
1748210724946.0,8332.1,8336.1
1748210725447.0,8332.3,8336.3
1748210725666.0,8332.4,8336.4
1748210726566.0,8332.5,8336.5
1748210726889.0,8332.4,8336.4
1748210727977.0,8332.3,8336.3
1748210728448.0,8332.4,8336.4
1748210729040.0,8332.5,8336.5
1748210729263.0,8332.5,8336.5
1748210729363.0,8332.4,8336.4
1748210731122.0,8332.5,8336.5
1748210731218.0,8332.6,8336.6
1748210732912.0,8332.1,8336.1
1748210733137.0,8332.1,8336.1
1748210733360.0,8332.2,8336.2
1748210733892.0,8332.3,8336.3
1748210734117.0,8332.6,8336.6
1748210734216.0,8332.7,8336.7
1748210734347.0,8332.6,8336.6
1748210734573.0,8332.1,8336.1
1748210734994.0,8332.2,8336.2
1748210735219.0,8332.3,8336.3
1748210735673.0,8332.4,8336.4
1748210737153.0,8332.1,8336.1
1748210740244.0,8332.2,8336.2
1748210740467.0,8332.1,8336.1
1748210746231.0,8332.0,8336.0
1748210746712.0,8332.4,8336.4
1748210750524.0,8332.3,8336.3
1748210750746.0,8332.2,8336.2
1748210753722.0,8332.1,8336.1
1748210753945.0,8332.3,8336.3
1748210755797.0,8332.4,8336.4
1748210756438.0,8332.1,8336.1
1748210757211.0,8332.0,8336.0
1748210757632.0,8332.4,8336.4
1748210757730.0,8332.5,8336.5
1748210759734.0,8332.6,8336.6
1748210759957.0,8332.7,8336.7
1748210762200.0,8332.8,8336.8
1748210762422.0,8332.7,8336.7
1748210763492.0,8332.8,8336.8
1748210764154.0,8333.0,8337.0
1748210764379.0,8332.7,8336.7
1748210765483.0,8332.6,8336.6
1748210766893.0,8332.4,8336.4
1748210767164.0,8332.5,8336.5
1748210767388.0,8332.7,8336.7
1748210767613.0,8332.8,8336.8
1748210767839.0,8332.9,8336.9
1748210769251.0,8333.0,8337.0
1748210769463.0,8333.1,8337.1
1748210774494.0,8332.9,8336.9
1748210774594.0,8332.8,8336.8
1748210775048.0,8333.0,8337.0
1748210776902.0,8332.8,8336.8
1748210777000.0,8332.7,8336.7
1748210777436.0,8332.6,8336.6
1748210778097.0,8332.5,8336.5
1748210778320.0,8332.3,8336.3
1748210778790.0,8332.4,8336.4
1748210779233.0,8332.5,8336.5
1748210779458.0,8332.6,8336.6
1748210779683.0,8332.8,8336.8
1748210780653.0,8332.9,8336.9
1748210782078.0,8333.0,8337.0
1748210782177.0,8333.1,8337.1
1748210782565.0,8333.2,8337.2
1748210782790.0,8333.1,8337.1
1748210783407.0,8332.7,8336.7
1748210783533.0,8332.8,8336.8
1748210783758.0,8332.7,8336.7
1748210783983.0,8332.6,8336.6
1748210784574.0,8332.5,8336.5
1748210784797.0,8332.4,8336.4
1748210785255.0,8332.5,8336.5
1748210785480.0,8332.4,8336.4
1748210785800.0,8332.5,8336.5
1748210786024.0,8332.4,8336.4
1748210786765.0,8332.5,8336.5
1748210792106.0,8332.9,8336.9
1748210793454.0,8332.8,8336.8
1748210794144.0,8332.9,8336.9
1748210794369.0,8332.8,8336.8
1748210794468.0,8332.7,8336.7
1748210795708.0,8332.6,8336.6
1748210809577.0,8332.5,8336.5
1748210809989.0,8332.4,8336.4
1748210811424.0,8332.1,8336.1
1748210812161.0,8331.8,8335.8
1748210812665.0,8331.7,8335.7
1748210814759.0,8331.9,8335.9
1748210815892.0,8332.4,8336.4
1748210816215.0,8333.1,8337.1
1748210816339.0,8336.5,8340.5
1748210816567.0,8337.5,8341.5
1748210816665.0,8337.6,8341.6
1748210816889.0,8337.1,8341.1
1748210817099.0,8337.0,8341.0
1748210817324.0,8336.8,8340.8
1748210817549.0,8337.7,8341.7
1748210817648.0,8337.8,8341.8
1748210818072.0,8337.5,8341.5
1748210818296.0,8337.4,8341.4
1748210818779.0,8340.0,8344.0
1748210818906.0,8339.7,8343.7
1748210819005.0,8339.6,8343.6
1748210819129.0,8339.3,8343.3
1748210819412.0,8342.2,8346.2
1748210819681.0,8343.2,8347.2
1748210819803.0,8344.3,8348.3
1748210820031.0,8343.3,8347.3
1748210820131.0,8343.2,8347.2
1748210820355.0,8342.6,8346.6
1748210820481.0,8341.0,8345.0
1748210820578.0,8340.8,8344.8
1748210820704.0,8340.6,8344.6
1748210820929.0,8340.4,8344.4
1748210821255.0,8342.4,8346.4
1748210821380.0,8342.5,8346.5
1748210821605.0,8342.3,8346.3
1748210821831.0,8342.1,8346.1
1748210822056.0,8341.1,8345.1
1748210822157.0,8341.0,8345.0
1748210822380.0,8341.9,8345.9
1748210822505.0,8341.5,8345.5
1748210822731.0,8341.7,8345.7
1748210822954.0,8341.5,8345.5
1748210823183.0,8340.2,8344.2
1748210823280.0,8340.1,8344.1
1748210823505.0,8339.3,8343.3
1748210823630.0,8339.2,8343.2
1748210823856.0,8339.1,8343.1
1748210824927.0,8338.7,8342.7
1748210825851.0,8342.2,8346.2
1748210825976.0,8343.1,8347.1
1748210826076.0,8343.2,8347.2
1748210826302.0,8341.8,8345.8
1748210826425.0,8341.1,8345.1
1748210826525.0,8341.0,8345.0
1748210826751.0,8340.0,8344.0
1748210826976.0,8340.5,8344.5
1748210827076.0,8340.6,8344.6
1748210827200.0,8340.7,8344.7
1748210827576.0,8340.6,8344.6
1748210827904.0,8339.5,8343.5
1748210828459.0,8339.9,8343.9
1748210828556.0,8340.0,8344.0
1748210828782.0,8339.6,8343.6
1748210829198.0,8339.7,8343.7
1748210829980.0,8339.6,8343.6
1748210830205.0,8340.6,8344.6
1748210830431.0,8341.0,8345.0
1748210831019.0,8339.4,8343.4
1748210831551.0,8339.2,8343.2
1748210831778.0,8339.5,8343.5
1748210832001.0,8339.9,8343.9
1748210832102.0,8340.0,8344.0
1748210832225.0,8340.2,8344.2
1748210832451.0,8340.1,8344.1
1748210832678.0,8339.6,8343.6
1748210832775.0,8339.5,8343.5
1748210833014.0,8339.7,8343.7
1748210833239.0,8339.3,8343.3
1748210833981.0,8339.5,8343.5
1748210834283.0,8339.4,8343.4
1748210834507.0,8339.1,8343.1
1748210834954.0,8339.0,8343.0
1748210835180.0,8338.4,8342.4
1748210835278.0,8338.3,8342.3
1748210835679.0,8338.4,8342.4
1748210836005.0,8339.2,8343.2
1748210836128.0,8338.2,8342.2
1748210836354.0,8338.4,8342.4
1748210836677.0,8338.0,8342.0
1748210836803.0,8338.2,8342.2
1748210837283.0,8339.0,8343.0
1748210837384.0,8339.1,8343.1
1748210837508.0,8338.8,8342.8
1748210837733.0,8338.5,8342.5
1748210837833.0,8338.4,8342.4
1748210838076.0,8338.3,8342.3
1748210838300.0,8338.0,8342.0
1748210838526.0,8337.6,8341.6
1748210838877.0,8337.4,8341.4
1748210839709.0,8337.5,8341.5
1748210839931.0,8337.8,8341.8
1748210841097.0,8337.7,8341.7
1748210841830.0,8337.6,8341.6
1748210842055.0,8337.8,8341.8
1748210842280.0,8337.7,8341.7
1748210842505.0,8337.4,8341.4
1748210843019.0,8337.5,8341.5
1748210843244.0,8338.0,8342.0
1748210843890.0,8338.4,8342.4
1748210844214.0,8338.0,8342.0
1748210844339.0,8338.3,8342.3
1748210844564.0,8338.4,8342.4
1748210845011.0,8338.2,8342.2
1748210845554.0,8338.0,8342.0
1748210845778.0,8338.8,8342.8
1748210845877.0,8338.9,8342.9
1748210848123.0,8338.8,8342.8
1748210848349.0,8338.3,8342.3
1748210849109.0,8338.5,8342.5
1748210849511.0,8338.4,8342.4
1748210850226.0,8338.6,8342.6
1748210850726.0,8339.1,8343.1
1748210851049.0,8340.1,8344.1
1748210851176.0,8339.8,8343.8
1748210851399.0,8340.1,8344.1
1748210851627.0,8340.3,8344.3
1748210851981.0,8340.4,8344.4
1748210852206.0,8340.3,8344.3
1748210852433.0,8340.6,8344.6
1748210852657.0,8341.4,8345.4
1748210852882.0,8341.3,8345.3
1748210853108.0,8341.4,8345.4
1748210853332.0,8341.0,8345.0
1748210854137.0,8340.4,8344.4
1748210854439.0,8340.0,8344.0
1748210855827.0,8339.9,8343.9
1748210856052.0,8339.5,8343.5
1748210856278.0,8339.7,8343.7
1748210856376.0,8339.8,8343.8
1748210856501.0,8339.9,8343.9
1748210856948.0,8340.0,8344.0
1748210857174.0,8340.9,8344.9
1748210857396.0,8340.7,8344.7
1748210857497.0,8340.6,8344.6
1748210857766.0,8340.8,8344.8
1748210858445.0,8340.9,8344.9
1748210858670.0,8340.8,8344.8
1748210858896.0,8340.9,8344.9
1748210859220.0,8340.5,8344.5
1748210859490.0,8340.4,8344.4
1748210859934.0,8340.1,8344.1
1748210861347.0,8341.2,8345.2
1748210861661.0,8341.4,8345.4
1748210862607.0,8341.3,8345.3
1748210863220.0,8340.2,8344.2
1748210863767.0,8340.4,8344.4
1748210864292.0,8340.8,8344.8
1748210864391.0,8340.9,8344.9
1748210865287.0,8340.8,8344.8
1748210865510.0,8340.3,8344.3
1748210865734.0,8340.3,8344.3
1748210866058.0,8339.1,8343.1
1748210866859.0,8339.0,8343.0
1748210867083.0,8338.9,8342.9
1748210867953.0,8339.6,8343.6
1748210868253.0,8339.8,8343.8
1748210869215.0,8340.0,8344.0
1748210869441.0,8340.2,8344.2
1748210869665.0,8340.0,8344.0
1748210870392.0,8339.9,8343.9
1748210870615.0,8339.7,8343.7
1748210870838.0,8340.1,8344.1
1748210871283.0,8340.0,8344.0
1748210871508.0,8340.4,8344.4
1748210872419.0,8340.6,8344.6
1748210873452.0,8340.5,8344.5
1748210873676.0,8340.0,8344.0
1748210873900.0,8340.2,8344.2
1748210874752.0,8340.0,8344.0
1748210875361.0,8340.2,8344.2
1748210875582.0,8340.5,8344.5
1748210875959.0,8340.4,8344.4
1748210876185.0,8340.5,8344.5
1748210876408.0,8340.6,8344.6
1748210876635.0,8341.1,8345.1
1748210876880.0,8341.3,8345.3
1748210877460.0,8341.8,8345.8
1748210877558.0,8341.9,8345.9
1748210877684.0,8342.0,8346.0
1748210877907.0,8342.4,8346.4
1748210878459.0,8342.5,8346.5
1748210879017.0,8342.4,8346.4
1748210879650.0,8342.5,8346.5
1748210879974.0,8341.7,8345.7
1748210880349.0,8341.2,8345.2
1748210880624.0,8341.3,8345.3
1748210880720.0,8341.4,8345.4
1748210880946.0,8341.2,8345.2
1748210881591.0,8342.8,8346.8
1748210881941.0,8342.0,8346.0
1748210882165.0,8342.5,8346.5
1748210882490.0,8342.8,8346.8
1748210882829.0,8342.9,8346.9
1748210883155.0,8343.8,8347.8
1748210883278.0,8343.2,8347.2
1748210884007.0,8344.0,8348.0
1748210884230.0,8343.8,8347.8
1748210884606.0,8344.0,8348.0
1748210884831.0,8344.3,8348.3
1748210885056.0,8344.3,8348.3
1748210885379.0,8344.9,8348.9
1748210885681.0,8344.5,8348.5
1748210885902.0,8344.4,8348.4
1748210886228.0,8345.9,8349.9
1748210886354.0,8346.2,8350.2
1748210886954.0,8346.0,8350.0
1748210887177.0,8345.6,8349.6
1748210887503.0,8347.1,8351.1
1748210887627.0,8346.7,8350.7
1748210887852.0,8346.5,8350.5
1748210888177.0,8347.3,8351.3
1748210888527.0,8349.0,8353.0
1748210888852.0,8351.6,8355.6
1748210889076.0,8351.9,8355.9
1748210889201.0,8352.2,8356.2
1748210889466.0,8352.3,8356.3
1748210889651.0,8352.4,8356.4
1748210890052.0,8351.5,8355.5
1748210890402.0,8351.6,8355.6
1748210890727.0,8351.1,8355.1
1748210890852.0,8350.9,8354.9
1748210891171.0,8351.0,8355.0
1748210891394.0,8349.8,8353.8
1748210891621.0,8348.6,8352.6
1748210891720.0,8348.4,8352.4
1748210892049.0,8348.1,8352.1
1748210892274.0,8347.4,8351.4
1748210892497.0,8347.3,8351.3
1748210893270.0,8347.4,8351.4
1748210893494.0,8347.3,8351.3
1748210893820.0,8346.9,8350.9
1748210894171.0,8347.8,8351.8
1748210894466.0,8349.3,8353.3
1748210894719.0,8347.9,8351.9
1748210894849.0,8348.6,8352.6
1748210895072.0,8348.1,8352.1
1748210895169.0,8348.0,8352.0
1748210895296.0,8347.9,8351.9
1748210895521.0,8348.0,8352.0
1748210895914.0,8347.8,8351.8
1748210896239.0,8348.6,8352.6
1748210896514.0,8348.7,8352.7
1748210896737.0,8349.0,8353.0
1748210896961.0,8348.5,8352.5
1748210897288.0,8347.9,8351.9
1748210897638.0,8347.9,8351.9
1748210897863.0,8348.0,8352.0
1748210898189.0,8348.3,8352.3
1748210898460.0,8348.7,8352.7
1748210898586.0,8348.5,8352.5
1748210898810.0,8348.7,8352.7
1748210899039.0,8348.4,8352.4
1748210899262.0,8348.2,8352.2
1748210899486.0,8348.3,8352.3
1748210899584.0,8348.4,8352.4
1748210899812.0,8348.1,8352.1
1748210900037.0,8348.4,8352.4
1748210900162.0,8348.3,8352.3
1748210900261.0,8348.2,8352.2
1748210900562.0,8348.0,8352.0
1748210901399.0,8346.7,8350.7
1748210901627.0,8346.3,8350.3
1748210901724.0,8346.2,8350.2
1748210901849.0,8346.1,8350.1
1748210902074.0,8345.8,8349.8
1748210902300.0,8346.1,8350.1
1748210902525.0,8345.9,8349.9
1748210902750.0,8346.4,8350.4
1748210902976.0,8346.5,8350.5
1748210903199.0,8346.6,8350.6
1748210903424.0,8346.1,8350.1
1748210903649.0,8346.3,8350.3
1748210903877.0,8346.5,8350.5
1748210904198.0,8346.7,8350.7
1748210904423.0,8346.6,8350.6
1748210904649.0,8346.3,8350.3
1748210905093.0,8346.0,8350.0
1748210905316.0,8346.1,8350.1
1748210905695.0,8346.2,8350.2
1748210905919.0,8346.0,8350.0
1748210906143.0,8346.4,8350.4
1748210906370.0,8346.5,8350.5
1748210906596.0,8346.7,8350.7
1748210907047.0,8346.8,8350.8
1748210907367.0,8347.2,8351.2
1748210908899.0,8347.3,8351.3
1748210909451.0,8347.6,8351.6
1748210909772.0,8347.7,8351.7
1748210909997.0,8347.9,8351.9
1748210910222.0,8347.8,8351.8
1748210910448.0,8348.0,8352.0
1748210910672.0,8347.8,8351.8
1748210911116.0,8347.7,8351.7
1748210911340.0,8347.9,8351.9
1748210911566.0,8347.6,8351.6
1748210911793.0,8347.3,8351.3
1748210912593.0,8347.2,8351.2
1748210912915.0,8346.8,8350.8
1748210913435.0,8347.1,8351.1
1748210913561.0,8347.3,8351.3
1748210913661.0,8347.4,8351.4
1748210913784.0,8347.6,8351.6
1748210914258.0,8348.0,8352.0
1748210914482.0,8347.6,8351.6
1748210914706.0,8347.8,8351.8
1748210915113.0,8347.9,8351.9
1748210915339.0,8347.7,8351.7
1748210915565.0,8347.8,8351.8
1748210915789.0,8347.9,8351.9
1748210916014.0,8347.7,8351.7
1748210916238.0,8347.4,8351.4
1748210916641.0,8347.2,8351.2
1748210916865.0,8347.1,8351.1
1748210916965.0,8347.0,8351.0
1748210917626.0,8347.2,8351.2
1748210917958.0,8347.0,8351.0
1748210918058.0,8346.9,8350.9
1748210919510.0,8346.7,8350.7
1748210919752.0,8346.8,8350.8
1748210920152.0,8346.9,8350.9
1748210920376.0,8346.5,8350.5
1748210920601.0,8346.6,8350.6
1748210921032.0,8346.7,8350.7
1748210921463.0,8346.6,8350.6
1748210921686.0,8346.1,8350.1
1748210921913.0,8345.9,8349.9
1748210922503.0,8346.0,8350.0
1748210922725.0,8345.6,8349.6
1748210922825.0,8345.5,8349.5
1748210923101.0,8345.3,8349.3
1748210924390.0,8345.0,8349.0
1748210924613.0,8345.1,8349.1
1748210924839.0,8345.0,8349.0
1748210925191.0,8345.2,8349.2
1748210925515.0,8345.9,8349.9
1748210925640.0,8345.3,8349.3
1748210925866.0,8345.4,8349.4
1748210926090.0,8345.3,8349.3
1748210926413.0,8345.4,8349.4
1748210926735.0,8345.8,8349.8
1748210927673.0,8345.2,8349.2
1748210927797.0,8348.9,8352.9
1748210928022.0,8348.9,8352.9
1748210928950.0,8348.8,8352.8
1748210929174.0,8348.9,8352.9
1748210929700.0,8348.7,8352.7
1748210929926.0,8348.6,8352.6
1748210930251.0,8349.0,8353.0
1748210930376.0,8348.9,8352.9
1748210930803.0,8349.1,8353.1
1748210931027.0,8348.8,8352.8
1748210931903.0,8348.1,8352.1
1748210932129.0,8347.3,8351.3
1748210932354.0,8347.2,8351.2
1748210932676.0,8347.9,8351.9
1748210932806.0,8348.6,8352.6
1748210933027.0,8348.3,8352.3
1748210933128.0,8348.2,8352.2
1748210933252.0,8347.9,8351.9
1748210933478.0,8347.6,8351.6
1748210933791.0,8348.7,8352.7
1748210933889.0,8348.8,8352.8
1748210936006.0,8348.4,8352.4
1748210936106.0,8348.3,8352.3
1748210936657.0,8348.1,8352.1
1748210936881.0,8347.9,8351.9
1748210937456.0,8346.6,8350.6
1748210937553.0,8346.5,8350.5
1748210938265.0,8346.1,8350.1
1748210939457.0,8346.2,8350.2
1748210939681.0,8346.0,8350.0
1748210940538.0,8346.1,8350.1
1748210941891.0,8345.9,8349.9
1748210941992.0,8345.8,8349.8
1748210942116.0,8345.6,8349.6
1748210942864.0,8345.4,8349.4
1748210943088.0,8345.0,8349.0
1748210943410.0,8344.4,8348.4
1748210943537.0,8344.2,8348.2
1748210943763.0,8344.3,8348.3
1748210943987.0,8344.4,8348.4
1748210944212.0,8344.1,8348.1
1748210945046.0,8344.5,8348.5
1748210945269.0,8344.3,8348.3
1748210945661.0,8345.2,8349.2
1748210945758.0,8345.3,8349.3
1748210945886.0,8345.1,8349.1
1748210947668.0,8345.0,8349.0
1748210947891.0,8344.6,8348.6
1748210947990.0,8344.5,8348.5
1748210948406.0,8344.9,8348.9
1748210948736.0,8344.0,8348.0
1748210948833.0,8343.9,8347.9
1748210949946.0,8343.8,8347.8
1748210950170.0,8344.1,8348.1
1748210950393.0,8344.2,8348.2
1748210951591.0,8344.3,8348.3
1748210952187.0,8344.2,8348.2
1748210952413.0,8343.7,8347.7
1748210952636.0,8343.9,8347.9
1748210952863.0,8345.3,8349.3
1748210952962.0,8345.4,8349.4
1748210953561.0,8345.2,8349.2
1748210953784.0,8344.8,8348.8
1748210954270.0,8345.0,8349.0
1748210955850.0,8344.7,8348.7
1748210956176.0,8344.5,8348.5
1748210956820.0,8344.4,8348.4
1748210957146.0,8343.8,8347.8
1748210957409.0,8343.7,8347.7
1748210957633.0,8343.5,8347.5
1748210958503.0,8343.4,8347.4
1748210958826.0,8343.2,8347.2
1748210959051.0,8343.5,8347.5
1748210959606.0,8343.2,8347.2
1748210959831.0,8342.9,8346.9
1748210960134.0,8343.1,8347.1
1748210960357.0,8343.2,8347.2
1748210960685.0,8342.9,8346.9
1748210960807.0,8342.8,8346.8
1748210961033.0,8342.6,8346.6
1748210961855.0,8342.8,8346.8
1748210962077.0,8342.6,8346.6
1748210962305.0,8342.5,8346.5
1748210962784.0,8343.4,8347.4
1748210963007.0,8343.1,8347.1
1748210963331.0,8343.5,8347.5
1748210964747.0,8344.5,8348.5
1748210965736.0,8344.7,8348.7
1748210966059.0,8345.0,8349.0
1748210966410.0,8345.0,8349.0
1748210966787.0,8344.9,8348.9
1748210967010.0,8345.0,8349.0
1748210967595.0,8344.9,8348.9
1748210968108.0,8345.0,8349.0
1748210968556.0,8344.9,8348.9
1748210968654.0,8344.8,8348.8
1748210969701.0,8344.9,8348.9
1748210970324.0,8345.0,8349.0
1748210970823.0,8344.7,8348.7
1748210970947.0,8344.8,8348.8
1748210971174.0,8344.6,8348.6
1748210971399.0,8344.5,8348.5
1748210973261.0,8344.3,8348.3
1748210974676.0,8345.6,8349.6
1748210974775.0,8345.7,8349.7
1748210975084.0,8345.8,8349.8
1748210975310.0,8346.4,8350.4
1748210975535.0,8346.6,8350.6
1748210975634.0,8346.7,8350.7
1748210975759.0,8347.0,8351.0
1748210976083.0,8348.3,8352.3
1748210976209.0,8348.4,8352.4
1748210976435.0,8348.6,8352.6
1748210976658.0,8348.8,8352.8
1748210977119.0,8348.6,8352.6
1748210977342.0,8348.8,8352.8
1748210977873.0,8348.7,8352.7
1748210979020.0,8348.8,8352.8
1748210979753.0,8348.7,8352.7
1748210980060.0,8348.8,8352.8
1748210980285.0,8348.5,8352.5
1748210980509.0,8348.3,8352.3
1748210981046.0,8348.2,8352.2
1748210981612.0,8348.1,8352.1
1748210982140.0,8347.0,8351.0
1748210982669.0,8347.4,8351.4
1748210983067.0,8347.5,8351.5
1748210983292.0,8347.7,8351.7
1748210983535.0,8347.8,8351.8
1748210983760.0,8347.7,8351.7
1748210983986.0,8347.2,8351.2
1748210984210.0,8347.1,8351.1
1748210984538.0,8347.4,8351.4
1748210984858.0,8347.2,8351.2
1748210985084.0,8347.4,8351.4
1748210985390.0,8347.2,8351.2
1748210985616.0,8347.7,8351.7
1748210985990.0,8347.4,8351.4
1748210986217.0,8346.5,8350.5
1748210986315.0,8346.4,8350.4
1748210987167.0,8346.7,8350.7
1748210987533.0,8347.0,8351.0
1748210987632.0,8347.1,8351.1
1748210987933.0,8346.9,8350.9
1748210988873.0,8347.0,8351.0
1748210989097.0,8346.9,8350.9
1748210989784.0,8347.3,8351.3
1748210990007.0,8347.1,8351.1
1748210990232.0,8347.0,8351.0
1748210990559.0,8346.9,8350.9
1748210990958.0,8346.7,8350.7
1748210991182.0,8346.8,8350.8
1748210991406.0,8346.9,8350.9
1748210991980.0,8347.1,8351.1
1748210992206.0,8347.2,8351.2
1748210992431.0,8347.3,8351.3
1748210993306.0,8347.5,8351.5
1748210994384.0,8348.6,8352.6
1748210994506.0,8348.4,8352.4
1748210995882.0,8348.3,8352.3
1748210996206.0,8347.8,8351.8
1748210997406.0,8347.6,8351.6
1748210997506.0,8347.5,8351.5
1748210997723.0,8347.6,8351.6
1748210997948.0,8347.7,8351.7
1748210998272.0,8348.0,8352.0
1748210998398.0,8348.1,8352.1
1748210998625.0,8348.0,8352.0
1748211000013.0,8347.6,8351.6
1748211000113.0,8347.5,8351.5
1748211000237.0,8347.7,8351.7
1748211000463.0,8348.3,8352.3
1748211000562.0,8348.4,8352.4
1748211001105.0,8348.1,8352.1
1748211001427.0,8347.4,8351.4
1748211001553.0,8347.1,8351.1
1748211002233.0,8347.2,8351.2
1748211002457.0,8347.1,8351.1
1748211002684.0,8347.3,8351.3
1748211002907.0,8346.9,8350.9
1748211003316.0,8346.8,8350.8
1748211003541.0,8346.9,8350.9
1748211003766.0,8347.5,8351.5
1748211004631.0,8347.6,8351.6
1748211004854.0,8347.7,8351.7
1748211007515.0,8348.2,8352.2
1748211007612.0,8348.3,8352.3
1748211008181.0,8349.0,8353.0
1748211008402.0,8349.2,8353.2
1748211008627.0,8349.4,8353.4
1748211008852.0,8349.8,8353.8
1748211008952.0,8349.9,8353.9
1748211009080.0,8350.2,8354.2
1748211009304.0,8350.1,8354.1
1748211009873.0,8349.9,8353.9
1748211010099.0,8349.5,8353.5
1748211010323.0,8349.7,8353.7
1748211010547.0,8349.6,8353.6
1748211010772.0,8349.5,8353.5
1748211010997.0,8349.3,8353.3
1748211012317.0,8348.7,8352.7
1748211012878.0,8348.8,8352.8
1748211014018.0,8348.9,8352.9
1748211014243.0,8348.7,8352.7
1748211015420.0,8348.8,8352.8
1748211015815.0,8347.9,8351.9
1748211016788.0,8347.6,8351.6
1748211016887.0,8347.5,8351.5
1748211017228.0,8347.4,8351.4
1748211017449.0,8347.3,8351.3
1748211017775.0,8347.9,8351.9
1748211017900.0,8347.6,8351.6
1748211018001.0,8347.5,8351.5
1748211018454.0,8347.3,8351.3
1748211018677.0,8347.9,8351.9
1748211018901.0,8347.8,8351.8
1748211018999.0,8347.7,8351.7
1748211019536.0,8347.9,8351.9
1748211019660.0,8348.2,8352.2
1748211019759.0,8348.3,8352.3
1748211019886.0,8348.2,8352.2
1748211020328.0,8348.4,8352.4
1748211020552.0,8348.2,8352.2
1748211020779.0,8348.4,8352.4
1748211021449.0,8348.6,8352.6
1748211022118.0,8348.8,8352.8
1748211022413.0,8348.7,8352.7
1748211022635.0,8348.6,8352.6
1748211022860.0,8348.4,8352.4
1748211023651.0,8348.0,8352.0
1748211023752.0,8347.9,8351.9
1748211024647.0,8347.6,8351.6
1748211024870.0,8347.9,8351.9
1748211026836.0,8347.7,8351.7
1748211027060.0,8348.0,8352.0
1748211027285.0,8347.8,8351.8
1748211027615.0,8347.7,8351.7
1748211027839.0,8347.4,8351.4
1748211028279.0,8347.3,8351.3
1748211028680.0,8347.1,8351.1
1748211029602.0,8347.2,8351.2
1748211029825.0,8347.3,8351.3
1748211031142.0,8347.4,8351.4
1748211031363.0,8347.1,8351.1
1748211031771.0,8347.2,8351.2
1748211031995.0,8347.3,8351.3
1748211032603.0,8346.5,8350.5
1748211033437.0,8346.2,8350.2
1748211033661.0,8346.3,8350.3
1748211034867.0,8345.8,8349.8
1748211035869.0,8346.1,8350.1
1748211036092.0,8345.9,8349.9
1748211036319.0,8345.7,8349.7
1748211036963.0,8345.2,8349.2
1748211037086.0,8345.6,8349.6
1748211037185.0,8345.7,8349.7
1748211037647.0,8345.2,8349.2
1748211038570.0,8345.3,8349.3
1748211038670.0,8345.4,8349.4
1748211038819.0,8345.5,8349.5
1748211039981.0,8345.6,8349.6
1748211040206.0,8345.5,8349.5
1748211040691.0,8345.8,8349.8
1748211040791.0,8345.9,8349.9
1748211041159.0,8345.8,8349.8
1748211041381.0,8345.6,8349.6
1748211041766.0,8345.7,8349.7
1748211043226.0,8345.5,8349.5
1748211043449.0,8345.6,8349.6
1748211044047.0,8345.7,8349.7
1748211044270.0,8345.5,8349.5
1748211044496.0,8345.6,8349.6
1748211045043.0,8345.9,8349.9
1748211045268.0,8345.7,8349.7
1748211045492.0,8346.5,8350.5
1748211045717.0,8346.7,8350.7
1748211045816.0,8346.8,8350.8
1748211046045.0,8346.9,8350.9
1748211046142.0,8347.0,8351.0
1748211046604.0,8347.8,8351.8
1748211046703.0,8347.9,8351.9
1748211046828.0,8347.7,8351.7
1748211047054.0,8347.6,8351.6
1748211047731.0,8347.5,8351.5
1748211048323.0,8347.2,8351.2
1748211049024.0,8347.1,8351.1
1748211049249.0,8346.9,8350.9
1748211050072.0,8346.8,8350.8
1748211050471.0,8346.4,8350.4
1748211050571.0,8346.3,8350.3
1748211050903.0,8345.9,8349.9
1748211052155.0,8345.7,8349.7
1748211052761.0,8345.6,8349.6
1748211052987.0,8345.7,8349.7
1748211054178.0,8345.5,8349.5
1748211054606.0,8345.4,8349.4
1748211054832.0,8345.3,8349.3
1748211055058.0,8345.3,8349.3
1748211055158.0,8345.4,8349.4
1748211055304.0,8345.5,8349.5
1748211055632.0,8345.3,8349.3
1748211055731.0,8345.2,8349.2
1748211056265.0,8345.4,8349.4
1748211056391.0,8345.3,8349.3
1748211056489.0,8345.2,8349.2
1748211056902.0,8345.4,8349.4
1748211057031.0,8345.6,8349.6
1748211057128.0,8345.7,8349.7
1748211058486.0,8344.8,8348.8
1748211058585.0,8344.7,8348.7
1748211059136.0,8344.6,8348.6
1748211060100.0,8344.5,8348.5
1748211060323.0,8344.6,8348.6
1748211061624.0,8344.5,8348.5
1748211062022.0,8344.6,8348.6
1748211063186.0,8344.2,8348.2
1748211064516.0,8344.3,8348.3
1748211064738.0,8344.2,8348.2
1748211065337.0,8343.8,8347.8
1748211065680.0,8343.7,8347.7
1748211066812.0,8343.3,8347.3
1748211067267.0,8343.4,8347.4
1748211067490.0,8343.3,8347.3
1748211067716.0,8343.6,8347.6
1748211068091.0,8343.8,8347.8
1748211068317.0,8343.9,8347.9
1748211068543.0,8343.8,8347.8
1748211068953.0,8343.9,8347.9
1748211070038.0,8343.5,8347.5
1748211070509.0,8343.4,8347.4
1748211070732.0,8343.7,8347.7
1748211070956.0,8343.6,8347.6
1748211071181.0,8343.5,8347.5
1748211071407.0,8343.8,8347.8
1748211071632.0,8343.5,8347.5
1748211071903.0,8343.6,8347.6
1748211072914.0,8343.4,8347.4
1748211073235.0,8343.9,8347.9
1748211073794.0,8343.8,8347.8
1748211074195.0,8343.5,8347.5
1748211074829.0,8343.4,8347.4
1748211075051.0,8343.6,8347.6
1748211075276.0,8343.7,8347.7
1748211075498.0,8343.6,8347.6
1748211076855.0,8343.5,8347.5
1748211077659.0,8343.2,8347.2
1748211077904.0,8343.3,8347.3
1748211080076.0,8343.2,8347.2
1748211080633.0,8343.0,8347.0
1748211081419.0,8342.9,8346.9
1748211083090.0,8343.3,8347.3
1748211083413.0,8343.0,8347.0
1748211083820.0,8343.2,8347.2
1748211083966.0,8343.3,8347.3
1748211084441.0,8343.2,8347.2
1748211085160.0,8343.4,8347.4
1748211085286.0,8343.1,8347.1
1748211085384.0,8343.0,8347.0
1748211086414.0,8342.9,8346.9
1748211086638.0,8342.7,8346.7
1748211086863.0,8342.8,8346.8
1748211087650.0,8342.9,8346.9
1748211087871.0,8343.0,8347.0
1748211088100.0,8342.8,8346.8
1748211089685.0,8342.9,8346.9
1748211089908.0,8343.0,8347.0
1748211090671.0,8342.9,8346.9
1748211091493.0,8342.4,8346.4
1748211092094.0,8342.1,8346.1
1748211092317.0,8342.5,8346.5
1748211092542.0,8342.3,8346.3
1748211092766.0,8342.2,8346.2
1748211094247.0,8342.3,8346.3
1748211094470.0,8342.4,8346.4
1748211094694.0,8342.5,8346.5
1748211094919.0,8342.6,8346.6
1748211095145.0,8342.4,8346.4
1748211095673.0,8342.6,8346.6
1748211096811.0,8342.7,8346.7
1748211097035.0,8342.8,8346.8
1748211097261.0,8343.1,8347.1
1748211097609.0,8343.0,8347.0
1748211099125.0,8343.1,8347.1
1748211100115.0,8343.2,8347.2
1748211101385.0,8343.9,8347.9
1748211102496.0,8343.8,8347.8
1748211102721.0,8343.9,8347.9
1748211103729.0,8344.0,8348.0
1748211104126.0,8343.8,8347.8
1748211104782.0,8343.9,8347.9
1748211105459.0,8343.8,8347.8
1748211106201.0,8343.3,8347.3
1748211106325.0,8343.2,8347.2
1748211107860.0,8343.3,8347.3
1748211108508.0,8343.0,8347.0
1748211108730.0,8342.8,8346.8
1748211109149.0,8343.0,8347.0
1748211110178.0,8343.1,8347.1
1748211110404.0,8343.2,8347.2
1748211112707.0,8343.2,8347.2
1748211113691.0,8343.3,8347.3
1748211113789.0,8343.4,8347.4
1748211113911.0,8343.3,8347.3
1748211114725.0,8343.0,8347.0
1748211114822.0,8342.9,8346.9
1748211117375.0,8342.8,8346.8
1748211118171.0,8343.2,8347.2
1748211118271.0,8343.3,8347.3
1748211119441.0,8343.2,8347.2
1748211119938.0,8342.4,8346.4
1748211120348.0,8342.5,8346.5
1748211122220.0,8342.6,8346.6
1748211123174.0,8342.1,8346.1
1748211123836.0,8342.2,8346.2
1748211125332.0,8342.3,8346.3
1748211125798.0,8342.2,8346.2
1748211126026.0,8343.9,8347.9
1748211126124.0,8344.1,8348.1
1748211126348.0,8344.8,8348.8
1748211126640.0,8344.9,8348.9
1748211126861.0,8345.2,8349.2
1748211127700.0,8345.3,8349.3
1748211127798.0,8345.4,8349.4
1748211128100.0,8345.6,8349.6
1748211128325.0,8345.4,8349.4
1748211128903.0,8345.3,8349.3
1748211129001.0,8345.2,8349.2
1748211129787.0,8345.1,8349.1
1748211129982.0,8345.0,8349.0
1748211134167.0,8344.6,8348.6
1748211134390.0,8344.5,8348.5
1748211135063.0,8344.6,8348.6
1748211136421.0,8344.7,8348.7
1748211138909.0,8344.4,8348.4
1748211139133.0,8345.1,8349.1
1748211139232.0,8345.2,8349.2
1748211139357.0,8345.3,8349.3
1748211139580.0,8345.4,8349.4
1748211139937.0,8345.6,8349.6
1748211140064.0,8345.4,8349.4
1748211140161.0,8345.3,8349.3
1748211140589.0,8345.2,8349.2
1748211141768.0,8345.1,8349.1
1748211141991.0,8345.0,8349.0
1748211142217.0,8344.9,8348.9
1748211142441.0,8345.0,8349.0
1748211142838.0,8345.1,8349.1
1748211143980.0,8345.3,8349.3
1748211144200.0,8345.4,8349.4
1748211144656.0,8345.5,8349.5
1748211144866.0,8345.6,8349.6
1748211145560.0,8345.5,8349.5
1748211145783.0,8345.4,8349.4
1748211146597.0,8345.5,8349.5
1748211146820.0,8345.4,8349.4
1748211147660.0,8345.6,8349.6
1748211147887.0,8345.9,8349.9
1748211149286.0,8345.6,8349.6
1748211149966.0,8345.5,8349.5
1748211151118.0,8345.6,8349.6
1748211151977.0,8345.5,8349.5
1748211152300.0,8345.0,8349.0
1748211153701.0,8345.3,8349.3
1748211153923.0,8345.2,8349.2
1748211154601.0,8345.4,8349.4
1748211154847.0,8345.4,8349.4
1748211154946.0,8345.3,8349.3
1748211155358.0,8345.4,8349.4
1748211155456.0,8345.5,8349.5
1748211156763.0,8345.6,8349.6
1748211157483.0,8345.7,8349.7
1748211158393.0,8345.9,8349.9
1748211158718.0,8347.0,8351.0
1748211158942.0,8349.6,8353.6
1748211159167.0,8350.0,8354.0
1748211159295.0,8349.5,8353.5
1748211159517.0,8349.5,8353.5
1748211160171.0,8349.0,8353.0
1748211160394.0,8349.4,8353.4
1748211160619.0,8349.2,8353.2
1748211161020.0,8348.9,8352.9
1748211161243.0,8349.2,8353.2
1748211162144.0,8349.3,8353.3
1748211162366.0,8349.1,8353.1
1748211162593.0,8348.8,8352.8
1748211162818.0,8349.2,8353.2
1748211163044.0,8349.0,8353.0
1748211163269.0,8348.8,8352.8
1748211164590.0,8348.9,8352.9
1748211164814.0,8349.0,8353.0
1748211165509.0,8348.8,8352.8
1748211166056.0,8348.5,8352.5
1748211166275.0,8348.7,8352.7
1748211166501.0,8348.5,8352.5
1748211166911.0,8348.2,8352.2
1748211167134.0,8348.4,8352.4
1748211167232.0,8348.5,8352.5
1748211167967.0,8348.4,8352.4
1748211168067.0,8348.3,8352.3
1748211169720.0,8348.2,8352.2
1748211170017.0,8347.7,8351.7
1748211170143.0,8348.2,8352.2
1748211170549.0,8347.9,8351.9
1748211170774.0,8348.1,8352.1
1748211171150.0,8348.0,8352.0
1748211171375.0,8347.8,8351.8
1748211171873.0,8348.1,8352.1
1748211172480.0,8348.2,8352.2
1748211172705.0,8348.3,8352.3
1748211173470.0,8348.5,8352.5
1748211173569.0,8348.6,8352.6
1748211174982.0,8349.1,8353.1
1748211175205.0,8348.8,8352.8
1748211175988.0,8348.7,8352.7
1748211177166.0,8349.0,8353.0
1748211177389.0,8348.9,8352.9
1748211177997.0,8349.1,8353.1
1748211178221.0,8348.9,8352.9
1748211178447.0,8349.0,8353.0
1748211178795.0,8349.4,8353.4
1748211179020.0,8349.3,8353.3
1748211179247.0,8349.2,8353.2
1748211179470.0,8349.3,8353.3
1748211180291.0,8349.4,8353.4
1748211181230.0,8349.2,8353.2
1748211181455.0,8349.4,8353.4
1748211183699.0,8349.3,8353.3
1748211183922.0,8349.4,8353.4
1748211184148.0,8349.2,8353.2
1748211184373.0,8350.0,8354.0
1748211184472.0,8350.1,8354.1
1748211184600.0,8350.5,8354.5
1748211185388.0,8350.4,8354.4
1748211185613.0,8350.3,8354.3
1748211185838.0,8350.0,8354.0
1748211186346.0,8350.3,8354.3
1748211187558.0,8350.9,8354.9
1748211188784.0,8350.7,8354.7
1748211189101.0,8350.8,8354.8
1748211189326.0,8350.9,8354.9
1748211189551.0,8350.7,8354.7
1748211189776.0,8350.8,8354.8
1748211190006.0,8350.9,8354.9
1748211191343.0,8351.0,8355.0
1748211191791.0,8351.1,8355.1
1748211192362.0,8350.7,8354.7
1748211192753.0,8350.2,8354.2
1748211193194.0,8350.3,8354.3
1748211194669.0,8350.1,8354.1
1748211195450.0,8350.2,8354.2
1748211195896.0,8350.4,8354.4
1748211196889.0,8350.3,8354.3
1748211197648.0,8351.3,8355.3
1748211197747.0,8351.4,8355.4
1748211197849.0,8351.2,8355.2
1748211198224.0,8351.5,8355.5
1748211198448.0,8351.7,8355.7
1748211198672.0,8351.6,8355.6
1748211199033.0,8350.9,8354.9
1748211199256.0,8350.5,8354.5
1748211199355.0,8350.4,8354.4
1748211199910.0,8351.8,8355.8
1748211200131.0,8351.6,8355.6
1748211200231.0,8351.5,8355.5
1748211201715.0,8351.7,8355.7
1748211202311.0,8351.8,8355.8
1748211202535.0,8351.7,8355.7
1748211203527.0,8351.6,8355.6
1748211204162.0,8351.7,8355.7
1748211204566.0,8351.5,8355.5
1748211205848.0,8351.4,8355.4
1748211206270.0,8351.5,8355.5
1748211206468.0,8351.6,8355.6
1748211206961.0,8351.7,8355.7
1748211207188.0,8351.8,8355.8
1748211208763.0,8351.7,8355.7
1748211209086.0,8351.6,8355.6
1748211209310.0,8351.5,8355.5
1748211210790.0,8351.7,8355.7
1748211211643.0,8351.5,8355.5
1748211211922.0,8351.6,8355.6
1748211212147.0,8351.5,8355.5
1748211212371.0,8351.4,8355.4
1748211212700.0,8351.2,8355.2
1748211213269.0,8351.0,8355.0
1748211213592.0,8351.8,8355.8
1748211213869.0,8351.6,8355.6
1748211214538.0,8351.7,8355.7
1748211214763.0,8351.8,8355.8
1748211214987.0,8351.7,8355.7
1748211215212.0,8351.6,8355.6
1748211216040.0,8351.9,8355.9
1748211216531.0,8351.7,8355.7
1748211216757.0,8351.8,8355.8
1748211217174.0,8351.9,8355.9
1748211218206.0,8352.0,8356.0
1748211218429.0,8351.8,8355.8
1748211219312.0,8352.0,8356.0
1748211220190.0,8352.1,8356.1
1748211220983.0,8352.2,8356.2
1748211221209.0,8352.1,8356.1
1748211221863.0,8352.2,8356.2
1748211222086.0,8352.1,8356.1
1748211223405.0,8352.0,8356.0
1748211224135.0,8352.1,8356.1
1748211224547.0,8352.0,8356.0
1748211225389.0,8351.9,8355.9
1748211228387.0,8352.0,8356.0
1748211228784.0,8351.9,8355.9
1748211229832.0,8352.0,8356.0
1748211230325.0,8351.9,8355.9
1748211231224.0,8351.8,8355.8
1748211231447.0,8351.6,8355.6
1748211231673.0,8351.5,8355.5
1748211232116.0,8351.4,8355.4
1748211232614.0,8351.2,8355.2
1748211233205.0,8351.1,8355.1
1748211233640.0,8351.2,8355.2
1748211234441.0,8351.5,8355.5
1748211234541.0,8351.6,8355.6
1748211235387.0,8351.7,8355.7
1748211235613.0,8351.6,8355.6
1748211237374.0,8351.7,8355.7
1748211238138.0,8351.6,8355.6
1748211238417.0,8351.7,8355.7
1748211240334.0,8351.6,8355.6
1748211244891.0,8350.7,8354.7
1748211245014.0,8350.4,8354.4
1748211245239.0,8350.5,8354.5
1748211245465.0,8350.4,8354.4
1748211247311.0,8350.6,8354.6
1748211247836.0,8350.7,8354.7
1748211248060.0,8350.6,8354.6
1748211248284.0,8350.1,8354.1
1748211248512.0,8349.9,8353.9
1748211248736.0,8350.0,8354.0
1748211248835.0,8350.1,8354.1
1748211249866.0,8350.3,8354.3
1748211251073.0,8350.6,8354.6
1748211251607.0,8350.5,8354.5
1748211251833.0,8350.6,8354.6
1748211253118.0,8350.0,8354.0
1748211253218.0,8349.9,8353.9
1748211254133.0,8349.6,8353.6
1748211255716.0,8349.4,8353.4
1748211256443.0,8349.2,8353.2
1748211257285.0,8349.1,8353.1
1748211257579.0,8349.0,8353.0
1748211257875.0,8349.0,8353.0
1748211258713.0,8349.1,8353.1
1748211258937.0,8348.9,8352.9
1748211259162.0,8349.0,8353.0
1748211260856.0,8349.1,8353.1
1748211261080.0,8348.9,8352.9
1748211261306.0,8349.0,8353.0
1748211261878.0,8349.4,8353.4
1748211262439.0,8349.5,8353.5
1748211262662.0,8349.4,8353.4
1748211265519.0,8349.3,8353.3
1748211266427.0,8349.0,8353.0
1748211266649.0,8348.9,8352.9
1748211268069.0,8348.7,8352.7
1748211269083.0,8348.8,8352.8
1748211269425.0,8348.9,8352.9
1748211269648.0,8349.0,8353.0
1748211270204.0,8348.9,8352.9
1748211270786.0,8348.6,8352.6
1748211270887.0,8348.2,8352.2
1748211271177.0,8348.1,8352.1
1748211271401.0,8347.9,8351.9
1748211271627.0,8347.7,8351.7
1748211272109.0,8347.2,8351.2
1748211272207.0,8347.1,8351.1
1748211272967.0,8347.0,8351.0
1748211273194.0,8347.1,8351.1
1748211273683.0,8347.2,8351.2
1748211273907.0,8347.3,8351.3
1748211274679.0,8347.4,8351.4
1748211276748.0,8347.5,8351.5
1748211277299.0,8347.2,8351.2
1748211277965.0,8347.3,8351.3
1748211284241.0,8349.7,8353.7
1748211285075.0,8349.8,8353.8
1748211285298.0,8349.7,8353.7
1748211287400.0,8349.6,8353.6
1748211287624.0,8349.7,8353.7
1748211289830.0,8349.8,8353.8
1748211290055.0,8349.7,8353.7
1748211290279.0,8349.5,8353.5
1748211290636.0,8349.4,8353.4
1748211290859.0,8349.3,8353.3
1748211291581.0,8349.4,8353.4
1748211291803.0,8349.3,8353.3
1748211293904.0,8349.4,8353.4
1748211294128.0,8349.7,8353.7
1748211294700.0,8349.8,8353.8
1748211295466.0,8349.6,8353.6
1748211296027.0,8349.5,8353.5
1748211297347.0,8348.7,8352.7
1748211297445.0,8348.6,8352.6
1748211297801.0,8348.7,8352.7
1748211298233.0,8349.0,8353.0
1748211299199.0,8349.1,8353.1
1748211299298.0,8349.2,8353.2
1748211300136.0,8349.3,8353.3
1748211302146.0,8349.4,8353.4
1748211302367.0,8349.2,8353.2
1748211302593.0,8349.0,8353.0
1748211302820.0,8349.1,8353.1
1748211302920.0,8349.2,8353.2
1748211303529.0,8349.4,8353.4
1748211304155.0,8349.5,8353.5
1748211304882.0,8349.7,8353.7
1748211306707.0,8349.5,8353.5
1748211306932.0,8350.0,8354.0
1748211309615.0,8350.1,8354.1
1748211310014.0,8349.3,8353.3
1748211310238.0,8349.2,8353.2
1748211310464.0,8349.1,8353.1
1748211310561.0,8349.0,8353.0
1748211310834.0,8349.4,8353.4
1748211310935.0,8349.5,8353.5
1748211311895.0,8349.3,8353.3
1748211312823.0,8349.0,8353.0
1748211312922.0,8348.9,8352.9
1748211313146.0,8349.4,8353.4
1748211313272.0,8349.5,8353.5
1748211313762.0,8349.6,8353.6
1748211314415.0,8349.5,8353.5
1748211315305.0,8349.4,8353.4
1748211315524.0,8349.1,8353.1
1748211315625.0,8349.0,8353.0
1748211316010.0,8348.9,8352.9
1748211316214.0,8348.6,8352.6
1748211316695.0,8348.3,8352.3
1748211316957.0,8348.4,8352.4
1748211318099.0,8348.5,8352.5
1748211318323.0,8348.4,8352.4
1748211318546.0,8348.3,8352.3
1748211318944.0,8348.4,8352.4
1748211319283.0,8348.3,8352.3
1748211319507.0,8348.5,8352.5
1748211319732.0,8348.7,8352.7
1748211319956.0,8348.6,8352.6
1748211320356.0,8348.7,8352.7
1748211320578.0,8349.0,8353.0
1748211320905.0,8349.2,8353.2
1748211321253.0,8349.2,8353.2
1748211323117.0,8348.8,8352.8
1748211324805.0,8348.9,8352.9
1748211328860.0,8349.0,8353.0
1748211330380.0,8348.9,8352.9
1748211331835.0,8349.0,8353.0
1748211332058.0,8348.8,8352.8
1748211332779.0,8348.6,8352.6
1748211333104.0,8347.8,8351.8
1748211333241.0,8347.7,8351.7
1748211333740.0,8347.2,8351.2
1748211334342.0,8347.6,8351.6
1748211334466.0,8347.2,8351.2
1748211334692.0,8347.0,8351.0
1748211335912.0,8347.1,8351.1
1748211336600.0,8347.0,8351.0
1748211337248.0,8346.8,8350.8
1748211337650.0,8346.9,8350.9
1748211339157.0,8347.0,8351.0
1748211339379.0,8347.2,8351.2
1748211340115.0,8347.3,8351.3
1748211340639.0,8347.4,8351.4
1748211340739.0,8347.5,8351.5
1748211340863.0,8347.6,8351.6
1748211341379.0,8347.5,8351.5
1748211345108.0,8347.6,8351.6
1748211346337.0,8347.5,8351.5
1748211346560.0,8347.7,8351.7
1748211346886.0,8347.4,8351.4
1748211349698.0,8347.2,8351.2
1748211350168.0,8347.6,8351.6
1748211350671.0,8347.4,8351.4
1748211350795.0,8347.5,8351.5
1748211351280.0,8347.4,8351.4
1748211352764.0,8347.3,8351.3
1748211353853.0,8347.4,8351.4
1748211354423.0,8347.3,8351.3
1748211354930.0,8347.2,8351.2
1748211356702.0,8347.0,8351.0
1748211360022.0,8347.4,8351.4
1748211361224.0,8347.3,8351.3
1748211362121.0,8347.4,8351.4
1748211362586.0,8347.3,8351.3
1748211366899.0,8347.6,8351.6
1748211367121.0,8347.5,8351.5
1748211367589.0,8347.7,8351.7
1748211367687.0,8347.8,8351.8
1748211368857.0,8347.6,8351.6
1748211369498.0,8348.0,8352.0
1748211369596.0,8348.1,8352.1
1748211369722.0,8348.2,8352.2
1748211370987.0,8347.9,8351.9
1748211373093.0,8347.8,8351.8
1748211373318.0,8347.7,8351.7
1748211373417.0,8347.6,8351.6
1748211373543.0,8347.8,8351.8
1748211373643.0,8347.9,8351.9
1748211375542.0,8347.8,8351.8
1748211375790.0,8347.9,8351.9
1748211377322.0,8347.1,8351.1
1748211377420.0,8347.0,8351.0
1748211377769.0,8346.9,8350.9
1748211377996.0,8347.0,8351.0
1748211378221.0,8346.9,8350.9
1748211378445.0,8347.2,8351.2
1748211378827.0,8347.4,8351.4
1748211379053.0,8347.6,8351.6
1748211382123.0,8347.7,8351.7
1748211382222.0,8347.8,8351.8
1748211382677.0,8347.9,8351.9
1748211382776.0,8348.0,8352.0
1748211383159.0,8347.9,8351.9
1748211386711.0,8348.0,8352.0
1748211387114.0,8347.8,8351.8
1748211387361.0,8347.9,8351.9
1748211391209.0,8347.8,8351.8
1748211393200.0,8348.8,8352.8
1748211393298.0,8348.9,8352.9
1748211394260.0,8348.7,8352.7
1748211394484.0,8348.6,8352.6
1748211395565.0,8348.7,8352.7
1748211395789.0,8348.9,8352.9
1748211396015.0,8349.0,8353.0
1748211396239.0,8348.9,8352.9
1748211396680.0,8348.7,8352.7
1748211398921.0,8348.6,8352.6
1748211399146.0,8348.4,8352.4
1748211400496.0,8348.2,8352.2
1748211401129.0,8348.3,8352.3
1748211401864.0,8348.4,8352.4
1748211402259.0,8348.3,8352.3
1748211402493.0,8348.4,8352.4
1748211403924.0,8348.3,8352.3
1748211405268.0,8348.5,8352.5
1748211406501.0,8349.7,8353.7
1748211406600.0,8349.8,8353.8
1748211406930.0,8349.7,8353.7
1748211408022.0,8350.1,8354.1
1748211408346.0,8349.9,8353.9
1748211409512.0,8349.6,8353.6
1748211410364.0,8349.8,8353.8
1748211411734.0,8349.6,8353.6
1748211412149.0,8349.9,8353.9
1748211412248.0,8350.0,8354.0
1748211412643.0,8350.1,8354.1
1748211413982.0,8350.0,8354.0
1748211414303.0,8349.6,8353.6
1748211415087.0,8349.7,8353.7
1748211415408.0,8350.0,8354.0
1748211415535.0,8349.9,8353.9
1748211415634.0,8349.8,8353.8
1748211416747.0,8349.7,8353.7
1748211417144.0,8349.6,8353.6
1748211419725.0,8349.5,8353.5
1748211419944.0,8349.2,8353.2
1748211420171.0,8349.5,8353.5
1748211420645.0,8349.4,8353.4
1748211420871.0,8349.2,8353.2
1748211422137.0,8349.3,8353.3
1748211422997.0,8349.4,8353.4
1748211423919.0,8349.5,8353.5
1748211424548.0,8349.6,8353.6
1748211426315.0,8349.5,8353.5
1748211426566.0,8349.6,8353.6
1748211427534.0,8349.5,8353.5
1748211434660.0,8349.4,8353.4
1748211437402.0,8349.5,8353.5
1748211437624.0,8349.4,8353.4
1748211438307.0,8349.7,8353.7
1748211441022.0,8349.5,8353.5
1748211441246.0,8349.6,8353.6
1748211441740.0,8349.7,8353.7
1748211442508.0,8349.6,8353.6
1748211442904.0,8349.5,8353.5
1748211443131.0,8349.6,8353.6
1748211443523.0,8350.3,8354.3
1748211443622.0,8350.4,8354.4
1748211444284.0,8350.1,8354.1
1748211445036.0,8350.4,8354.4
1748211445621.0,8350.5,8354.5
1748211446803.0,8350.2,8354.2
1748211446901.0,8350.1,8354.1
1748211447457.0,8350.0,8354.0
1748211448099.0,8350.1,8354.1
1748211448324.0,8350.0,8354.0
1748211449413.0,8350.2,8354.2
1748211449513.0,8350.3,8354.3
1748211450713.0,8350.4,8354.4
1748211451036.0,8350.1,8354.1
1748211452556.0,8350.2,8354.2
1748211452654.0,8350.3,8354.3
1748211453893.0,8350.2,8354.2
1748211453991.0,8350.1,8354.1
1748211457435.0,8350.0,8354.0
1748211457532.0,8349.9,8353.9
1748211462956.0,8350.0,8354.0
1748211463881.0,8349.9,8353.9
1748211464107.0,8350.1,8354.1
1748211464333.0,8350.2,8354.2
1748211468489.0,8350.1,8354.1
1748211469619.0,8349.9,8353.9
1748211470784.0,8350.1,8354.1
1748211471755.0,8350.3,8354.3
1748211471854.0,8350.4,8354.4
1748211474204.0,8350.5,8354.5
1748211474303.0,8350.6,8354.6
1748211475856.0,8351.2,8355.2
1748211477123.0,8351.2,8355.2
1748211477347.0,8351.3,8355.3
1748211477723.0,8351.2,8355.2
1748211478173.0,8351.1,8355.1
1748211479901.0,8351.3,8355.3
1748211480467.0,8351.8,8355.8
1748211480567.0,8351.9,8355.9
1748211480976.0,8351.7,8355.7
1748211481297.0,8351.9,8355.9
1748211482022.0,8352.0,8356.0
1748211482246.0,8351.9,8355.9
1748211482905.0,8351.8,8355.8
1748211483004.0,8351.7,8355.7
1748211483672.0,8351.9,8355.9
1748211484338.0,8351.7,8355.7
1748211484463.0,8351.9,8355.9
1748211485040.0,8351.7,8355.7
1748211485140.0,8351.6,8355.6
1748211485531.0,8351.7,8355.7
1748211487258.0,8351.5,8355.5
1748211487483.0,8351.6,8355.6
1748211487806.0,8351.4,8355.4
1748211487935.0,8351.2,8355.2
1748211488943.0,8351.0,8355.0
1748211490696.0,8350.9,8354.9
1748211490918.0,8351.0,8355.0
1748211491143.0,8351.4,8355.4
1748211491463.0,8351.3,8355.3
1748211496667.0,8351.4,8355.4
1748211496890.0,8351.3,8355.3
1748211497399.0,8351.5,8355.5
1748211497841.0,8351.8,8355.8
1748211499048.0,8351.7,8355.7
1748211499882.0,8351.6,8355.6
1748211500279.0,8351.7,8355.7
1748211501415.0,8351.6,8355.6
1748211502730.0,8351.2,8355.2
1748211504507.0,8351.0,8355.0
1748211506773.0,8350.8,8354.8
1748211509872.0,8350.6,8354.6
1748211510094.0,8350.3,8354.3
1748211510192.0,8350.2,8354.2
1748211510396.0,8350.3,8354.3
1748211511262.0,8350.1,8354.1
1748211512258.0,8350.2,8354.2
1748211512482.0,8350.3,8354.3
1748211512789.0,8350.4,8354.4
1748211513014.0,8350.5,8354.5
1748211513112.0,8350.6,8354.6
1748211513238.0,8350.8,8354.8
1748211513725.0,8350.7,8354.7
1748211513950.0,8350.6,8354.6
1748211514176.0,8350.7,8354.7
1748211514400.0,8350.6,8354.6
1748211514625.0,8350.7,8354.7
1748211514849.0,8350.8,8354.8
1748211515320.0,8350.7,8354.7
1748211515543.0,8350.8,8354.8
1748211516505.0,8350.7,8354.7
1748211516842.0,8350.6,8354.6
1748211520571.0,8350.7,8354.7
1748211521410.0,8350.8,8354.8
1748211524833.0,8350.6,8354.6
1748211525560.0,8350.4,8354.4
1748211525683.0,8351.1,8355.1
1748211525910.0,8350.9,8354.9
1748211526257.0,8350.6,8354.6
1748211527156.0,8351.2,8355.2
1748211527380.0,8351.1,8355.1
1748211527780.0,8350.9,8354.9
1748211528234.0,8350.8,8354.8
1748211529408.0,8350.9,8354.9
1748211531181.0,8350.8,8354.8
1748211533747.0,8351.0,8355.0
1748211534713.0,8350.9,8354.9
1748211535161.0,8350.8,8354.8
1748211537093.0,8350.7,8354.7
1748211537294.0,8350.8,8354.8
1748211539092.0,8351.0,8355.0
1748211540238.0,8350.7,8354.7
1748211540337.0,8350.6,8354.6
1748211540461.0,8350.5,8354.5
1748211540977.0,8350.2,8354.2
1748211541329.0,8350.1,8354.1
1748211541556.0,8350.0,8354.0
1748211542128.0,8350.1,8354.1
1748211543303.0,8350.0,8354.0
1748211543524.0,8350.1,8354.1
1748211544194.0,8350.5,8354.5
1748211544293.0,8350.6,8354.6
1748211544419.0,8350.5,8354.5
1748211544646.0,8350.4,8354.4
1748211546666.0,8350.6,8354.6
1748211547886.0,8350.9,8354.9
1748211548109.0,8350.8,8354.8
1748211548561.0,8350.7,8354.7
1748211549942.0,8350.5,8354.5
1748211550167.0,8350.6,8354.6
1748211551115.0,8350.4,8354.4
1748211551581.0,8350.2,8354.2
1748211551681.0,8350.1,8354.1
1748211551807.0,8350.0,8354.0
1748211552032.0,8350.1,8354.1
1748211552696.0,8350.3,8354.3
1748211552793.0,8350.4,8354.4
1748211553544.0,8350.5,8354.5
1748211554266.0,8350.6,8354.6
1748211556669.0,8350.4,8354.4
1748211556893.0,8350.5,8354.5
1748211559979.0,8350.6,8354.6
1748211560198.0,8350.5,8354.5
1748211561817.0,8351.4,8355.4
1748211562115.0,8351.6,8355.6
1748211562891.0,8351.3,8355.3
1748211563115.0,8351.4,8355.4
1748211563217.0,8351.5,8355.5
1748211566149.0,8351.4,8355.4
1748211567389.0,8351.0,8355.0
1748211568230.0,8351.2,8355.2
1748211568369.0,8351.3,8355.3
1748211571109.0,8351.8,8355.8
1748211571830.0,8351.5,8355.5
1748211572658.0,8351.7,8355.7
1748211573024.0,8351.6,8355.6
1748211574992.0,8351.5,8355.5
1748211576789.0,8351.4,8355.4
1748211577013.0,8351.5,8355.5
1748211577238.0,8351.6,8355.6
1748211578229.0,8351.9,8355.9
1748211580571.0,8351.8,8355.8
1748211580795.0,8352.2,8356.2
1748211581550.0,8352.3,8356.3
1748211581774.0,8352.2,8356.2
1748211582130.0,8352.3,8356.3
1748211583833.0,8352.2,8356.2
1748211585030.0,8352.3,8356.3
1748211585548.0,8352.5,8356.5
1748211586151.0,8352.7,8356.7
1748211586441.0,8352.5,8356.5
1748211586567.0,8352.4,8356.4
1748211587495.0,8352.2,8356.2
1748211587719.0,8352.4,8356.4
1748211588623.0,8352.0,8356.0
1748211590047.0,8352.3,8356.3
1748211590581.0,8352.5,8356.5
1748211591163.0,8352.7,8356.7
1748211591286.0,8355.8,8359.8
1748211591511.0,8356.4,8360.4
1748211591737.0,8356.6,8360.6
1748211591963.0,8356.3,8360.3
1748211592186.0,8356.4,8360.4
1748211592412.0,8356.0,8360.0
1748211592742.0,8355.1,8359.1
1748211592905.0,8355.0,8359.0
1748211593127.0,8355.1,8359.1
1748211593351.0,8354.9,8358.9
1748211593577.0,8355.1,8359.1
1748211593803.0,8354.9,8358.9
1748211594302.0,8355.1,8359.1
1748211594705.0,8355.0,8359.0
1748211595148.0,8355.3,8359.3
1748211595594.0,8355.2,8359.2
1748211595819.0,8354.9,8358.9
1748211596154.0,8355.1,8359.1
1748211596892.0,8355.2,8359.2
1748211597117.0,8355.5,8359.5
1748211597343.0,8355.7,8359.7
1748211597592.0,8355.8,8359.8
1748211597991.0,8355.7,8359.7
1748211599217.0,8355.4,8359.4
1748211599440.0,8355.5,8359.5
1748211599665.0,8355.7,8359.7
1748211600023.0,8355.8,8359.8
1748211600246.0,8355.9,8359.9
1748211600472.0,8355.7,8359.7
1748211600697.0,8355.5,8359.5
1748211600924.0,8355.6,8359.6
1748211601234.0,8355.5,8359.5
1748211601463.0,8355.4,8359.4
1748211601910.0,8355.4,8359.4
1748211602135.0,8355.5,8359.5
1748211602363.0,8355.6,8359.6
1748211602734.0,8356.7,8360.7
1748211602860.0,8356.4,8360.4
1748211603295.0,8356.3,8360.3
1748211603718.0,8356.4,8360.4
1748211604696.0,8356.6,8360.6
1748211605002.0,8356.7,8360.7
1748211605225.0,8357.2,8361.2
1748211605451.0,8357.1,8361.1
1748211605674.0,8357.2,8361.2
1748211606286.0,8357.0,8361.0
1748211607162.0,8356.9,8360.9
1748211607387.0,8357.0,8361.0
1748211607610.0,8356.9,8360.9
1748211607835.0,8357.0,8361.0
1748211608063.0,8357.1,8361.1
1748211608728.0,8356.9,8360.9
1748211608952.0,8357.2,8361.2
1748211609580.0,8357.0,8361.0
1748211609979.0,8356.9,8360.9
1748211610177.0,8356.8,8360.8
1748211610463.0,8356.9,8360.9
1748211610688.0,8357.5,8361.5
1748211611012.0,8357.7,8361.7
1748211611139.0,8357.8,8361.8
1748211611364.0,8357.3,8361.3
1748211611464.0,8357.2,8361.2
1748211611880.0,8357.5,8361.5
1748211611981.0,8357.6,8361.6
1748211612193.0,8357.5,8361.5
1748211612339.0,8357.2,8361.2
1748211612435.0,8357.1,8361.1
1748211613103.0,8357.2,8361.2
1748211613323.0,8357.5,8361.5
1748211613615.0,8357.6,8361.6
1748211613838.0,8357.8,8361.8
1748211614062.0,8357.9,8361.9
1748211614289.0,8357.7,8361.7
1748211614514.0,8357.8,8361.8
1748211615612.0,8357.5,8361.5
1748211615738.0,8357.3,8361.3
1748211615961.0,8357.0,8361.0
1748211616286.0,8357.3,8361.3
1748211616412.0,8357.1,8361.1
1748211616636.0,8357.2,8361.2
1748211616861.0,8357.0,8361.0
1748211617147.0,8357.3,8361.3
1748211617609.0,8357.8,8361.8
1748211617833.0,8358.0,8362.0
1748211617931.0,8358.1,8362.1
1748211618158.0,8357.7,8361.7
1748211618283.0,8358.0,8362.0
1748211618522.0,8358.0,8362.0
1748211618847.0,8357.8,8361.8
1748211619184.0,8358.1,8362.1
1748211619349.0,8358.2,8362.2
1748211619573.0,8358.1,8362.1
1748211620125.0,8358.0,8362.0
1748211620222.0,8357.9,8361.9
1748211620538.0,8358.1,8362.1
1748211621139.0,8358.2,8362.2
1748211621763.0,8358.3,8362.3
1748211621988.0,8358.4,8362.4
1748211622213.0,8358.5,8362.5
1748211622437.0,8358.4,8362.4
1748211623324.0,8358.3,8362.3
1748211623546.0,8358.4,8362.4
1748211624121.0,8358.3,8362.3
1748211624221.0,8358.2,8362.2
1748211624347.0,8358.1,8362.1
1748211624569.0,8357.9,8361.9
1748211624794.0,8358.2,8362.2
1748211625168.0,8357.9,8361.9
1748211625394.0,8357.7,8361.7
1748211625832.0,8357.8,8361.8
1748211626059.0,8358.0,8362.0
1748211626279.0,8358.1,8362.1
1748211626505.0,8358.0,8362.0
1748211626730.0,8358.1,8362.1
1748211626954.0,8358.2,8362.2
1748211627453.0,8358.1,8362.1
1748211627909.0,8358.2,8362.2
1748211628237.0,8358.6,8362.6
1748211628900.0,8358.5,8362.5
1748211629125.0,8358.3,8362.3
1748211629225.0,8358.2,8362.2
1748211629350.0,8358.1,8362.1
1748211629577.0,8358.0,8362.0
1748211629801.0,8358.1,8362.1
1748211630394.0,8358.0,8362.0
1748211630617.0,8357.7,8361.7
1748211631395.0,8357.6,8361.6
1748211631617.0,8357.7,8361.7
1748211632058.0,8357.6,8361.6
1748211632277.0,8357.4,8361.4
1748211632652.0,8357.3,8361.3
1748211632878.0,8357.4,8361.4
1748211633102.0,8357.5,8361.5
1748211633957.0,8357.4,8361.4
1748211635089.0,8356.8,8360.8
1748211635681.0,8356.9,8360.9
1748211636005.0,8357.2,8361.2
1748211636283.0,8357.6,8361.6
1748211636506.0,8357.4,8361.4
1748211636732.0,8357.5,8361.5
1748211637206.0,8358.1,8362.1
1748211637496.0,8358.0,8362.0
1748211639648.0,8358.1,8362.1
1748211640049.0,8358.0,8362.0
1748211640821.0,8358.1,8362.1
1748211641045.0,8358.5,8362.5
1748211641147.0,8358.6,8362.6
1748211641310.0,8358.5,8362.5
1748211641535.0,8358.4,8362.4
1748211641762.0,8358.2,8362.2
1748211641984.0,8358.3,8362.3
1748211642308.0,8358.5,8362.5
1748211642693.0,8358.3,8362.3
1748211642791.0,8358.2,8362.2
1748211643401.0,8358.1,8362.1
1748211643949.0,8358.2,8362.2
1748211644274.0,8358.2,8362.2
1748211644653.0,8358.1,8362.1
1748211645464.0,8358.2,8362.2
1748211649180.0,8358.3,8362.3
1748211649402.0,8358.1,8362.1
1748211649628.0,8358.3,8362.3
1748211649853.0,8358.2,8362.2
1748211650079.0,8358.3,8362.3
1748211650304.0,8358.4,8362.4
1748211650609.0,8358.5,8362.5
1748211651010.0,8358.3,8362.3
1748211651499.0,8358.4,8362.4
1748211651909.0,8358.3,8362.3
1748211652875.0,8358.4,8362.4
1748211655032.0,8358.2,8362.2
1748211655257.0,8358.1,8362.1
1748211655480.0,8358.0,8362.0
1748211655706.0,8358.1,8362.1
1748211655932.0,8357.9,8361.9
1748211656155.0,8357.8,8361.8
1748211656255.0,8357.7,8361.7
1748211656938.0,8357.6,8361.6
1748211657164.0,8357.5,8361.5
1748211657387.0,8357.6,8361.6
1748211657612.0,8357.5,8361.5
1748211658345.0,8357.4,8361.4
1748211658570.0,8357.0,8361.0
1748211658795.0,8356.8,8360.8
1748211659023.0,8356.5,8360.5
1748211659119.0,8356.4,8360.4
1748211659248.0,8356.5,8360.5
1748211659569.0,8356.7,8360.7
1748211660324.0,8356.5,8360.5
1748211660423.0,8356.4,8360.4
1748211660728.0,8356.5,8360.5
1748211660953.0,8356.6,8360.6
1748211661179.0,8356.4,8360.4
1748211661276.0,8356.3,8360.3
1748211661404.0,8356.4,8360.4
1748211662060.0,8356.5,8360.5
1748211662481.0,8356.7,8360.7
1748211662581.0,8356.8,8360.8
1748211663241.0,8356.9,8360.9
1748211663661.0,8357.0,8361.0
1748211663887.0,8356.9,8360.9
1748211664414.0,8356.6,8360.6
1748211664637.0,8356.4,8360.4
1748211664738.0,8356.3,8360.3
1748211665989.0,8357.4,8361.4
1748211666209.0,8357.3,8361.3
1748211667286.0,8357.2,8361.2
1748211667509.0,8357.1,8361.1
1748211667851.0,8357.0,8361.0
1748211668077.0,8357.1,8361.1
1748211668301.0,8357.0,8361.0
1748211668526.0,8357.3,8361.3
1748211669271.0,8357.2,8361.2
1748211672603.0,8357.3,8361.3
1748211672829.0,8357.7,8361.7
1748211673438.0,8357.6,8361.6
1748211673663.0,8357.0,8361.0
1748211674363.0,8356.9,8360.9
1748211675585.0,8357.0,8361.0
1748211676741.0,8357.1,8361.1
1748211677643.0,8357.2,8361.2
1748211678649.0,8357.1,8361.1
1748211678874.0,8357.0,8361.0
1748211679099.0,8357.1,8361.1
1748211679324.0,8357.0,8361.0
1748211679550.0,8357.3,8361.3
1748211680126.0,8357.4,8361.4
1748211680350.0,8358.0,8362.0
1748211681021.0,8357.9,8361.9
1748211681245.0,8358.0,8362.0
1748211681470.0,8358.1,8362.1
1748211682078.0,8358.0,8362.0
1748211682476.0,8358.1,8362.1
1748211682801.0,8358.4,8362.4
1748211683880.0,8358.3,8362.3
1748211684204.0,8359.1,8363.1
1748211684326.0,8359.2,8363.2
1748211685180.0,8359.1,8363.1
1748211685401.0,8359.2,8363.2
1748211685744.0,8359.1,8363.1
1748211685969.0,8358.9,8362.9
1748211688336.0,8358.6,8362.6
1748211688618.0,8358.5,8362.5
1748211688841.0,8358.6,8362.6
1748211689899.0,8358.5,8362.5
1748211690122.0,8358.6,8362.6
1748211690348.0,8358.5,8362.5
1748211690574.0,8358.8,8362.8
1748211692016.0,8358.9,8362.9
1748211692239.0,8359.3,8363.3
1748211693113.0,8359.1,8363.1
1748211693923.0,8358.8,8362.8
1748211694145.0,8358.9,8362.9
1748211696156.0,8359.9,8363.9
1748211697035.0,8360.0,8364.0
1748211697260.0,8359.9,8363.9
1748211697837.0,8359.8,8363.8
1748211698104.0,8359.9,8363.9
1748211698329.0,8360.1,8364.1
1748211698958.0,8360.2,8364.2
1748211699179.0,8360.4,8364.4
1748211699406.0,8360.2,8364.2
1748211699629.0,8360.3,8364.3
1748211700622.0,8360.2,8364.2
1748211700848.0,8360.4,8364.4
1748211701070.0,8360.0,8364.0
1748211701880.0,8359.6,8363.6
1748211702352.0,8359.5,8363.5
1748211702724.0,8359.2,8363.2
1748211704068.0,8359.1,8363.1
1748211704294.0,8359.0,8363.0
1748211704703.0,8358.9,8362.9
1748211705430.0,8358.7,8362.7
1748211705655.0,8359.0,8363.0
1748211707325.0,8359.1,8363.1
1748211707547.0,8359.2,8363.2
1748211707772.0,8359.4,8363.4
1748211708459.0,8359.3,8363.3
1748211708681.0,8359.1,8363.1
1748211708908.0,8359.9,8363.9
1748211709007.0,8360.0,8364.0
1748211709410.0,8359.8,8363.8
1748211710116.0,8359.6,8363.6
1748211710340.0,8359.6,8363.6
1748211710662.0,8359.8,8363.8
1748211710787.0,8359.9,8363.9
1748211710888.0,8360.0,8364.0
1748211711300.0,8359.8,8363.8
1748211713035.0,8360.0,8364.0
1748211713261.0,8359.8,8363.8
1748211713485.0,8359.6,8363.6
1748211713610.0,8359.7,8363.7
1748211713836.0,8359.6,8363.6
1748211714060.0,8359.8,8363.8
1748211714497.0,8359.7,8363.7
1748211715357.0,8359.9,8363.9
1748211715560.0,8359.8,8363.8
1748211715805.0,8359.9,8363.9
1748211716108.0,8359.5,8363.5
1748211716469.0,8359.7,8363.7
1748211716694.0,8359.6,8363.6
1748211716793.0,8359.5,8363.5
1748211717291.0,8359.1,8363.1
1748211717517.0,8359.0,8363.0
1748211718200.0,8359.3,8363.3
1748211718424.0,8359.2,8363.2
1748211719651.0,8358.8,8362.8
1748211719874.0,8358.7,8362.7
1748211720261.0,8359.4,8363.4
1748211720979.0,8359.3,8363.3
1748211721204.0,8359.0,8363.0
1748211721442.0,8359.1,8363.1
1748211721668.0,8359.6,8363.6
1748211722886.0,8359.7,8363.7
1748211723113.0,8359.5,8363.5
1748211723491.0,8360.0,8364.0
1748211723814.0,8359.9,8363.9
1748211724138.0,8360.4,8364.4
1748211724264.0,8360.1,8364.1
1748211724488.0,8360.5,8364.5
1748211724714.0,8360.7,8364.7
1748211726319.0,8360.8,8364.8
1748211726543.0,8361.3,8365.3
1748211726769.0,8361.4,8365.4
1748211726994.0,8361.3,8365.3
1748211727221.0,8361.4,8365.4
1748211727443.0,8361.3,8365.3
1748211728332.0,8361.4,8365.4
1748211728730.0,8361.3,8365.3
1748211728953.0,8361.4,8365.4
1748211729893.0,8361.1,8365.1
1748211730308.0,8361.2,8365.2
1748211730532.0,8361.3,8365.3
1748211730756.0,8360.6,8364.6
1748211730983.0,8360.7,8364.7
1748211731614.0,8360.8,8364.8
1748211732446.0,8360.9,8364.9
1748211732669.0,8361.0,8365.0
1748211733161.0,8361.3,8365.3
1748211733508.0,8361.2,8365.2
1748211733733.0,8361.4,8365.4
1748211734564.0,8360.9,8364.9
1748211735166.0,8360.8,8364.8
1748211735388.0,8361.0,8365.0
1748211735715.0,8362.3,8366.3
1748211736340.0,8362.2,8366.2
1748211737054.0,8362.0,8366.0
1748211737278.0,8362.2,8366.2
1748211737603.0,8362.3,8366.3
1748211737825.0,8363.0,8367.0
1748211738681.0,8362.9,8366.9
1748211739276.0,8363.0,8367.0
1748211739499.0,8362.9,8366.9
1748211739960.0,8362.6,8366.6
1748211740184.0,8363.0,8367.0
1748211740559.0,8363.1,8367.1
1748211740782.0,8363.2,8367.2
1748211741030.0,8363.1,8367.1
1748211741649.0,8362.9,8366.9
1748211741872.0,8362.8,8366.8
1748211742097.0,8362.7,8366.7
1748211742546.0,8362.8,8366.8
1748211743547.0,8362.7,8366.7
1748211743769.0,8362.6,8366.6
1748211743994.0,8362.5,8366.5
1748211744219.0,8362.6,8366.6
1748211744445.0,8362.7,8366.7
1748211744670.0,8362.6,8366.6
1748211745224.0,8362.5,8366.5
1748211745450.0,8362.8,8366.8
1748211745677.0,8362.7,8366.7
1748211745922.0,8362.8,8366.8
1748211746026.0,8362.9,8366.9
1748211746250.0,8362.8,8366.8
1748211747102.0,8363.5,8367.5
1748211748024.0,8363.6,8367.6
1748211748347.0,8363.1,8367.1
1748211748711.0,8363.2,8367.2
1748211749110.0,8363.3,8367.3
1748211749334.0,8363.2,8367.2
1748211749560.0,8363.3,8367.3
1748211749784.0,8363.2,8367.2
1748211750011.0,8363.1,8367.1
1748211750237.0,8363.0,8367.0
1748211750460.0,8363.1,8367.1
1748211750686.0,8363.2,8367.2
1748211750910.0,8363.3,8367.3
1748211751134.0,8363.2,8367.2
1748211751516.0,8363.1,8367.1
1748211751839.0,8364.0,8368.0
1748211752116.0,8363.9,8367.9
1748211752567.0,8364.0,8368.0
1748211752964.0,8363.8,8367.8
1748211753188.0,8364.0,8368.0
1748211753414.0,8363.7,8367.7
1748211753638.0,8363.5,8367.5
1748211753964.0,8363.8,8367.8
1748211754089.0,8363.7,8367.7
1748211754726.0,8363.5,8367.5
1748211754951.0,8363.7,8367.7
1748211755180.0,8363.9,8367.9
1748211755399.0,8363.8,8367.8
1748211756690.0,8364.0,8368.0
1748211757044.0,8364.1,8368.1
1748211757267.0,8364.2,8368.2
1748211757494.0,8364.0,8368.0
1748211757718.0,8363.9,8367.9
1748211757942.0,8364.2,8368.2
1748211758168.0,8364.1,8368.1
1748211758460.0,8364.0,8368.0
1748211758925.0,8364.1,8368.1
1748211759339.0,8365.5,8369.5
1748211759440.0,8365.4,8369.4
1748211759892.0,8365.5,8369.5
1748211760117.0,8365.7,8369.7
1748211760342.0,8364.7,8368.7
1748211760565.0,8364.7,8368.7
1748211761010.0,8364.6,8368.6
1748211761235.0,8364.8,8368.8
1748211761612.0,8364.5,8368.5
1748211761838.0,8364.9,8368.9
1748211762060.0,8364.7,8368.7
1748211762437.0,8364.8,8368.8
1748211762836.0,8365.1,8369.1
1748211763858.0,8365.0,8369.0
1748211764082.0,8365.2,8369.2
1748211764307.0,8365.1,8369.1
1748211764740.0,8365.2,8369.2
1748211765140.0,8365.1,8369.1
1748211765363.0,8365.2,8369.2
1748211766019.0,8365.1,8369.1
1748211766242.0,8364.8,8368.8
1748211767132.0,8364.2,8368.2
1748211767431.0,8364.5,8368.5
1748211767533.0,8364.6,8368.6
1748211768047.0,8364.2,8368.2
1748211768170.0,8364.1,8368.1
1748211768395.0,8364.5,8368.5
1748211768494.0,8364.6,8368.6
1748211768886.0,8364.5,8368.5
1748211769647.0,8364.6,8368.6
1748211769872.0,8364.8,8368.8
1748211770448.0,8364.9,8368.9
1748211770671.0,8364.8,8368.8
1748211771490.0,8365.3,8369.3
1748211771716.0,8365.0,8369.0
1748211772583.0,8364.9,8368.9
1748211772956.0,8365.0,8369.0
1748211773614.0,8364.9,8368.9
1748211774294.0,8365.3,8369.3
1748211775139.0,8365.4,8369.4
1748211775362.0,8365.6,8369.6
1748211775585.0,8365.7,8369.7
1748211775685.0,8365.8,8369.8
1748211775912.0,8364.7,8368.7
1748211776138.0,8364.9,8368.9
1748211776755.0,8365.0,8369.0
1748211777346.0,8365.1,8369.1
1748211777568.0,8365.5,8369.5
1748211777793.0,8365.4,8369.4
1748211778177.0,8365.5,8369.5
1748211778501.0,8365.8,8369.8
1748211779357.0,8365.7,8369.7
1748211780513.0,8366.0,8370.0
1748211780738.0,8365.6,8369.6
1748211780962.0,8365.9,8369.9
1748211781187.0,8365.8,8369.8
1748211781410.0,8365.9,8369.9
1748211781940.0,8366.0,8370.0
1748211782161.0,8365.8,8369.8
1748211783224.0,8365.6,8369.6
1748211783445.0,8365.7,8369.7
1748211783870.0,8365.6,8369.6
1748211784072.0,8365.7,8369.7
1748211784533.0,8365.8,8369.8
1748211784757.0,8365.8,8369.8
1748211784856.0,8365.7,8369.7
1748211784985.0,8367.4,8371.4
1748211785083.0,8367.6,8371.6
1748211785207.0,8367.7,8371.7
1748211785625.0,8367.5,8371.5
1748211785851.0,8367.3,8371.3
1748211786076.0,8367.2,8371.2
1748211786299.0,8367.3,8371.3
1748211786399.0,8367.4,8371.4
1748211786624.0,8367.3,8371.3
1748211786948.0,8367.1,8371.1
1748211787074.0,8367.0,8371.0
1748211787300.0,8366.9,8370.9
1748211787524.0,8366.7,8370.7
1748211787749.0,8366.6,8370.6
1748211787974.0,8366.5,8370.5
1748211788320.0,8366.6,8370.6
1748211788717.0,8366.4,8370.4
1748211789194.0,8366.7,8370.7
1748211789863.0,8366.9,8370.9
1748211790527.0,8366.8,8370.8
1748211790751.0,8366.9,8370.9
1748211790977.0,8367.0,8371.0
1748211791204.0,8367.2,8371.2
1748211791426.0,8367.3,8371.3
1748211791729.0,8367.6,8371.6
1748211792227.0,8367.8,8371.8
1748211792353.0,8367.4,8371.4
1748211792577.0,8367.5,8371.5
1748211792803.0,8367.6,8371.6
1748211793378.0,8367.7,8371.7
1748211793477.0,8367.8,8371.8
1748211793751.0,8368.7,8372.7
1748211793872.0,8368.6,8372.6
1748211793972.0,8368.5,8372.5
1748211794276.0,8368.6,8372.6
1748211794374.0,8368.7,8372.7
1748211794499.0,8368.3,8372.3
1748211794724.0,8368.3,8372.3
1748211794947.0,8368.1,8372.1
1748211795174.0,8368.3,8372.3
1748211795400.0,8368.1,8372.1
1748211795622.0,8368.0,8372.0
1748211795850.0,8368.3,8372.3
1748211796075.0,8368.2,8372.2
1748211796300.0,8367.9,8371.9
1748211796524.0,8367.8,8371.8
1748211796749.0,8367.9,8371.9
1748211797082.0,8368.1,8372.1
1748211797307.0,8368.2,8372.2
1748211797629.0,8366.7,8370.7
1748211797755.0,8366.9,8370.9
1748211797981.0,8367.0,8371.0
1748211798205.0,8367.1,8371.1
1748211798430.0,8367.0,8371.0
1748211798655.0,8367.2,8371.2
1748211798881.0,8367.0,8371.0
1748211798981.0,8366.9,8370.9
1748211799360.0,8367.0,8371.0
1748211799584.0,8366.7,8370.7
1748211799812.0,8366.4,8370.4
1748211800036.0,8366.0,8370.0
1748211800458.0,8365.9,8369.9
1748211800687.0,8365.1,8369.1
1748211800786.0,8365.0,8369.0
1748211800907.0,8365.2,8369.2
1748211801132.0,8365.1,8369.1
1748211801357.0,8365.2,8369.2
1748211801659.0,8365.3,8369.3
1748211802061.0,8365.5,8369.5
1748211802288.0,8365.6,8369.6
1748211802610.0,8365.9,8369.9
1748211802737.0,8366.1,8370.1
1748211803061.0,8366.2,8370.2
1748211803656.0,8366.1,8370.1
1748211803885.0,8366.0,8370.0
1748211804104.0,8366.4,8370.4
1748211804457.0,8366.3,8370.3
1748211804980.0,8366.4,8370.4
1748211805203.0,8366.5,8370.5
1748211805450.0,8366.7,8370.7
1748211806448.0,8366.8,8370.8
1748211806846.0,8366.6,8370.6
1748211807277.0,8366.7,8370.7
1748211807571.0,8366.9,8370.9
1748211807698.0,8367.0,8371.0
1748211807921.0,8367.1,8371.1
1748211808148.0,8366.9,8370.9
1748211809040.0,8366.8,8370.8
1748211809266.0,8367.1,8371.1
1748211809491.0,8367.6,8371.6
1748211809717.0,8367.2,8371.2
1748211809940.0,8367.3,8371.3
1748211810168.0,8367.2,8371.2
1748211810413.0,8367.3,8371.3
1748211810636.0,8367.2,8371.2
1748211811494.0,8367.1,8371.1
1748211812321.0,8367.0,8371.0
1748211812719.0,8366.9,8370.9
1748211813347.0,8366.8,8370.8
1748211814479.0,8367.0,8371.0
1748211815502.0,8366.8,8370.8
1748211815717.0,8367.0,8371.0
1748211815942.0,8366.9,8370.9
1748211816413.0,8366.8,8370.8
1748211816826.0,8366.9,8370.9
1748211817048.0,8367.1,8371.1
1748211817615.0,8367.3,8371.3
1748211817938.0,8368.4,8372.4
1748211818062.0,8368.6,8372.6
1748211818289.0,8368.5,8372.5
1748211818616.0,8368.4,8372.4
1748211819745.0,8368.5,8372.5
1748211819971.0,8368.1,8372.1
1748211820194.0,8368.4,8372.4
1748211820420.0,8368.2,8372.2
1748211820648.0,8368.5,8372.5
1748211820869.0,8368.4,8372.4
1748211821096.0,8368.3,8372.3
1748211821320.0,8368.5,8372.5
1748211821547.0,8368.3,8372.3
1748211822148.0,8368.2,8372.2
1748211822762.0,8368.3,8372.3
1748211823489.0,8368.4,8372.4
1748211824849.0,8368.3,8372.3
1748211825241.0,8368.4,8372.4
1748211825467.0,8368.5,8372.5
1748211826344.0,8368.6,8372.6
1748211826567.0,8368.5,8372.5
1748211827699.0,8370.4,8374.4
1748211827823.0,8370.2,8374.2
1748211828388.0,8369.8,8373.8
1748211828610.0,8369.9,8373.9
1748211829270.0,8369.8,8373.8
1748211829493.0,8369.7,8373.7
1748211829800.0,8369.6,8373.6
1748211830020.0,8369.5,8373.5
1748211830245.0,8369.4,8373.4
1748211830471.0,8369.5,8373.5
1748211831843.0,8369.3,8373.3
1748211832066.0,8369.4,8373.4
1748211832291.0,8369.3,8373.3
1748211832642.0,8369.5,8373.5
1748211833702.0,8369.8,8373.8
1748211833926.0,8369.5,8373.5
1748211834152.0,8369.6,8373.6
1748211834715.0,8369.5,8373.5
1748211834947.0,8369.2,8373.2
1748211835172.0,8369.3,8373.3
1748211835807.0,8369.6,8373.6
1748211836030.0,8369.7,8373.7
1748211836785.0,8369.5,8373.5
1748211837083.0,8369.4,8373.4
1748211837308.0,8369.3,8373.3
1748211838309.0,8369.2,8373.2
1748211838931.0,8368.7,8372.7
1748211839031.0,8368.6,8372.6
1748211840562.0,8368.5,8372.5
1748211841732.0,8368.0,8372.0
1748211841955.0,8368.2,8372.2
1748211843312.0,8368.5,8372.5
1748211844148.0,8368.9,8372.9
1748211844247.0,8369.0,8373.0
1748211844472.0,8368.1,8372.1
1748211845026.0,8368.3,8372.3
1748211845414.0,8368.2,8372.2
1748211845893.0,8368.3,8372.3
1748211846295.0,8368.1,8372.1
1748211846518.0,8368.2,8372.2
1748211846743.0,8368.1,8372.1
1748211846968.0,8368.0,8372.0
1748211847195.0,8368.1,8372.1
1748211847495.0,8368.0,8372.0
1748211848396.0,8369.3,8373.3
1748211848782.0,8368.3,8372.3
1748211849006.0,8368.3,8372.3
1748211850183.0,8368.2,8372.2
1748211850407.0,8368.1,8372.1
1748211850632.0,8368.0,8372.0
1748211850859.0,8368.3,8372.3
1748211851083.0,8368.0,8372.0
1748211851753.0,8368.1,8372.1
1748211852152.0,8368.2,8372.2
1748211853612.0,8368.1,8372.1
1748211854514.0,8368.0,8372.0
1748211855115.0,8367.8,8371.8
1748211855214.0,8367.7,8371.7
1748211855909.0,8367.4,8371.4
1748211856825.0,8367.3,8371.3
1748211857985.0,8367.8,8371.8
1748211858210.0,8367.8,8371.8
1748211858308.0,8367.7,8371.7
1748211859830.0,8367.6,8371.6
1748211859930.0,8367.5,8371.5
1748211860488.0,8367.2,8371.2
1748211860713.0,8366.5,8370.5
1748211860937.0,8365.9,8369.9
1748211861038.0,8365.8,8369.8
1748211861163.0,8366.1,8370.1
1748211861389.0,8366.3,8370.3
1748211861683.0,8366.2,8370.2
1748211861886.0,8366.3,8370.3
1748211862140.0,8366.2,8370.2
1748211862532.0,8366.5,8370.5
1748211862629.0,8366.6,8370.6
1748211862856.0,8366.2,8370.2
1748211862978.0,8366.3,8370.3
1748211863234.0,8366.2,8370.2
1748211863529.0,8366.5,8370.5
1748211863681.0,8366.6,8370.6
1748211864440.0,8367.0,8371.0
1748211864565.0,8366.9,8370.9
1748211864789.0,8366.7,8370.7
1748211865015.0,8367.0,8371.0
1748211865240.0,8367.1,8371.1
1748211865465.0,8367.2,8371.2
1748211866090.0,8366.7,8370.7
1748211866312.0,8366.8,8370.8
1748211866714.0,8366.9,8370.9
1748211866938.0,8366.7,8370.7
1748211867164.0,8367.0,8371.0
1748211867387.0,8366.8,8370.8
1748211867615.0,8366.9,8370.9
1748211867915.0,8367.0,8371.0
1748211868410.0,8367.1,8371.1
1748211868635.0,8367.2,8371.2
1748211869012.0,8367.3,8371.3
1748211869237.0,8366.9,8370.9
1748211869462.0,8367.0,8371.0
1748211869686.0,8366.9,8370.9
1748211869911.0,8366.8,8370.8
1748211870137.0,8367.0,8371.0
1748211870361.0,8366.7,8370.7
1748211870732.0,8366.8,8370.8
1748211871693.0,8368.9,8372.9
1748211872293.0,8368.7,8372.7
1748211873081.0,8368.9,8372.9
1748211873519.0,8369.1,8373.1
1748211873645.0,8369.0,8373.0
1748211873743.0,8368.9,8372.9
1748211876887.0,8368.7,8372.7
1748211878040.0,8368.6,8372.6
1748211878263.0,8368.9,8372.9
1748211878932.0,8368.7,8372.7
1748211879364.0,8368.6,8372.6
1748211880694.0,8368.9,8372.9
1748211881640.0,8369.1,8373.1
1748211882020.0,8369.0,8373.0
1748211882246.0,8368.8,8372.8
1748211882468.0,8368.9,8372.9
1748211883554.0,8368.7,8372.7
1748211883779.0,8368.8,8372.8
1748211884259.0,8369.0,8373.0
1748211884808.0,8369.3,8373.3
1748211884933.0,8369.2,8373.2
1748211885032.0,8369.1,8373.1
1748211886426.0,8369.0,8373.0
1748211887331.0,8368.9,8372.9
1748211888200.0,8369.0,8373.0
1748211892153.0,8370.4,8374.4
1748211892252.0,8370.5,8374.5
1748211894025.0,8370.9,8374.9
1748211894633.0,8370.8,8374.8
1748211894857.0,8370.9,8374.9
1748211895182.0,8371.0,8375.0
1748211895407.0,8371.1,8375.1
1748211895858.0,8371.6,8375.6
1748211896384.0,8374.3,8378.3
1748211896609.0,8374.1,8378.1
1748211896833.0,8374.5,8378.5
1748211897059.0,8374.3,8378.3
1748211897387.0,8375.5,8379.5
1748211897508.0,8374.8,8378.8
1748211897734.0,8374.5,8378.5
1748211897960.0,8374.4,8378.4
1748211898250.0,8374.5,8378.5
1748211898652.0,8374.4,8378.4
1748211898876.0,8374.3,8378.3
1748211899101.0,8374.0,8378.0
1748211899327.0,8374.3,8378.3
1748211899653.0,8374.1,8378.1
1748211899879.0,8374.2,8378.2
1748211900104.0,8374.3,8378.3
1748211900455.0,8374.5,8378.5
1748211900681.0,8374.4,8378.4
1748211900903.0,8375.0,8379.0
1748211901130.0,8374.7,8378.7
1748211901229.0,8374.6,8378.6
1748211901354.0,8374.3,8378.3
1748211901576.0,8373.9,8377.9
1748211901804.0,8373.8,8377.8
1748211902253.0,8373.7,8377.7
1748211902477.0,8373.7,8377.7
1748211902574.0,8373.8,8377.8
1748211902967.0,8374.3,8378.3
1748211903190.0,8374.2,8378.2
1748211903630.0,8374.3,8378.3
1748211903855.0,8374.8,8378.8
1748211904248.0,8374.9,8378.9
1748211904571.0,8375.3,8379.3
1748211904797.0,8374.7,8378.7
1748211904921.0,8375.1,8379.1
1748211905022.0,8375.2,8379.2
1748211905391.0,8375.0,8379.0
1748211905541.0,8374.9,8378.9
1748211905967.0,8374.2,8378.2
1748211906193.0,8374.2,8378.2
1748211906418.0,8374.3,8378.3
1748211906742.0,8373.2,8377.2
1748211906866.0,8373.1,8377.1
1748211907092.0,8373.2,8377.2
1748211907316.0,8373.0,8377.0
1748211907668.0,8373.1,8377.1
1748211907894.0,8373.3,8377.3
1748211908118.0,8373.5,8377.5
1748211908345.0,8373.7,8377.7
1748211908568.0,8373.6,8377.6
1748211908666.0,8373.5,8377.5
1748211908793.0,8373.6,8377.6
1748211909018.0,8373.5,8377.5
1748211909244.0,8373.4,8377.4
1748211909589.0,8373.2,8377.2
1748211909812.0,8373.4,8377.4
1748211910139.0,8373.8,8377.8
1748211910363.0,8373.6,8377.6
1748211911008.0,8373.8,8377.8
1748211911233.0,8374.2,8378.2
1748211911697.0,8374.3,8378.3
1748211911922.0,8374.1,8378.1
1748211912147.0,8374.0,8378.0
1748211912612.0,8374.1,8378.1
1748211912837.0,8374.7,8378.7
1748211913063.0,8374.5,8378.5
1748211913287.0,8374.6,8378.6
1748211913609.0,8374.5,8378.5
1748211913834.0,8374.8,8378.8
1748211914059.0,8374.7,8378.7
1748211914287.0,8374.6,8378.6
1748211914511.0,8374.8,8378.8
1748211914935.0,8375.1,8379.1
1748211915161.0,8375.4,8379.4
1748211915386.0,8375.9,8379.9
1748211915711.0,8375.1,8379.1
1748211915837.0,8375.4,8379.4
1748211916061.0,8375.3,8379.3
1748211916339.0,8374.9,8378.9
1748211916562.0,8374.7,8378.7
1748211917037.0,8373.8,8377.8
1748211917304.0,8373.9,8377.9
1748211917528.0,8374.2,8378.2
1748211917751.0,8374.3,8378.3
1748211917977.0,8374.2,8378.2
1748211918201.0,8374.0,8378.0
1748211918427.0,8374.1,8378.1
1748211918994.0,8373.9,8377.9
1748211919218.0,8374.1,8378.1
1748211919446.0,8373.8,8377.8
1748211919671.0,8373.9,8377.9
1748211919994.0,8374.1,8378.1
1748211920465.0,8374.2,8378.2
1748211922660.0,8374.1,8378.1
1748211923685.0,8372.9,8376.9
1748211923815.0,8373.4,8377.4
1748211924037.0,8373.5,8377.5
1748211924264.0,8373.1,8377.1
1748211924586.0,8373.6,8377.6
1748211924810.0,8373.2,8377.2
1748211925462.0,8373.1,8377.1
1748211925951.0,8373.0,8377.0
1748211926177.0,8373.1,8377.1
1748211926746.0,8373.2,8377.2
1748211926969.0,8373.5,8377.5
1748211927194.0,8373.4,8377.4
1748211927419.0,8373.5,8377.5
1748211927643.0,8373.4,8377.4
1748211928435.0,8373.5,8377.5
1748211929127.0,8373.4,8377.4
1748211929350.0,8373.9,8377.9
1748211929450.0,8374.0,8378.0
1748211929825.0,8373.7,8377.7
1748211929952.0,8373.5,8377.5
1748211930178.0,8373.3,8377.3
1748211930433.0,8373.4,8377.4
1748211930655.0,8373.7,8377.7
1748211930880.0,8373.5,8377.5
1748211931111.0,8373.6,8377.6
1748211931334.0,8373.5,8377.5
1748211931559.0,8373.4,8377.4
1748211931884.0,8374.4,8378.4
1748211932199.0,8374.5,8378.5
1748211932599.0,8374.4,8378.4
1748211932883.0,8374.3,8378.3
1748211933108.0,8374.2,8378.2
1748211933702.0,8376.4,8380.4
1748211933825.0,8376.7,8380.7
1748211934339.0,8378.2,8382.2
1748211934463.0,8378.1,8382.1
1748211934689.0,8378.3,8382.3
1748211934914.0,8378.2,8382.2
1748211935138.0,8378.1,8382.1
1748211935366.0,8377.8,8381.8
1748211935590.0,8377.0,8381.0
1748211935689.0,8376.9,8380.9
1748211935814.0,8376.7,8380.7
1748211936040.0,8376.8,8380.8
1748211936363.0,8375.5,8379.5
1748211936641.0,8375.1,8379.1
1748211937041.0,8374.9,8378.9
1748211937441.0,8374.5,8378.5
1748211937765.0,8374.7,8378.7
1748211938251.0,8374.4,8378.4
1748211938849.0,8374.0,8378.0
1748211938947.0,8373.9,8377.9
1748211939592.0,8374.1,8378.1
1748211940418.0,8374.0,8378.0
1748211940640.0,8374.2,8378.2
1748211941013.0,8374.0,8378.0
1748211941237.0,8374.1,8378.1
1748211941916.0,8374.4,8378.4
1748211942141.0,8374.6,8378.6
1748211942519.0,8374.5,8378.5
1748211942617.0,8374.4,8378.4
1748211943019.0,8374.2,8378.2
1748211943143.0,8373.8,8377.8
1748211943520.0,8374.0,8378.0
1748211943919.0,8373.9,8377.9
1748211944143.0,8374.0,8378.0
1748211944369.0,8373.7,8377.7
1748211944595.0,8373.8,8377.8
1748211944821.0,8373.7,8377.7
1748211945045.0,8374.0,8378.0
1748211945271.0,8373.9,8377.9
1748211945944.0,8373.8,8377.8
1748211946166.0,8373.9,8377.9
1748211946600.0,8374.0,8378.0
1748211946825.0,8373.8,8377.8
1748211947204.0,8374.2,8378.2
1748211948552.0,8374.1,8378.1
1748211948777.0,8374.0,8378.0
1748211949001.0,8373.9,8377.9
1748211949346.0,8374.0,8378.0
1748211949663.0,8373.8,8377.8
1748211949939.0,8373.7,8377.7
1748211950339.0,8373.8,8377.8
1748211950742.0,8373.7,8377.7
1748211950966.0,8373.8,8377.8
1748211952011.0,8374.0,8378.0
1748211952362.0,8374.2,8378.2
1748211953339.0,8374.1,8378.1
1748211953659.0,8373.7,8377.7
1748211955040.0,8373.5,8377.5
1748211955264.0,8374.0,8378.0
1748211955487.0,8373.9,8377.9
1748211955589.0,8373.8,8377.8
1748211955751.0,8373.7,8377.7
1748211956486.0,8373.5,8377.5
1748211957703.0,8373.2,8377.2
1748211958126.0,8373.1,8377.1
1748211958349.0,8373.2,8377.2
1748211958723.0,8373.1,8377.1
1748211959016.0,8373.2,8377.2
1748211960120.0,8373.1,8377.1
1748211961101.0,8373.5,8377.5
1748211961931.0,8373.3,8377.3
1748211962157.0,8373.4,8377.4
1748211962381.0,8373.2,8377.2
1748211963263.0,8373.3,8377.3
1748211963490.0,8372.9,8376.9
1748211964157.0,8373.0,8377.0
1748211964404.0,8373.1,8377.1
1748211964629.0,8373.2,8377.2
1748211964854.0,8372.9,8376.9
1748211965078.0,8372.7,8376.7
1748211965471.0,8372.8,8376.8
1748211965870.0,8372.7,8376.7
1748211966097.0,8372.8,8376.8
1748211966323.0,8372.9,8376.9
1748211966647.0,8372.5,8376.5
1748211966772.0,8372.6,8376.6
1748211966996.0,8372.6,8376.6
1748211967224.0,8372.6,8376.6
1748211967446.0,8372.6,8376.6
1748211967546.0,8372.5,8376.5
1748211968509.0,8372.7,8376.7
1748211968635.0,8372.9,8376.9
1748211969010.0,8372.7,8376.7
1748211969472.0,8372.5,8376.5
1748211969618.0,8372.4,8376.4
1748211970141.0,8372.3,8376.3
1748211971511.0,8372.1,8376.1
1748211972058.0,8372.0,8376.0
1748211972594.0,8371.8,8375.8
1748211973100.0,8371.7,8375.7
1748211973328.0,8371.8,8375.8
1748211973654.0,8371.9,8375.9
1748211973881.0,8371.5,8375.5
1748211974296.0,8370.9,8374.9
1748211974395.0,8370.8,8374.8
1748211974520.0,8370.7,8374.7
1748211974745.0,8370.4,8374.4
1748211974970.0,8370.2,8374.2
1748211975195.0,8370.3,8374.3
1748211975419.0,8370.2,8374.2
1748211975645.0,8370.4,8374.4
1748211975870.0,8370.8,8374.8
1748211976097.0,8370.6,8374.6
1748211976860.0,8370.7,8374.7
1748211977258.0,8370.6,8374.6
1748211977689.0,8370.3,8374.3
1748211977913.0,8370.2,8374.2
1748211978604.0,8370.0,8374.0
1748211978787.0,8370.1,8374.1
1748211979009.0,8369.7,8373.7
1748211979259.0,8369.6,8373.6
1748211979484.0,8369.7,8373.7
1748211979708.0,8369.9,8373.9
1748211980144.0,8369.8,8373.8
1748211980580.0,8369.5,8373.5
1748211980804.0,8369.6,8373.6
1748211981029.0,8369.4,8373.4
1748211981255.0,8369.5,8373.5
1748211981480.0,8369.4,8373.4
1748211981916.0,8369.5,8373.5
1748211982141.0,8369.4,8373.4
1748211982371.0,8369.5,8373.5
1748211982594.0,8369.4,8373.4
1748211982817.0,8369.5,8373.5
1748211983371.0,8369.4,8373.4
1748211983595.0,8369.3,8373.3
1748211983695.0,8369.2,8373.2
1748211983822.0,8369.3,8373.3
1748211984484.0,8369.7,8373.7
1748211985381.0,8369.8,8373.8
1748211986585.0,8369.9,8373.9
1748211987981.0,8370.2,8374.2
1748211988077.0,8370.3,8374.3
1748211988230.0,8370.4,8374.4
1748211988455.0,8370.3,8374.3
1748211988679.0,8370.6,8374.6
1748211989216.0,8370.5,8374.5
1748211989617.0,8370.7,8374.7
1748211989842.0,8370.8,8374.8
1748211990341.0,8370.9,8374.9
1748211990841.0,8370.7,8374.7
1748211991067.0,8370.8,8374.8
1748211991566.0,8370.5,8374.5
1748211992319.0,8370.8,8374.8
1748211992565.0,8370.7,8374.7
1748211993423.0,8370.8,8374.8
1748211994146.0,8370.6,8374.6
1748211994638.0,8370.2,8374.2
1748211995215.0,8370.0,8374.0
1748211995479.0,8370.1,8374.1
1748211995577.0,8370.2,8374.2
1748211996703.0,8370.3,8374.3
1748211997141.0,8370.4,8374.4
1748211997541.0,8369.9,8373.9
1748211997640.0,8369.8,8373.8
1748211998351.0,8369.7,8373.7
1748211998800.0,8369.8,8373.8
1748211999424.0,8369.7,8373.7
1748212000056.0,8369.6,8373.6
1748212000278.0,8369.7,8373.7
1748212001115.0,8369.9,8373.9
1748212001338.0,8369.7,8373.7
1748212001563.0,8369.9,8373.9
1748212001788.0,8370.0,8374.0
1748212002013.0,8369.9,8373.9
1748212002967.0,8369.7,8373.7
1748212003191.0,8369.8,8373.8
1748212003776.0,8369.9,8373.9
1748212004000.0,8370.1,8374.1
1748212004099.0,8370.2,8374.2
1748212004470.0,8370.3,8374.3
1748212004920.0,8370.2,8374.2
1748212005242.0,8369.8,8373.8
1748212005563.0,8369.7,8373.7
1748212006213.0,8369.8,8373.8
1748212006989.0,8370.0,8374.0
1748212007212.0,8370.2,8374.2
1748212007313.0,8370.3,8374.3
1748212007642.0,8370.2,8374.2
1748212007930.0,8370.3,8374.3
1748212009012.0,8370.2,8374.2
1748212010642.0,8370.1,8374.1
1748212010970.0,8370.2,8374.2
1748212011195.0,8370.0,8374.0
1748212012591.0,8369.8,8373.8
1748212013329.0,8369.4,8373.4
1748212013869.0,8369.5,8373.5
1748212014643.0,8370.0,8374.0
1748212014741.0,8370.1,8374.1
1748212014865.0,8370.0,8374.0
1748212015257.0,8369.9,8373.9
1748212015647.0,8369.7,8373.7
1748212016011.0,8369.5,8373.5
1748212016637.0,8369.4,8373.4
1748212016967.0,8369.3,8373.3
1748212017364.0,8369.5,8373.5
1748212017589.0,8369.3,8373.3
1748212018884.0,8369.4,8373.4
1748212019220.0,8369.5,8373.5
1748212020383.0,8369.3,8373.3
1748212021191.0,8368.9,8372.9
1748212021592.0,8368.4,8372.4
1748212021816.0,8368.5,8372.5
1748212022040.0,8368.6,8372.6
1748212022267.0,8368.5,8372.5
1748212022489.0,8368.6,8372.6
1748212022868.0,8368.7,8372.7
1748212023093.0,8368.8,8372.8
1748212023192.0,8368.9,8372.9
1748212023318.0,8369.1,8373.1
1748212023543.0,8369.0,8373.0
1748212024678.0,8368.7,8372.7
1748212024777.0,8368.6,8372.6
1748212024901.0,8368.5,8372.5
1748212025127.0,8368.4,8372.4
1748212025427.0,8368.5,8372.5
1748212025654.0,8368.6,8372.6
1748212025879.0,8368.7,8372.7
1748212026103.0,8368.5,8372.5
1748212026327.0,8368.6,8372.6
1748212026551.0,8368.7,8372.7
1748212027481.0,8368.9,8372.9
1748212028131.0,8368.5,8372.5
1748212028856.0,8368.6,8372.6
1748212029079.0,8368.7,8372.7
1748212029304.0,8368.6,8372.6
1748212030768.0,8368.7,8372.7
1748212031460.0,8368.6,8372.6
1748212032778.0,8368.7,8372.7
1748212033004.0,8368.6,8372.6
1748212033929.0,8368.5,8372.5
1748212035102.0,8368.8,8372.8
1748212035202.0,8368.9,8372.9
1748212036679.0,8369.1,8373.1
1748212038429.0,8368.9,8372.9
1748212039509.0,8369.0,8373.0
1748212039732.0,8369.1,8373.1
1748212040899.0,8368.9,8372.9
1748212042325.0,8368.7,8372.7
1748212042843.0,8368.6,8372.6
1748212043703.0,8368.2,8372.2
1748212044109.0,8368.3,8372.3
1748212044678.0,8368.2,8372.2
1748212046688.0,8368.3,8372.3
1748212046953.0,8368.4,8372.4
1748212049219.0,8368.6,8372.6
1748212049584.0,8368.7,8372.7
1748212050488.0,8368.5,8372.5
1748212050686.0,8368.4,8372.4
1748212051537.0,8368.3,8372.3
1748212052194.0,8368.4,8372.4
1748212052417.0,8368.3,8372.3
1748212052840.0,8368.4,8372.4
1748212057817.0,8368.3,8372.3
1748212058218.0,8368.4,8372.4
1748212058704.0,8368.5,8372.5
1748212058928.0,8368.4,8372.4
1748212059408.0,8368.3,8372.3
1748212059630.0,8368.4,8372.4
1748212060363.0,8368.5,8372.5
1748212061168.0,8368.4,8372.4
1748212064694.0,8368.3,8372.3
1748212066890.0,8368.4,8372.4
1748212067486.0,8368.6,8372.6
1748212068163.0,8368.5,8372.5
1748212068384.0,8368.3,8372.3
1748212071042.0,8368.4,8372.4
1748212072448.0,8368.3,8372.3
1748212073553.0,8368.4,8372.4
1748212073851.0,8368.3,8372.3
1748212075444.0,8368.6,8372.6
1748212078428.0,8368.5,8372.5
1748212078652.0,8368.6,8372.6
1748212079758.0,8368.7,8372.7
1748212079979.0,8370.0,8374.0
1748212080079.0,8370.1,8374.1
1748212080302.0,8369.7,8373.7
1748212080428.0,8369.8,8373.8
1748212080655.0,8369.9,8373.9
1748212080878.0,8370.0,8374.0
1748212081233.0,8370.1,8374.1
1748212081828.0,8369.9,8373.9
1748212081926.0,8369.8,8373.8
1748212082268.0,8369.9,8373.9
1748212082490.0,8370.0,8374.0
1748212082815.0,8370.2,8374.2
1748212083438.0,8370.1,8374.1
1748212083760.0,8369.7,8373.7
1748212084264.0,8369.8,8373.8
1748212084487.0,8369.7,8373.7
1748212084792.0,8369.6,8373.6
1748212085016.0,8369.7,8373.7
1748212085241.0,8369.6,8373.6
1748212088030.0,8369.4,8373.4
1748212088898.0,8369.6,8373.6
1748212090046.0,8369.5,8373.5
1748212090268.0,8369.6,8373.6
1748212090493.0,8369.4,8373.4
1748212090717.0,8369.5,8373.5
1748212091052.0,8369.4,8373.4
1748212091682.0,8369.1,8373.1
1748212092418.0,8369.2,8373.2
1748212092642.0,8369.1,8373.1
1748212093732.0,8369.0,8373.0
1748212093866.0,8369.2,8373.2
1748212094091.0,8369.1,8373.1
1748212094316.0,8368.9,8372.9
1748212094893.0,8368.6,8372.6
1748212095231.0,8368.7,8372.7
1748212095457.0,8368.8,8372.8
1748212097240.0,8369.0,8373.0
1748212098234.0,8369.1,8373.1
1748212100976.0,8368.8,8372.8
1748212103810.0,8368.9,8372.9
1748212104524.0,8368.8,8372.8
1748212104744.0,8368.7,8372.7
1748212106087.0,8368.6,8372.6
1748212107111.0,8368.4,8372.4
1748212107760.0,8368.3,8372.3
1748212108158.0,8368.4,8372.4
1748212108636.0,8368.8,8372.8
1748212108861.0,8368.7,8372.7
1748212109088.0,8368.6,8372.6
1748212109789.0,8368.8,8372.8
1748212110089.0,8368.7,8372.7
1748212110739.0,8368.8,8372.8
1748212110961.0,8368.7,8372.7
1748212111188.0,8368.8,8372.8
1748212111410.0,8368.9,8372.9
1748212114413.0,8369.0,8373.0
1748212119311.0,8368.9,8372.9
1748212120140.0,8368.6,8372.6
1748212121940.0,8368.8,8372.8
1748212122970.0,8368.6,8372.6
1748212123826.0,8368.5,8372.5
1748212124049.0,8368.4,8372.4
1748212125357.0,8368.6,8372.6
1748212126155.0,8368.9,8372.9
1748212126381.0,8368.8,8372.8
1748212126605.0,8369.0,8373.0
1748212127035.0,8368.9,8372.9
1748212127261.0,8369.0,8373.0
1748212129064.0,8368.9,8372.9
1748212130198.0,8368.8,8372.8
1748212132295.0,8368.9,8372.9
1748212132518.0,8368.8,8372.8
1748212133281.0,8369.2,8373.2
1748212134098.0,8369.1,8373.1
1748212134197.0,8369.0,8373.0
1748212135292.0,8368.9,8372.9
1748212135681.0,8369.0,8373.0
1748212137213.0,8369.4,8373.4
1748212137313.0,8369.5,8373.5
1748212138918.0,8369.4,8373.4
1748212139490.0,8369.5,8373.5
1748212139713.0,8369.6,8373.6
1748212141699.0,8369.1,8373.1
1748212142114.0,8369.2,8373.2
1748212142515.0,8369.4,8373.4
1748212142612.0,8369.5,8373.5
1748212145794.0,8369.3,8373.3
1748212147039.0,8369.2,8373.2
1748212148210.0,8368.9,8372.9
1748212148309.0,8368.8,8372.8
1748212149043.0,8368.7,8372.7
1748212150944.0,8368.8,8372.8
1748212151209.0,8368.7,8372.7
1748212152102.0,8368.8,8372.8
1748212154362.0,8368.7,8372.7
1748212158699.0,8369.1,8373.1
1748212159099.0,8369.0,8373.0
1748212159325.0,8368.8,8372.8
1748212159423.0,8368.7,8372.7
1748212161293.0,8368.5,8372.5
1748212161778.0,8368.6,8372.6
1748212162682.0,8368.5,8372.5
1748212163211.0,8368.6,8372.6
1748212163711.0,8369.0,8373.0
1748212163836.0,8368.9,8372.9
1748212163936.0,8368.8,8372.8
1748212164651.0,8368.7,8372.7
1748212170491.0,8368.8,8372.8
1748212172138.0,8368.7,8372.7
1748212172940.0,8368.8,8372.8
1748212173258.0,8368.7,8372.7
1748212173482.0,8369.2,8373.2
1748212173895.0,8369.1,8373.1
1748212174762.0,8368.9,8372.9
1748212175825.0,8368.8,8372.8
1748212176840.0,8369.0,8373.0
1748212177303.0,8368.9,8372.9
1748212182841.0,8369.0,8373.0
1748212183462.0,8369.1,8373.1
1748212183689.0,8369.2,8373.2
1748212184770.0,8369.3,8373.3
1748212184991.0,8369.7,8373.7
1748212185648.0,8369.9,8373.9
1748212186848.0,8370.3,8374.3
1748212186971.0,8370.4,8374.4
1748212187071.0,8370.5,8374.5
1748212187229.0,8370.4,8374.4
1748212187455.0,8370.3,8374.3
1748212187829.0,8370.2,8374.2
1748212187929.0,8370.1,8374.1
1748212188701.0,8370.2,8374.2
1748212188801.0,8370.3,8374.3
1748212189103.0,8370.4,8374.4
1748212189328.0,8370.7,8374.7
1748212189553.0,8370.8,8374.8
1748212191232.0,8370.6,8374.6
1748212191658.0,8370.5,8374.5
1748212191883.0,8370.4,8374.4
1748212192264.0,8370.5,8374.5
1748212193131.0,8370.6,8374.6
1748212193351.0,8370.9,8374.9
1748212193576.0,8371.0,8375.0
1748212193800.0,8370.9,8374.9
1748212194365.0,8370.8,8374.8
1748212194855.0,8370.7,8374.7
1748212195429.0,8370.8,8374.8
1748212195820.0,8370.9,8374.9
1748212196223.0,8371.1,8375.1
1748212196838.0,8371.0,8375.0
1748212197061.0,8370.9,8374.9
1748212197964.0,8371.0,8375.0
1748212199043.0,8371.3,8375.3
1748212199274.0,8371.2,8375.2
1748212199499.0,8371.1,8375.1
1748212199725.0,8371.3,8375.3
1748212200095.0,8371.2,8375.2
1748212200318.0,8371.3,8375.3
1748212200542.0,8371.2,8375.2
1748212200768.0,8371.3,8375.3
1748212200995.0,8371.2,8375.2
1748212201219.0,8371.4,8375.4
1748212201445.0,8371.7,8375.7
1748212201939.0,8371.6,8375.6
1748212202162.0,8371.0,8375.0
1748212202384.0,8370.9,8374.9
1748212202612.0,8371.1,8375.1
1748212202835.0,8371.0,8375.0
1748212203997.0,8371.3,8375.3
1748212204221.0,8371.2,8375.2
1748212204447.0,8371.1,8375.1
1748212205383.0,8371.0,8375.0
1748212205733.0,8371.1,8375.1
1748212207259.0,8371.0,8375.0
1748212207482.0,8370.5,8374.5
1748212207581.0,8370.4,8374.4
1748212207705.0,8370.5,8374.5
1748212207931.0,8370.8,8374.8
1748212208030.0,8370.9,8374.9
1748212208417.0,8371.0,8375.0
1748212208642.0,8371.1,8375.1
1748212208867.0,8371.0,8375.0
1748212209092.0,8370.9,8374.9
1748212209416.0,8370.6,8374.6
1748212209794.0,8370.5,8374.5
1748212209994.0,8370.5,8374.5
1748212210220.0,8370.4,8374.4
1748212210602.0,8370.5,8374.5
1748212210904.0,8370.0,8374.0
1748212211362.0,8369.9,8373.9
1748212211587.0,8369.7,8373.7
1748212212257.0,8369.6,8373.6
1748212212482.0,8369.5,8373.5
1748212212732.0,8369.6,8373.6
1748212212957.0,8369.8,8373.8
1748212213181.0,8369.7,8373.7
1748212213407.0,8369.8,8373.8
1748212213768.0,8369.7,8373.7
1748212213992.0,8369.8,8373.8
1748212214216.0,8369.9,8373.9
1748212214442.0,8370.0,8374.0
1748212214991.0,8369.7,8373.7
1748212215405.0,8369.6,8373.6
1748212215630.0,8369.5,8373.5
1748212217161.0,8369.4,8373.4
1748212217386.0,8369.5,8373.5
1748212217611.0,8369.4,8373.4
1748212217836.0,8369.3,8373.3
1748212218252.0,8369.2,8373.2
1748212218476.0,8369.3,8373.3
1748212218702.0,8369.4,8373.4
1748212218932.0,8369.2,8373.2
1748212219755.0,8369.1,8373.1
1748212219989.0,8368.7,8372.7
1748212220204.0,8368.8,8372.8
1748212220861.0,8368.7,8372.7
1748212221260.0,8368.6,8372.6
1748212222128.0,8368.5,8372.5
1748212222727.0,8368.4,8372.4
1748212222954.0,8368.3,8372.3
1748212223391.0,8368.4,8372.4
1748212223616.0,8368.5,8372.5
1748212223841.0,8368.4,8372.4
1748212223940.0,8368.3,8372.3
1748212224065.0,8368.2,8372.2
1748212225131.0,8368.3,8372.3
1748212225713.0,8368.4,8372.4
1748212225811.0,8368.5,8372.5
1748212227285.0,8368.2,8372.2
1748212227411.0,8368.3,8372.3
1748212227901.0,8368.7,8372.7
1748212228000.0,8368.8,8372.8
1748212228125.0,8368.5,8372.5
1748212228576.0,8368.5,8372.5
1748212228823.0,8368.6,8372.6
1748212228922.0,8368.5,8372.5
1748212230757.0,8368.4,8372.4
1748212232727.0,8368.3,8372.3
1748212233126.0,8367.8,8371.8
1748212234226.0,8368.1,8372.1
1748212234719.0,8368.0,8372.0
1748212235117.0,8368.1,8372.1
1748212237033.0,8368.2,8372.2
1748212240012.0,8368.1,8372.1
1748212240236.0,8368.0,8372.0
1748212241672.0,8368.1,8372.1
1748212242523.0,8368.2,8372.2
1748212242750.0,8368.3,8372.3
1748212243013.0,8368.1,8372.1
1748212243199.0,8368.2,8372.2
1748212243424.0,8368.4,8372.4
1748212243649.0,8368.3,8372.3
1748212245332.0,8368.4,8372.4
1748212245929.0,8368.3,8372.3
1748212246154.0,8368.4,8372.4
1748212246925.0,8368.3,8372.3
1748212248224.0,8368.1,8372.1
1748212252468.0,8368.2,8372.2
1748212254810.0,8368.1,8372.1
1748212256750.0,8368.0,8372.0
1748212258476.0,8367.9,8371.9
1748212258698.0,8368.0,8372.0
1748212260263.0,8368.1,8372.1
1748212261531.0,8368.2,8372.2
1748212261749.0,8368.0,8372.0
1748212262404.0,8367.9,8371.9
1748212262627.0,8367.5,8371.5
1748212262729.0,8367.4,8371.4
1748212264454.0,8367.1,8371.1
1748212264677.0,8366.9,8370.9
1748212264900.0,8367.0,8371.0
1748212265961.0,8366.9,8370.9
1748212266386.0,8367.0,8371.0
1748212266788.0,8366.8,8370.8
1748212267190.0,8366.6,8370.6
1748212268071.0,8366.5,8370.5
1748212268577.0,8366.6,8370.6
1748212268803.0,8366.7,8370.7
1748212269228.0,8366.6,8370.6
1748212269451.0,8366.7,8370.7
1748212270605.0,8366.8,8370.8
1748212273854.0,8366.9,8370.9
1748212274254.0,8367.2,8371.2
1748212274477.0,8367.0,8371.0
1748212274849.0,8366.9,8370.9
1748212275304.0,8366.8,8370.8
1748212275528.0,8366.9,8370.9
1748212276980.0,8366.4,8370.4
1748212277543.0,8366.5,8370.5
1748212278009.0,8366.4,8370.4
1748212278912.0,8366.1,8370.1
1748212279013.0,8366.0,8370.0
1748212279422.0,8366.1,8370.1
1748212279646.0,8366.0,8370.0
1748212279874.0,8365.9,8369.9
1748212280098.0,8366.0,8370.0
1748212280547.0,8366.0,8370.0
1748212281986.0,8365.9,8369.9
1748212282210.0,8366.1,8370.1
1748212282664.0,8366.1,8370.1
1748212282763.0,8366.0,8370.0
1748212283083.0,8366.3,8370.3
1748212283211.0,8366.2,8370.2
1748212283436.0,8366.0,8370.0
1748212283662.0,8365.9,8369.9
1748212283886.0,8365.8,8369.8
1748212284662.0,8365.9,8369.9
1748212284886.0,8366.0,8370.0
1748212285888.0,8366.1,8370.1
1748212287233.0,8366.0,8370.0
1748212288964.0,8366.1,8370.1
1748212289187.0,8366.0,8370.0
1748212289411.0,8365.9,8369.9
1748212289637.0,8366.1,8370.1
1748212290737.0,8366.0,8370.0
1748212290978.0,8365.9,8369.9
1748212291203.0,8365.8,8369.8
1748212292701.0,8366.0,8370.0
1748212292924.0,8366.1,8370.1
1748212294414.0,8365.9,8369.9
1748212294639.0,8365.8,8369.8
1748212295337.0,8365.6,8369.6
1748212295587.0,8365.7,8369.7
1748212295811.0,8365.5,8369.5
1748212297293.0,8365.6,8369.6
1748212297663.0,8365.5,8369.5
1748212298545.0,8365.3,8369.3
1748212298769.0,8365.5,8369.5
1748212298917.0,8365.6,8369.6
1748212299121.0,8365.7,8369.7
1748212299601.0,8365.6,8369.6
1748212300459.0,8365.7,8369.7
1748212300682.0,8365.8,8369.8
1748212300907.0,8365.7,8369.7
1748212301469.0,8365.8,8369.8
1748212301694.0,8365.9,8369.9
1748212302247.0,8366.0,8370.0
1748212302764.0,8366.2,8370.2
1748212303560.0,8366.1,8370.1
1748212303783.0,8365.8,8369.8
1748212304008.0,8366.0,8370.0
1748212305474.0,8366.6,8370.6
1748212305698.0,8366.7,8370.7
1748212305924.0,8366.8,8370.8
1748212306393.0,8366.7,8370.7
1748212307300.0,8366.6,8370.6
1748212307397.0,8366.5,8370.5
1748212307864.0,8366.7,8370.7
1748212308088.0,8366.6,8370.6
1748212308816.0,8366.5,8370.5
1748212310608.0,8366.7,8370.7
1748212312818.0,8366.6,8370.6
1748212313985.0,8366.5,8370.5
1748212314592.0,8366.6,8370.6
1748212317355.0,8366.7,8370.7
1748212318102.0,8366.5,8370.5
1748212322061.0,8365.8,8369.8
1748212322285.0,8365.7,8369.7
1748212322509.0,8365.7,8369.7
1748212322730.0,8365.8,8369.8
1748212322955.0,8365.7,8369.7
1748212323243.0,8365.8,8369.8
1748212324373.0,8366.1,8370.1
1748212326720.0,8366.3,8370.3
1748212327726.0,8366.1,8370.1
1748212330323.0,8366.2,8370.2
1748212330750.0,8366.1,8370.1
1748212332279.0,8366.2,8370.2
1748212335550.0,8366.1,8370.1
1748212337234.0,8365.9,8369.9
1748212337333.0,8365.8,8369.8
1748212337508.0,8365.7,8369.7
1748212338518.0,8365.6,8369.6
1748212340194.0,8365.4,8369.4
1748212341262.0,8365.2,8369.2
1748212341485.0,8365.1,8369.1
1748212342014.0,8365.2,8369.2
1748212342237.0,8365.1,8369.1
1748212343330.0,8365.0,8369.0
1748212344470.0,8364.9,8368.9
1748212344692.0,8364.8,8368.8
1748212344916.0,8364.9,8368.9
1748212346255.0,8364.8,8368.8
1748212347232.0,8365.0,8369.0
1748212351062.0,8364.8,8368.8
1748212351483.0,8364.9,8368.9
1748212352041.0,8365.0,8369.0
1748212352263.0,8364.8,8368.8
1748212355601.0,8364.6,8368.6
1748212356949.0,8364.3,8368.3
1748212357285.0,8364.4,8368.4
1748212357510.0,8364.7,8368.7
1748212357734.0,8364.6,8368.6
1748212357959.0,8364.5,8368.5
1748212358058.0,8364.4,8368.4
1748212358422.0,8364.3,8368.3
1748212359021.0,8364.4,8368.4
1748212359247.0,8364.5,8368.5
1748212359346.0,8364.6,8368.6
1748212360407.0,8364.8,8368.8
1748212363639.0,8364.7,8368.7
1748212364041.0,8364.8,8368.8
