None,,
None,,
None,,
None,,
None,,
None,,
None,,
None,,
None,,
None,,
None,,
None,,
None,,
None,,
1748210525463.0,5326.8,5329.8
1748210526199.0,5326.7,5329.7
1748210526420.0,5326.9,5329.9
1748210526644.0,5326.8,5329.8
1748210527347.0,5326.9,5329.9
1748210527568.0,5327.3,5330.3
1748210527947.0,5327.6,5330.6
1748210528171.0,5328.2,5331.2
1748210529121.0,5328.3,5331.3
1748210529372.0,5328.4,5331.4
1748210529597.0,5328.6,5331.6
1748210529821.0,5328.4,5331.4
1748210530045.0,5328.3,5331.3
1748210531470.0,5328.1,5331.1
1748210531692.0,5328.2,5331.2
1748210532269.0,5328.3,5331.3
1748210532490.0,5328.1,5331.1
1748210533033.0,5328.3,5331.3
1748210534000.0,5329.0,5332.0
1748210534457.0,5328.9,5331.9
1748210534681.0,5329.1,5332.1
1748210534907.0,5329.2,5332.2
1748210535133.0,5326.8,5329.8
1748210535357.0,5326.9,5329.9
1748210536390.0,5327.0,5330.0
1748210536942.0,5327.2,5330.2
1748210537164.0,5327.7,5330.7
1748210537713.0,5327.8,5330.8
1748210537938.0,5328.3,5331.3
1748210538944.0,5328.8,5331.8
1748210539476.0,5328.9,5331.9
1748210540037.0,5328.8,5331.8
1748210540829.0,5329.3,5332.3
1748210541723.0,5329.1,5332.1
1748210541945.0,5329.2,5332.2
1748210542172.0,5328.9,5331.9
1748210542396.0,5329.3,5332.3
1748210542624.0,5328.9,5331.9
1748210543591.0,5329.2,5332.2
1748210543814.0,5329.1,5332.1
1748210544042.0,5328.4,5331.4
1748210544362.0,5328.3,5331.3
1748210544588.0,5328.5,5331.5
1748210545502.0,5328.8,5331.8
1748210545724.0,5328.6,5331.6
1748210546005.0,5328.5,5331.5
1748210546873.0,5328.9,5331.9
1748210548414.0,5328.8,5331.8
1748210548746.0,5328.6,5331.6
1748210550324.0,5328.8,5331.8
1748210550544.0,5329.0,5332.0
1748210550976.0,5328.8,5331.8
1748210551996.0,5328.6,5331.6
1748210552581.0,5328.8,5331.8
1748210553155.0,5329.0,5332.0
1748210553380.0,5328.8,5331.8
1748210554054.0,5328.9,5331.9
1748210554280.0,5328.5,5331.5
1748210557044.0,5328.9,5331.9
1748210558050.0,5328.5,5331.5
1748210561998.0,5328.9,5331.9
1748210562863.0,5328.8,5331.8
1748210563836.0,5328.6,5331.6
1748210564737.0,5328.8,5331.8
1748210565853.0,5328.6,5331.6
1748210566266.0,5328.8,5331.8
1748210566490.0,5328.5,5331.5
1748210568423.0,5328.6,5331.6
1748210569935.0,5328.5,5331.5
1748210571291.0,5329.2,5332.2
1748210571508.0,5329.3,5332.3
1748210571734.0,5329.1,5332.1
1748210572533.0,5329.0,5332.0
1748210572758.0,5328.0,5331.0
1748210572980.0,5327.6,5330.6
1748210573211.0,5327.7,5330.7
1748210577000.0,5327.8,5330.8
1748210577222.0,5328.2,5331.2
1748210577447.0,5328.3,5331.3
1748210577672.0,5329.0,5332.0
1748210577898.0,5329.1,5332.1
1748210579075.0,5329.0,5332.0
1748210579294.0,5329.1,5332.1
1748210581220.0,5329.7,5332.7
1748210581443.0,5330.0,5333.0
1748210581865.0,5330.1,5333.1
1748210582264.0,5329.9,5332.9
1748210582700.0,5330.0,5333.0
1748210583342.0,5330.6,5333.6
1748210583567.0,5330.5,5333.5
1748210584148.0,5330.6,5333.6
1748210584369.0,5330.7,5333.7
1748210584747.0,5330.6,5333.6
1748210585246.0,5330.4,5333.4
1748210585469.0,5331.4,5334.4
1748210585693.0,5331.2,5334.2
1748210586825.0,5331.3,5334.3
1748210587050.0,5331.6,5334.6
1748210587461.0,5332.1,5335.1
1748210588157.0,5331.6,5334.6
1748210588590.0,5331.7,5334.7
1748210589201.0,5331.6,5334.6
1748210590203.0,5331.5,5334.5
1748210591278.0,5331.6,5334.6
1748210591854.0,5332.0,5335.0
1748210592074.0,5331.8,5334.8
1748210592448.0,5332.0,5335.0
1748210592670.0,5331.8,5334.8
1748210593804.0,5332.1,5335.1
1748210594026.0,5331.8,5334.8
1748210594357.0,5332.0,5335.0
1748210594581.0,5332.4,5335.4
1748210595293.0,5332.3,5335.3
1748210596217.0,5332.4,5335.4
1748210596441.0,5333.0,5336.0
1748210596663.0,5333.1,5336.1
1748210597014.0,5332.8,5335.8
1748210598272.0,5332.7,5335.7
1748210598492.0,5332.9,5335.9
1748210599567.0,5332.7,5335.7
1748210599935.0,5332.8,5335.8
1748210600338.0,5331.8,5334.8
1748210600560.0,5332.5,5335.5
1748210600935.0,5332.8,5335.8
1748210601160.0,5332.9,5335.9
1748210601749.0,5332.8,5335.8
1748210601972.0,5333.0,5336.0
1748210602425.0,5332.4,5335.4
1748210602645.0,5332.2,5335.2
1748210602869.0,5332.4,5335.4
1748210603094.0,5332.7,5335.7
1748210603323.0,5333.0,5336.0
1748210603830.0,5332.7,5335.7
1748210604056.0,5332.3,5335.3
1748210604615.0,5332.4,5335.4
1748210605013.0,5332.3,5335.3
1748210605476.0,5332.9,5335.9
1748210605939.0,5332.8,5335.8
1748210606735.0,5332.7,5335.7
1748210608142.0,5332.0,5335.0
1748210608361.0,5331.5,5334.5
1748210608585.0,5331.4,5334.4
1748210608810.0,5332.1,5335.1
1748210609317.0,5331.6,5334.6
1748210609775.0,5331.3,5334.3
1748210609997.0,5331.0,5334.0
1748210610220.0,5331.2,5334.2
1748210610446.0,5331.0,5334.0
1748210611304.0,5330.9,5333.9
1748210611524.0,5331.4,5334.4
1748210612579.0,5331.5,5334.5
1748210612800.0,5331.6,5334.6
1748210613344.0,5331.7,5334.7
1748210613566.0,5331.8,5334.8
1748210615239.0,5331.7,5334.7
1748210615462.0,5332.0,5335.0
1748210615990.0,5331.7,5334.7
1748210616260.0,5331.8,5334.8
1748210617564.0,5331.7,5334.7
1748210618429.0,5332.3,5335.3
1748210619368.0,5332.2,5335.2
1748210620029.0,5331.5,5334.5
1748210621779.0,5331.8,5334.8
1748210622532.0,5332.0,5335.0
1748210624037.0,5331.8,5334.8
1748210624258.0,5331.7,5334.7
1748210625830.0,5332.7,5335.7
1748210627086.0,5332.9,5335.9
1748210630230.0,5332.8,5335.8
1748210631566.0,5332.9,5335.9
1748210631792.0,5332.5,5335.5
1748210633521.0,5332.7,5335.7
1748210634877.0,5332.9,5335.9
1748210635096.0,5333.0,5336.0
1748210636018.0,5332.5,5335.5
1748210636240.0,5332.3,5335.3
1748210636463.0,5332.2,5335.2
1748210638200.0,5331.7,5334.7
1748210640560.0,5331.8,5334.8
1748210641558.0,5332.0,5335.0
1748210641779.0,5331.7,5334.7
1748210642919.0,5331.8,5334.8
1748210644405.0,5331.7,5334.7
1748210647419.0,5332.0,5335.0
1748210648579.0,5331.7,5334.7
1748210650824.0,5331.5,5334.5
1748210653395.0,5331.2,5334.2
1748210655459.0,5331.0,5334.0
1748210660697.0,5330.8,5333.8
1748210663508.0,5329.9,5332.9
1748210665871.0,5329.6,5332.6
1748210666527.0,5329.4,5332.4
1748210667323.0,5329.2,5332.2
1748210667851.0,5329.3,5332.3
1748210668926.0,5329.4,5332.4
1748210670195.0,5329.7,5332.7
1748210670416.0,5329.6,5332.6
1748210674500.0,5329.2,5332.2
1748210676934.0,5329.3,5332.3
1748210677156.0,5329.2,5332.2
1748210682011.0,5329.9,5332.9
1748210682229.0,5329.8,5332.8
1748210683672.0,5329.9,5332.9
1748210683892.0,5330.0,5333.0
1748210684399.0,5330.2,5333.2
1748210685335.0,5330.4,5333.4
1748210686649.0,5330.5,5333.5
1748210687048.0,5330.8,5333.8
1748210687270.0,5330.9,5333.9
1748210687859.0,5331.0,5334.0
1748210688966.0,5331.2,5334.2
1748210689603.0,5331.3,5334.3
1748210690697.0,5331.6,5334.6
1748210692768.0,5331.5,5334.5
1748210693644.0,5331.4,5334.4
1748210693868.0,5331.0,5334.0
1748210695318.0,5331.3,5334.3
1748210700415.0,5330.8,5333.8
1748210700635.0,5330.6,5333.6
1748210700858.0,5330.7,5333.7
1748210701302.0,5330.6,5333.6
1748210701910.0,5330.7,5333.7
1748210702310.0,5330.9,5333.9
1748210704409.0,5330.8,5333.8
1748210704626.0,5330.7,5333.7
1748210706480.0,5330.8,5333.8
1748210706882.0,5331.2,5334.2
1748210709420.0,5331.3,5334.3
1748210710051.0,5331.2,5334.2
1748210710286.0,5331.0,5334.0
1748210712316.0,5331.4,5334.4
1748210712537.0,5331.5,5334.5
1748210712759.0,5331.4,5334.4
1748210713740.0,5331.5,5334.5
1748210713963.0,5331.6,5334.6
1748210714833.0,5331.7,5334.7
1748210715057.0,5332.0,5335.0
1748210715444.0,5331.7,5334.7
1748210717955.0,5331.4,5334.4
1748210718176.0,5330.9,5333.9
1748210718403.0,5331.0,5334.0
1748210719581.0,5331.2,5334.2
1748210719976.0,5331.0,5334.0
1748210721279.0,5331.6,5334.6
1748210722754.0,5331.5,5334.5
1748210722978.0,5331.3,5334.3
1748210723600.0,5331.6,5334.6
1748210724730.0,5331.7,5334.7
1748210724956.0,5332.0,5335.0
1748210725455.0,5332.2,5335.2
1748210725674.0,5332.3,5335.3
1748210726575.0,5332.4,5335.4
1748210726796.0,5332.3,5335.3
1748210727957.0,5332.2,5335.2
1748210728458.0,5332.3,5335.3
1748210729048.0,5332.4,5335.4
1748210729271.0,5332.3,5335.3
1748210731131.0,5332.4,5335.4
1748210732696.0,5332.3,5335.3
1748210732920.0,5331.8,5334.8
1748210733147.0,5332.0,5335.0
1748210733368.0,5332.1,5335.1
1748210733902.0,5332.2,5335.2
1748210734126.0,5332.5,5335.5
1748210734355.0,5332.4,5335.4
1748210734581.0,5331.8,5334.8
1748210735001.0,5332.0,5335.0
1748210735224.0,5332.1,5335.1
1748210735680.0,5332.2,5335.2
1748210737163.0,5331.8,5334.8
1748210740254.0,5332.0,5335.0
1748210740475.0,5331.8,5334.8
1748210746241.0,5331.7,5334.7
1748210746723.0,5332.2,5335.2
1748210750533.0,5332.1,5335.1
1748210750753.0,5332.0,5335.0
1748210753731.0,5331.8,5334.8
1748210753953.0,5332.1,5335.1
1748210755805.0,5332.2,5335.2
1748210756447.0,5331.8,5334.8
1748210757643.0,5332.3,5335.3
1748210759745.0,5332.4,5335.4
1748210759965.0,5332.5,5335.5
1748210762207.0,5332.7,5335.7
1748210762431.0,5332.5,5335.5
1748210763500.0,5332.7,5335.7
1748210764165.0,5332.9,5335.9
1748210764386.0,5332.5,5335.5
1748210765494.0,5332.4,5335.4
1748210766801.0,5332.3,5335.3
1748210767173.0,5332.4,5335.4
1748210767398.0,5332.5,5335.5
1748210767620.0,5332.7,5335.7
1748210767848.0,5332.8,5335.8
1748210769250.0,5332.9,5335.9
1748210769470.0,5333.0,5336.0
1748210774506.0,5332.8,5335.8
1748210775055.0,5332.9,5335.9
1748210776912.0,5332.7,5335.7
1748210777444.0,5332.5,5335.5
1748210778110.0,5332.4,5335.4
1748210778329.0,5332.2,5335.2
1748210778799.0,5332.3,5335.3
1748210779245.0,5332.4,5335.4
1748210779468.0,5332.5,5335.5
1748210779692.0,5332.8,5335.8
1748210780663.0,5332.9,5335.9
1748210782086.0,5333.0,5336.0
1748210782574.0,5333.1,5336.1
1748210782798.0,5333.0,5336.0
1748210783319.0,5332.7,5335.7
1748210783540.0,5332.8,5335.8
1748210783764.0,5332.7,5335.7
1748210783991.0,5332.5,5335.5
1748210784584.0,5332.4,5335.4
1748210784804.0,5332.3,5335.3
1748210785263.0,5332.4,5335.4
1748210785486.0,5332.3,5335.3
1748210785807.0,5332.4,5335.4
1748210786031.0,5332.3,5335.3
1748210786774.0,5332.4,5335.4
1748210792116.0,5332.9,5335.9
1748210793462.0,5332.8,5335.8
1748210794153.0,5332.9,5335.9
1748210794376.0,5332.7,5335.7
1748210795719.0,5332.5,5335.5
1748210809588.0,5332.4,5335.4
1748210809998.0,5332.3,5335.3
1748210811434.0,5332.0,5335.0
1748210812170.0,5331.6,5334.6
1748210812674.0,5331.5,5334.5
1748210814768.0,5331.7,5334.7
1748210815902.0,5332.3,5335.3
1748210816124.0,5333.0,5336.0
1748210816349.0,5337.0,5340.0
1748210816575.0,5337.8,5340.8
1748210816799.0,5337.3,5340.3
1748210817108.0,5337.2,5340.2
1748210817331.0,5337.0,5340.0
1748210817558.0,5338.0,5341.0
1748210818084.0,5337.7,5340.7
1748210818302.0,5337.6,5340.6
1748210818693.0,5340.4,5343.4
1748210818913.0,5340.0,5343.0
1748210819139.0,5339.6,5342.6
1748210819363.0,5343.0,5346.0
1748210819593.0,5344.0,5347.0
1748210819813.0,5345.4,5348.4
1748210820039.0,5344.0,5347.0
1748210820264.0,5343.4,5346.4
1748210820492.0,5341.5,5344.5
1748210820713.0,5341.2,5344.2
1748210820937.0,5341.0,5344.0
1748210821164.0,5343.2,5346.2
1748210821389.0,5343.3,5346.3
1748210821612.0,5343.1,5346.1
1748210821839.0,5342.8,5345.8
1748210822066.0,5341.7,5344.7
1748210822295.0,5342.6,5345.6
1748210822515.0,5342.2,5345.2
1748210822739.0,5342.4,5345.4
1748210822962.0,5342.2,5345.2
1748210823192.0,5340.7,5343.7
1748210823412.0,5339.9,5342.9
1748210823637.0,5339.8,5342.8
1748210823862.0,5339.6,5342.6
1748210824938.0,5339.2,5342.2
1748210825765.0,5343.0,5346.0
1748210825983.0,5344.0,5347.0
1748210826209.0,5342.5,5345.5
1748210826434.0,5341.7,5344.7
1748210826759.0,5340.4,5343.4
1748210826985.0,5341.2,5344.2
1748210827209.0,5341.4,5344.4
1748210827587.0,5341.2,5344.2
1748210827812.0,5340.1,5343.1
1748210828469.0,5340.6,5343.6
1748210828689.0,5340.2,5343.2
1748210829204.0,5340.3,5343.3
1748210829986.0,5340.2,5343.2
1748210830213.0,5341.4,5344.4
1748210830437.0,5341.7,5344.7
1748210830930.0,5340.0,5343.0
1748210831560.0,5339.8,5342.8
1748210831783.0,5340.1,5343.1
1748210832010.0,5340.6,5343.6
1748210832231.0,5340.8,5343.8
1748210832461.0,5340.7,5343.7
1748210832686.0,5340.1,5343.1
1748210833023.0,5340.3,5343.3
1748210833246.0,5339.9,5342.9
1748210833992.0,5340.1,5343.1
1748210834291.0,5340.0,5343.0
1748210834515.0,5339.6,5342.6
1748210834960.0,5339.5,5342.5
1748210835189.0,5338.8,5341.8
1748210835686.0,5338.9,5341.9
1748210835913.0,5339.8,5342.8
1748210836137.0,5338.6,5341.6
1748210836361.0,5338.9,5341.9
1748210836588.0,5338.5,5341.5
1748210836810.0,5338.7,5341.7
1748210837294.0,5339.6,5342.6
1748210837516.0,5339.3,5342.3
1748210837742.0,5338.9,5341.9
1748210838085.0,5338.8,5341.8
1748210838308.0,5338.5,5341.5
1748210838535.0,5338.0,5341.0
1748210838885.0,5337.8,5340.8
1748210839719.0,5337.9,5340.9
1748210839940.0,5338.3,5341.3
1748210841107.0,5338.2,5341.2
1748210841838.0,5338.0,5341.0
1748210842063.0,5338.3,5341.3
1748210842287.0,5338.2,5341.2
1748210842513.0,5337.8,5340.8
1748210843028.0,5337.9,5340.9
1748210843252.0,5338.5,5341.5
1748210843903.0,5338.9,5341.9
1748210844124.0,5338.5,5341.5
1748210844349.0,5338.8,5341.8
1748210844570.0,5338.9,5341.9
1748210845020.0,5338.7,5341.7
1748210845563.0,5338.5,5341.5
1748210845787.0,5339.4,5342.4
1748210848133.0,5339.3,5342.3
1748210848358.0,5338.7,5341.7
1748210849117.0,5338.9,5341.9
1748210849516.0,5338.8,5341.8
1748210850236.0,5339.1,5342.1
1748210850732.0,5339.6,5342.6
1748210850958.0,5340.7,5343.7
1748210851182.0,5340.3,5343.3
1748210851408.0,5340.7,5343.7
1748210851632.0,5340.9,5343.9
1748210851990.0,5341.0,5344.0
1748210852214.0,5340.9,5343.9
1748210852439.0,5341.2,5344.2
1748210852666.0,5342.2,5345.2
1748210852891.0,5341.9,5344.9
1748210853114.0,5342.0,5345.0
1748210853339.0,5341.6,5344.6
1748210854048.0,5341.0,5344.0
1748210854445.0,5340.6,5343.6
1748210855837.0,5340.4,5343.4
1748210856060.0,5340.0,5343.0
1748210856286.0,5340.3,5343.3
1748210856510.0,5340.4,5343.4
1748210856957.0,5340.6,5343.6
1748210857184.0,5341.6,5344.6
1748210857406.0,5341.2,5344.2
1748210857774.0,5341.5,5344.5
1748210858456.0,5341.6,5344.6
1748210858676.0,5341.5,5344.5
1748210858904.0,5341.6,5344.6
1748210859129.0,5341.1,5344.1
1748210859497.0,5341.0,5344.0
1748210859941.0,5340.7,5343.7
1748210861260.0,5341.8,5344.8
1748210861669.0,5342.0,5345.0
1748210862614.0,5341.9,5344.9
1748210863131.0,5340.8,5343.8
1748210863776.0,5341.0,5344.0
1748210864302.0,5341.5,5344.5
1748210865298.0,5341.4,5344.4
1748210865517.0,5340.8,5343.8
1748210865742.0,5340.9,5343.9
1748210865967.0,5339.6,5342.6
1748210866865.0,5339.5,5342.5
1748210867095.0,5339.4,5342.4
1748210867864.0,5340.1,5343.1
1748210868263.0,5340.3,5343.3
1748210869225.0,5340.6,5343.6
1748210869448.0,5340.8,5343.8
1748210869672.0,5340.6,5343.6
1748210870398.0,5340.4,5343.4
1748210870622.0,5340.2,5343.2
1748210870848.0,5340.7,5343.7
1748210871291.0,5340.6,5343.6
1748210871516.0,5341.0,5344.0
1748210872430.0,5341.2,5344.2
1748210873461.0,5341.1,5344.1
1748210873684.0,5340.6,5343.6
1748210873909.0,5340.8,5343.8
1748210874762.0,5340.6,5343.6
1748210875367.0,5340.8,5343.8
1748210875591.0,5341.1,5344.1
1748210875966.0,5341.0,5344.0
1748210876192.0,5341.1,5344.1
1748210876416.0,5341.2,5344.2
1748210876645.0,5341.8,5344.8
1748210876867.0,5341.9,5344.9
1748210877470.0,5342.6,5345.6
1748210877690.0,5342.7,5345.7
1748210877915.0,5343.2,5346.2
1748210878467.0,5343.3,5346.3
1748210879003.0,5343.2,5346.2
1748210879656.0,5343.3,5346.3
1748210879882.0,5342.4,5345.4
1748210880261.0,5341.9,5344.9
1748210880629.0,5342.0,5345.0
1748210880855.0,5341.9,5344.9
1748210881502.0,5343.5,5346.5
1748210881950.0,5342.6,5345.6
1748210882176.0,5343.3,5346.3
1748210882400.0,5343.5,5346.5
1748210882838.0,5343.6,5346.6
1748210883062.0,5344.7,5347.7
1748210883286.0,5344.0,5347.0
1748210884016.0,5344.9,5347.9
1748210884237.0,5344.7,5347.7
1748210884616.0,5344.9,5347.9
1748210885062.0,5345.1,5348.1
1748210885288.0,5345.8,5348.8
1748210885688.0,5345.4,5348.4
1748210885910.0,5345.3,5348.3
1748210886138.0,5346.9,5349.9
1748210886362.0,5347.2,5350.2
1748210886959.0,5346.1,5349.1
1748210887185.0,5345.6,5348.6
1748210887518.0,5346.2,5349.2
1748210887634.0,5345.8,5348.8
1748210887860.0,5345.7,5348.7
1748210888086.0,5346.6,5349.6
1748210888535.0,5348.4,5351.4
1748210888763.0,5351.0,5354.0
1748210888985.0,5351.4,5354.4
1748210889210.0,5351.7,5354.7
1748210889433.0,5352.0,5355.0
1748210889659.0,5352.1,5355.1
1748210889962.0,5351.0,5354.0
1748210890411.0,5351.2,5354.2
1748210890638.0,5350.7,5353.7
1748210890862.0,5350.5,5353.5
1748210891179.0,5350.6,5353.6
1748210891404.0,5349.1,5352.1
1748210891627.0,5347.8,5350.8
1748210892283.0,5346.7,5349.7
1748210892503.0,5346.6,5349.6
1748210893276.0,5346.7,5349.7
1748210893502.0,5346.6,5349.6
1748210893728.0,5346.2,5349.2
1748210894180.0,5347.1,5350.1
1748210894403.0,5348.9,5351.9
1748210894629.0,5347.4,5350.4
1748210894855.0,5348.2,5351.2
1748210895080.0,5347.5,5350.5
1748210895303.0,5347.4,5350.4
1748210895527.0,5347.5,5350.5
1748210895922.0,5347.3,5350.3
1748210896147.0,5348.1,5351.1
1748210896520.0,5348.2,5351.2
1748210896745.0,5348.5,5351.5
1748210896970.0,5347.9,5350.9
1748210897195.0,5347.4,5350.4
1748210897419.0,5347.3,5350.3
1748210897644.0,5347.4,5350.4
1748210897870.0,5347.5,5350.5
1748210898098.0,5347.7,5350.7
1748210898370.0,5348.2,5351.2
1748210898595.0,5347.9,5350.9
1748210898818.0,5348.2,5351.2
1748210899045.0,5347.8,5350.8
1748210899270.0,5347.6,5350.6
1748210899494.0,5347.8,5350.8
1748210899718.0,5347.6,5350.6
1748210899944.0,5347.8,5350.8
1748210900170.0,5347.7,5350.7
1748210900570.0,5347.5,5350.5
1748210901406.0,5346.1,5349.1
1748210901633.0,5345.5,5348.5
1748210901855.0,5345.4,5348.4
1748210902085.0,5345.1,5348.1
1748210902306.0,5345.4,5348.4
1748210902534.0,5345.2,5348.2
1748210902757.0,5345.8,5348.8
1748210902982.0,5345.9,5348.9
1748210903207.0,5346.0,5349.0
1748210903432.0,5345.4,5348.4
1748210903656.0,5345.7,5348.7
1748210903885.0,5345.9,5348.9
1748210904205.0,5346.1,5349.1
1748210904432.0,5346.0,5349.0
1748210904656.0,5345.7,5348.7
1748210905101.0,5345.3,5348.3
1748210905323.0,5345.4,5348.4
1748210905701.0,5345.5,5348.5
1748210905927.0,5345.3,5348.3
1748210906151.0,5345.8,5348.8
1748210906375.0,5345.9,5348.9
1748210906603.0,5346.1,5349.1
1748210907052.0,5346.2,5349.2
1748210907275.0,5346.6,5349.6
1748210908908.0,5346.7,5349.7
1748210909460.0,5347.0,5350.0
1748210909779.0,5347.1,5350.1
1748210910004.0,5347.4,5350.4
1748210910230.0,5347.3,5350.3
1748210910455.0,5347.5,5350.5
1748210910680.0,5347.3,5350.3
1748210911122.0,5347.1,5350.1
1748210911350.0,5347.4,5350.4
1748210911574.0,5347.0,5350.0
1748210911798.0,5346.7,5349.7
1748210912599.0,5346.6,5349.6
1748210912825.0,5346.2,5349.2
1748210913346.0,5346.5,5349.5
1748210913568.0,5346.8,5349.8
1748210913792.0,5347.0,5350.0
1748210914266.0,5347.5,5350.5
1748210914489.0,5347.0,5350.0
1748210914714.0,5347.3,5350.3
1748210915120.0,5347.4,5350.4
1748210915347.0,5347.1,5350.1
1748210915570.0,5347.3,5350.3
1748210915795.0,5347.4,5350.4
1748210916021.0,5347.1,5350.1
1748210916245.0,5346.8,5349.8
1748210916650.0,5346.6,5349.6
1748210916871.0,5346.5,5349.5
1748210917535.0,5346.6,5349.6
1748210917968.0,5346.3,5349.3
1748210919520.0,5346.1,5349.1
1748210919761.0,5346.2,5349.2
1748210920158.0,5346.3,5349.3
1748210920384.0,5345.9,5348.9
1748210920608.0,5346.0,5349.0
1748210921038.0,5346.1,5349.1
1748210921471.0,5346.0,5349.0
1748210921693.0,5345.4,5348.4
1748210921921.0,5345.2,5348.2
1748210922510.0,5345.3,5348.3
1748210922733.0,5344.9,5347.9
1748210923109.0,5344.6,5347.6
1748210924399.0,5344.3,5347.3
1748210924620.0,5344.4,5347.4
1748210924848.0,5344.3,5347.3
1748210925204.0,5344.5,5347.5
1748210925426.0,5345.2,5348.2
1748210925650.0,5344.5,5347.5
1748210925876.0,5344.7,5347.7
1748210926101.0,5344.6,5347.6
1748210926417.0,5344.7,5347.7
1748210926643.0,5345.1,5348.1
1748210927582.0,5344.5,5347.5
1748210927809.0,5348.9,5351.9
1748210928031.0,5348.4,5351.4
1748210928957.0,5348.3,5351.3
1748210929180.0,5348.4,5351.4
1748210929710.0,5348.2,5351.2
1748210929934.0,5348.1,5351.1
1748210930162.0,5348.5,5351.5
1748210930382.0,5348.4,5351.4
1748210930810.0,5348.6,5351.6
1748210931035.0,5348.3,5351.3
1748210931914.0,5347.5,5350.5
1748210932138.0,5346.7,5349.7
1748210932360.0,5346.6,5349.6
1748210932587.0,5347.4,5350.4
1748210932814.0,5348.2,5351.2
1748210933036.0,5347.7,5350.7
1748210933260.0,5347.4,5350.4
1748210933486.0,5347.0,5350.0
1748210933799.0,5348.3,5351.3
1748210936018.0,5347.8,5350.8
1748210936665.0,5347.6,5350.6
1748210936887.0,5347.4,5350.4
1748210937466.0,5345.9,5348.9
1748210938273.0,5345.4,5348.4
1748210939463.0,5345.5,5348.5
1748210939689.0,5345.3,5348.3
1748210940546.0,5345.4,5348.4
1748210941902.0,5345.2,5348.2
1748210942123.0,5345.0,5348.0
1748210942873.0,5344.7,5347.7
1748210943095.0,5344.3,5347.3
1748210943319.0,5343.7,5346.7
1748210943544.0,5343.5,5346.5
1748210943769.0,5343.6,5346.6
1748210943993.0,5343.7,5346.7
1748210944219.0,5343.4,5346.4
1748210945054.0,5343.8,5346.8
1748210945277.0,5343.6,5346.6
1748210945671.0,5344.6,5347.6
1748210945892.0,5344.4,5347.4
1748210947680.0,5344.3,5347.3
1748210947898.0,5343.8,5346.8
1748210948316.0,5344.2,5347.2
1748210948743.0,5343.1,5346.1
1748210949953.0,5343.0,5346.0
1748210950180.0,5343.4,5346.4
1748210950400.0,5343.5,5346.5
1748210951597.0,5343.6,5346.6
1748210952196.0,5343.5,5346.5
1748210952420.0,5342.9,5345.9
1748210952646.0,5343.1,5346.1
1748210952870.0,5344.7,5347.7
1748210953570.0,5344.5,5347.5
1748210953793.0,5344.0,5347.0
1748210954280.0,5344.3,5347.3
1748210955860.0,5343.9,5346.9
1748210956084.0,5343.8,5346.8
1748210956828.0,5343.7,5346.7
1748210957054.0,5343.0,5346.0
1748210957416.0,5342.9,5345.9
1748210957640.0,5342.7,5345.7
1748210958512.0,5342.6,5345.6
1748210958734.0,5342.4,5345.4
1748210958961.0,5342.7,5345.7
1748210959516.0,5342.4,5345.4
1748210959738.0,5342.1,5345.1
1748210960143.0,5342.3,5345.3
1748210960365.0,5342.4,5345.4
1748210960592.0,5342.1,5345.1
1748210960815.0,5342.0,5345.0
1748210961043.0,5341.8,5344.8
1748210961865.0,5342.0,5345.0
1748210962086.0,5341.8,5344.8
1748210962311.0,5341.6,5344.6
1748210962794.0,5342.7,5345.7
1748210963016.0,5342.2,5345.2
1748210963241.0,5342.7,5345.7
1748210964657.0,5343.8,5346.8
1748210965744.0,5344.0,5347.0
1748210965967.0,5344.3,5347.3
1748210966417.0,5344.3,5347.3
1748210966793.0,5344.2,5347.2
1748210967018.0,5344.3,5347.3
1748210967604.0,5344.2,5347.2
1748210968114.0,5344.3,5347.3
1748210968564.0,5344.2,5347.2
1748210969708.0,5344.3,5347.3
1748210970332.0,5344.4,5347.4
1748210970733.0,5344.0,5347.0
1748210970955.0,5344.2,5347.2
1748210971181.0,5343.9,5346.9
1748210971405.0,5343.8,5346.8
1748210973272.0,5343.6,5346.6
1748210974686.0,5345.1,5348.1
1748210975092.0,5345.2,5348.2
1748210975316.0,5345.9,5348.9
1748210975542.0,5346.1,5349.1
1748210975767.0,5346.5,5349.5
1748210975992.0,5347.8,5350.8
1748210976216.0,5347.9,5350.9
1748210976443.0,5348.2,5351.2
1748210976668.0,5348.4,5351.4
1748210977128.0,5348.2,5351.2
1748210977349.0,5348.4,5351.4
1748210977883.0,5348.3,5351.3
1748210979028.0,5348.4,5351.4
1748210979760.0,5348.3,5351.3
1748210980069.0,5348.4,5351.4
1748210980292.0,5348.1,5351.1
1748210980517.0,5347.8,5350.8
1748210981055.0,5347.7,5350.7
1748210981622.0,5347.6,5350.6
1748210982053.0,5346.5,5349.5
1748210982678.0,5346.9,5349.9
1748210983075.0,5347.0,5350.0
1748210983299.0,5347.3,5350.3
1748210983542.0,5347.4,5350.4
1748210983769.0,5347.1,5350.1
1748210983993.0,5346.7,5349.7
1748210984218.0,5346.6,5349.6
1748210984549.0,5346.9,5349.9
1748210984865.0,5346.7,5349.7
1748210985093.0,5346.9,5349.9
1748210985400.0,5346.7,5349.7
1748210985624.0,5347.3,5350.3
1748210986001.0,5346.9,5349.9
1748210986225.0,5345.9,5348.9
1748210987078.0,5346.1,5349.1
1748210987543.0,5346.6,5349.6
1748210987943.0,5346.3,5349.3
1748210988881.0,5346.5,5349.5
1748210989105.0,5346.3,5349.3
1748210989794.0,5346.8,5349.8
1748210990017.0,5346.6,5349.6
1748210990239.0,5346.5,5349.5
1748210990568.0,5346.3,5349.3
1748210990965.0,5346.1,5349.1
1748210991189.0,5346.2,5349.2
1748210991415.0,5346.3,5349.3
1748210991989.0,5346.6,5349.6
1748210992214.0,5346.7,5349.7
1748210992438.0,5346.8,5349.8
1748210993314.0,5347.0,5350.0
1748210994296.0,5348.2,5351.2
1748210994517.0,5347.9,5350.9
1748210995893.0,5347.8,5350.8
1748210996115.0,5347.4,5350.4
1748210997421.0,5347.0,5350.0
1748210997732.0,5347.1,5350.1
1748210997955.0,5347.3,5350.3
1748210998180.0,5347.5,5350.5
1748210998404.0,5347.6,5350.6
1748210998631.0,5347.5,5350.5
1748211000024.0,5347.0,5350.0
1748211000245.0,5347.3,5350.3
1748211000472.0,5347.9,5350.9
1748211001114.0,5347.6,5350.6
1748211001338.0,5346.9,5349.9
1748211001562.0,5346.6,5349.6
1748211002242.0,5346.7,5349.7
1748211002463.0,5346.6,5349.6
1748211002691.0,5346.8,5349.8
1748211002915.0,5346.3,5349.3
1748211003323.0,5346.2,5349.2
1748211003548.0,5346.3,5349.3
1748211003775.0,5347.0,5350.0
1748211004641.0,5347.1,5350.1
1748211004862.0,5347.3,5350.3
1748211007525.0,5347.8,5350.8
1748211008192.0,5348.6,5351.6
1748211008410.0,5348.9,5351.9
1748211008636.0,5349.1,5352.1
1748211008860.0,5349.5,5352.5
1748211009091.0,5349.9,5352.9
1748211009309.0,5349.8,5352.8
1748211009883.0,5349.5,5352.5
1748211010106.0,5349.1,5352.1
1748211010330.0,5349.3,5352.3
1748211010554.0,5349.2,5352.2
1748211010782.0,5349.1,5352.1
1748211011005.0,5348.9,5351.9
1748211012242.0,5348.3,5351.3
1748211012886.0,5348.4,5351.4
1748211014026.0,5348.5,5351.5
1748211014251.0,5348.3,5351.3
1748211015426.0,5348.4,5351.4
1748211015825.0,5347.4,5350.4
1748211016798.0,5347.0,5350.0
1748211017234.0,5346.9,5349.9
1748211017457.0,5346.8,5349.8
1748211017684.0,5347.4,5350.4
1748211017909.0,5347.0,5350.0
1748211018462.0,5346.8,5349.8
1748211018685.0,5347.5,5350.5
1748211018909.0,5347.3,5350.3
1748211019445.0,5347.4,5350.4
1748211019668.0,5347.8,5350.8
1748211019892.0,5347.7,5350.7
1748211020338.0,5347.9,5350.9
1748211020559.0,5347.7,5350.7
1748211020787.0,5347.9,5350.9
1748211021459.0,5348.2,5351.2
1748211022127.0,5348.4,5351.4
1748211022420.0,5348.3,5351.3
1748211022643.0,5348.2,5351.2
1748211022868.0,5347.9,5350.9
1748211023661.0,5347.5,5350.5
1748211024655.0,5347.1,5350.1
1748211024878.0,5347.5,5350.5
1748211026847.0,5347.3,5350.3
1748211027067.0,5347.6,5350.6
1748211027292.0,5347.4,5350.4
1748211027620.0,5347.3,5350.3
1748211027849.0,5346.9,5349.9
1748211028287.0,5346.8,5349.8
1748211028689.0,5346.6,5349.6
1748211029609.0,5346.7,5349.7
1748211029834.0,5346.8,5349.8
1748211031148.0,5346.9,5349.9
1748211031373.0,5346.6,5349.6
1748211031779.0,5346.7,5349.7
1748211032004.0,5346.8,5349.8
1748211032513.0,5346.3,5349.3
1748211033447.0,5346.0,5349.0
1748211033669.0,5346.1,5349.1
1748211034880.0,5345.5,5348.5
1748211035879.0,5345.9,5348.9
1748211036099.0,5345.7,5348.7
1748211036326.0,5345.4,5348.4
1748211036872.0,5345.0,5348.0
1748211037093.0,5345.4,5348.4
1748211037559.0,5345.0,5348.0
1748211038579.0,5345.1,5348.1
1748211038802.0,5345.2,5348.2
1748211039988.0,5345.3,5348.3
1748211040212.0,5345.2,5348.2
1748211040701.0,5345.7,5348.7
1748211041165.0,5345.5,5348.5
1748211041389.0,5345.3,5348.3
1748211041775.0,5345.4,5348.4
1748211043237.0,5345.2,5348.2
1748211043456.0,5345.3,5348.3
1748211044056.0,5345.4,5348.4
1748211044277.0,5345.2,5348.2
1748211044501.0,5345.3,5348.3
1748211045051.0,5345.7,5348.7
1748211045274.0,5345.4,5348.4
1748211045500.0,5346.3,5349.3
1748211045724.0,5346.6,5349.6
1748211046051.0,5346.8,5349.8
1748211046614.0,5347.8,5350.8
1748211046837.0,5347.6,5350.6
1748211047061.0,5347.5,5350.5
1748211047740.0,5347.4,5350.4
1748211048333.0,5347.0,5350.0
1748211049032.0,5346.9,5349.9
1748211049256.0,5346.7,5349.7
1748211050080.0,5346.6,5349.6
1748211050481.0,5346.1,5349.1
1748211050911.0,5345.7,5348.7
1748211052165.0,5345.4,5348.4
1748211052769.0,5345.3,5348.3
1748211052995.0,5345.4,5348.4
1748211054186.0,5345.2,5348.2
1748211054617.0,5345.1,5348.1
1748211054838.0,5345.0,5348.0
1748211055066.0,5345.1,5348.1
1748211055290.0,5345.2,5348.2
1748211055640.0,5345.0,5348.0
1748211056176.0,5345.1,5348.1
1748211056398.0,5345.0,5348.0
1748211056810.0,5345.1,5348.1
1748211057039.0,5345.4,5348.4
1748211058497.0,5344.4,5347.4
1748211059142.0,5344.3,5347.3
1748211060109.0,5344.2,5347.2
1748211060332.0,5344.3,5347.3
1748211061632.0,5344.2,5347.2
1748211062031.0,5344.3,5347.3
1748211063196.0,5343.8,5346.8
1748211064525.0,5343.9,5346.9
1748211064746.0,5343.8,5346.8
1748211065247.0,5343.5,5346.5
1748211065686.0,5343.4,5346.4
1748211066824.0,5342.9,5345.9
1748211067274.0,5343.0,5346.0
1748211067497.0,5342.9,5345.9
1748211067725.0,5343.3,5346.3
1748211068102.0,5343.5,5346.5
1748211068326.0,5343.6,5346.6
1748211068552.0,5343.5,5346.5
1748211068965.0,5343.6,5346.6
1748211070048.0,5343.1,5346.1
1748211070517.0,5343.0,5346.0
1748211070741.0,5343.4,5346.4
1748211070964.0,5343.3,5346.3
1748211071189.0,5343.1,5346.1
1748211071416.0,5343.5,5346.5
1748211071640.0,5343.1,5346.1
1748211071909.0,5343.3,5346.3
1748211072917.0,5343.0,5346.0
1748211073139.0,5343.6,5346.6
1748211073800.0,5343.5,5346.5
1748211074202.0,5343.1,5346.1
1748211074834.0,5343.0,5346.0
1748211075058.0,5343.3,5346.3
1748211075281.0,5343.4,5346.4
1748211075507.0,5343.3,5346.3
1748211076861.0,5343.1,5346.1
1748211077670.0,5342.8,5345.8
1748211077890.0,5342.9,5345.9
1748211080084.0,5342.8,5345.8
1748211080640.0,5342.7,5345.7
1748211081426.0,5342.6,5345.6
1748211083101.0,5343.0,5346.0
1748211083323.0,5342.7,5345.7
1748211083949.0,5342.9,5345.9
1748211084447.0,5342.8,5345.8
1748211085071.0,5343.0,5346.0
1748211085293.0,5342.7,5345.7
1748211086422.0,5342.6,5345.6
1748211086647.0,5342.3,5345.3
1748211086871.0,5342.4,5345.4
1748211087658.0,5342.6,5345.6
1748211087881.0,5342.7,5345.7
1748211088106.0,5342.4,5345.4
1748211089692.0,5342.6,5345.6
1748211089914.0,5342.7,5345.7
1748211090678.0,5342.6,5345.6
1748211091503.0,5342.0,5345.0
1748211092103.0,5341.6,5344.6
1748211092325.0,5342.1,5345.1
1748211092548.0,5341.9,5344.9
1748211092773.0,5341.8,5344.8
1748211094253.0,5341.9,5344.9
1748211094476.0,5342.0,5345.0
1748211094701.0,5342.1,5345.1
1748211094924.0,5342.2,5345.2
1748211095152.0,5342.0,5345.0
1748211095680.0,5342.2,5345.2
1748211096818.0,5342.3,5345.3
1748211097043.0,5342.4,5345.4
1748211097269.0,5342.8,5345.8
1748211097616.0,5342.7,5345.7
1748211099133.0,5342.8,5345.8
1748211100123.0,5342.9,5345.9
1748211101299.0,5343.6,5346.6
1748211102503.0,5343.5,5346.5
1748211102727.0,5343.6,5346.6
1748211103739.0,5343.7,5346.7
1748211104137.0,5343.5,5346.5
1748211104789.0,5343.6,5346.6
1748211105464.0,5343.5,5346.5
1748211106112.0,5343.0,5346.0
1748211106331.0,5342.9,5345.9
1748211107868.0,5343.0,5346.0
1748211108517.0,5342.7,5345.7
1748211108738.0,5342.4,5345.4
1748211109158.0,5342.7,5345.7
1748211110188.0,5342.8,5345.8
1748211110409.0,5342.9,5345.9
1748211112625.0,5342.8,5345.8
1748211113699.0,5343.0,5346.0
1748211113918.0,5342.9,5345.9
1748211114733.0,5342.6,5345.6
1748211117380.0,5342.4,5345.4
1748211118182.0,5342.9,5345.9
1748211119451.0,5342.8,5345.8
1748211119851.0,5342.0,5345.0
1748211120357.0,5342.1,5345.1
1748211122229.0,5342.2,5345.2
1748211123084.0,5341.6,5344.6
1748211123843.0,5341.8,5344.8
1748211125339.0,5341.9,5344.9
1748211125806.0,5341.8,5344.8
1748211126035.0,5343.7,5346.7
1748211126256.0,5344.5,5347.5
1748211126645.0,5344.6,5347.6
1748211126869.0,5345.0,5348.0
1748211127706.0,5345.1,5348.1
1748211128107.0,5345.3,5348.3
1748211128334.0,5345.1,5348.1
1748211128911.0,5345.0,5348.0
1748211129768.0,5344.9,5347.9
1748211129990.0,5344.7,5347.7
1748211134179.0,5344.3,5347.3
1748211134394.0,5344.2,5347.2
1748211135074.0,5344.3,5347.3
1748211136430.0,5344.4,5347.4
1748211138917.0,5344.0,5347.0
1748211139140.0,5345.0,5348.0
1748211139362.0,5345.1,5348.1
1748211139588.0,5345.2,5348.2
1748211139846.0,5345.3,5348.3
1748211140071.0,5345.1,5348.1
1748211140599.0,5345.0,5348.0
1748211141777.0,5344.9,5347.9
1748211141999.0,5344.7,5347.7
1748211142224.0,5344.6,5347.6
1748211142448.0,5344.7,5347.7
1748211142846.0,5344.9,5347.9
1748211143990.0,5345.1,5348.1
1748211144207.0,5345.2,5348.2
1748211144649.0,5345.1,5348.1
1748211144879.0,5345.2,5348.2
1748211145566.0,5345.1,5348.1
1748211145791.0,5345.0,5348.0
1748211146827.0,5345.0,5348.0
1748211147897.0,5345.3,5348.3
1748211149296.0,5345.0,5348.0
1748211149973.0,5344.9,5347.9
1748211151097.0,5345.0,5348.0
1748211151985.0,5344.9,5347.9
1748211152208.0,5344.4,5347.4
1748211153711.0,5344.7,5347.7
1748211153932.0,5344.6,5347.6
1748211154610.0,5344.9,5347.9
1748211154854.0,5344.7,5347.7
1748211155365.0,5344.9,5347.9
1748211156738.0,5345.0,5348.0
1748211157489.0,5345.1,5348.1
1748211158403.0,5345.3,5348.3
1748211158625.0,5346.5,5349.5
1748211158852.0,5349.3,5352.3
1748211159074.0,5349.7,5352.7
1748211159303.0,5349.1,5352.1
1748211159523.0,5349.2,5352.2
1748211160183.0,5348.6,5351.6
1748211160405.0,5349.1,5352.1
1748211160627.0,5348.9,5351.9
1748211161028.0,5348.5,5351.5
1748211161253.0,5348.9,5351.9
1748211162151.0,5349.0,5352.0
1748211162376.0,5348.8,5351.8
1748211162600.0,5348.4,5351.4
1748211162826.0,5348.9,5351.9
1748211163054.0,5348.6,5351.6
1748211163277.0,5348.4,5351.4
1748211164599.0,5348.5,5351.5
1748211164820.0,5348.6,5351.6
1748211165517.0,5348.4,5351.4
1748211166061.0,5348.1,5351.1
1748211166284.0,5348.3,5351.3
1748211166508.0,5348.1,5351.1
1748211166918.0,5347.7,5350.7
1748211167142.0,5348.1,5351.1
1748211167975.0,5347.9,5350.9
1748211169700.0,5347.8,5350.8
1748211169923.0,5347.3,5350.3
1748211170150.0,5347.8,5350.8
1748211170556.0,5347.5,5350.5
1748211170781.0,5347.7,5350.7
1748211171156.0,5347.6,5350.6
1748211171383.0,5347.4,5350.4
1748211171881.0,5347.7,5350.7
1748211172488.0,5347.8,5350.8
1748211172711.0,5347.9,5350.9
1748211173478.0,5348.2,5351.2
1748211174994.0,5348.8,5351.8
1748211175214.0,5348.4,5351.4
1748211175998.0,5348.3,5351.3
1748211177179.0,5348.6,5351.6
1748211177395.0,5348.5,5351.5
1748211178006.0,5348.8,5351.8
1748211178228.0,5348.5,5351.5
1748211178454.0,5348.6,5351.6
1748211178804.0,5349.1,5352.1
1748211179026.0,5349.0,5352.0
1748211179252.0,5348.9,5351.9
1748211179476.0,5349.0,5352.0
1748211180300.0,5349.1,5352.1
1748211181239.0,5348.9,5351.9
1748211181462.0,5349.1,5352.1
1748211183709.0,5349.0,5352.0
1748211183928.0,5349.1,5352.1
1748211184156.0,5348.9,5351.9
1748211184382.0,5349.8,5352.8
1748211184608.0,5350.2,5353.2
1748211185398.0,5350.1,5353.1
1748211185622.0,5350.0,5353.0
1748211185848.0,5349.7,5352.7
1748211186353.0,5350.0,5353.0
1748211187344.0,5350.4,5353.4
1748211187567.0,5350.7,5353.7
1748211188792.0,5350.5,5353.5
1748211189111.0,5350.6,5353.6
1748211189333.0,5350.7,5353.7
1748211189563.0,5350.5,5353.5
1748211189785.0,5350.6,5353.6
1748211190007.0,5350.7,5353.7
1748211191350.0,5350.8,5353.8
1748211191799.0,5350.9,5353.9
1748211192271.0,5350.5,5353.5
1748211192533.0,5350.4,5353.4
1748211192760.0,5349.9,5352.9
1748211193203.0,5350.0,5353.0
1748211194678.0,5349.8,5352.8
1748211195455.0,5349.9,5352.9
1748211195680.0,5350.2,5353.2
1748211195901.0,5350.1,5353.1
1748211196897.0,5350.0,5353.0
1748211197560.0,5351.0,5354.0
1748211197780.0,5350.8,5353.8
1748211198234.0,5351.2,5354.2
1748211198456.0,5351.4,5354.4
1748211198681.0,5351.3,5354.3
1748211199041.0,5350.5,5353.5
1748211199264.0,5350.0,5353.0
1748211199920.0,5351.6,5354.6
1748211200139.0,5351.2,5354.2
1748211202322.0,5351.3,5354.3
1748211202542.0,5351.2,5354.2
1748211203535.0,5351.0,5354.0
1748211204174.0,5351.2,5354.2
1748211204574.0,5350.9,5353.9
1748211205855.0,5350.8,5353.8
1748211206250.0,5350.9,5353.9
1748211206472.0,5351.0,5354.0
1748211206971.0,5351.2,5354.2
1748211207195.0,5351.3,5354.3
1748211208774.0,5351.2,5354.2
1748211209093.0,5351.0,5354.0
1748211209319.0,5350.9,5353.9
1748211210799.0,5351.2,5354.2
1748211211651.0,5350.9,5353.9
1748211211928.0,5351.0,5354.0
1748211212153.0,5350.9,5353.9
1748211212379.0,5350.8,5353.8
1748211212606.0,5350.7,5353.7
1748211213280.0,5350.4,5353.4
1748211213502.0,5351.3,5354.3
1748211213876.0,5351.0,5354.0
1748211214547.0,5351.2,5354.2
1748211214770.0,5351.3,5354.3
1748211214994.0,5351.2,5354.2
1748211215217.0,5351.0,5354.0
1748211216050.0,5351.4,5354.4
1748211216538.0,5351.2,5354.2
1748211216762.0,5351.3,5354.3
1748211217180.0,5351.4,5354.4
1748211218214.0,5351.5,5354.5
1748211218436.0,5351.3,5354.3
1748211219322.0,5351.5,5354.5
1748211220198.0,5351.6,5354.6
1748211220991.0,5351.7,5354.7
1748211221217.0,5351.6,5354.6
1748211221869.0,5351.7,5354.7
1748211222093.0,5351.6,5354.6
1748211223413.0,5351.5,5354.5
1748211224143.0,5351.6,5354.6
1748211224555.0,5351.5,5354.5
1748211225397.0,5351.4,5354.4
1748211228397.0,5351.5,5354.5
1748211228791.0,5351.4,5354.4
1748211229840.0,5351.5,5354.5
1748211230332.0,5351.4,5354.4
1748211231231.0,5351.3,5354.3
1748211231454.0,5351.0,5354.0
1748211231679.0,5350.9,5353.9
1748211232123.0,5350.8,5353.8
1748211232521.0,5350.7,5353.7
1748211233184.0,5350.6,5353.6
1748211233650.0,5350.7,5353.7
1748211234452.0,5351.0,5354.0
1748211235394.0,5351.2,5354.2
1748211235619.0,5351.0,5354.0
1748211237381.0,5351.2,5354.2
1748211238145.0,5351.0,5354.0
1748211238427.0,5351.2,5354.2
1748211240342.0,5351.0,5354.0
1748211244804.0,5350.1,5353.1
1748211245024.0,5349.8,5352.8
1748211245247.0,5349.9,5352.9
1748211245471.0,5349.8,5352.8
1748211247325.0,5350.0,5353.0
1748211247844.0,5350.1,5353.1
1748211248068.0,5350.0,5353.0
1748211248294.0,5349.4,5352.4
1748211248518.0,5349.3,5352.3
1748211248743.0,5349.4,5352.4
1748211249781.0,5349.7,5352.7
1748211251082.0,5350.0,5353.0
1748211251617.0,5349.9,5352.9
1748211251841.0,5350.0,5353.0
1748211253128.0,5349.3,5352.3
1748211254145.0,5349.0,5352.0
1748211255725.0,5348.8,5351.8
1748211256454.0,5348.5,5351.5
1748211257294.0,5348.4,5351.4
1748211257589.0,5348.3,5351.3
1748211257812.0,5348.4,5351.4
1748211258722.0,5348.5,5351.5
1748211258946.0,5348.3,5351.3
1748211259169.0,5348.4,5351.4
1748211260864.0,5348.5,5351.5
1748211261090.0,5348.3,5351.3
1748211261314.0,5348.4,5351.4
1748211261887.0,5348.9,5351.9
1748211262446.0,5349.0,5352.0
1748211262672.0,5348.9,5351.9
1748211265527.0,5348.8,5351.8
1748211266436.0,5348.4,5351.4
1748211266657.0,5348.3,5351.3
1748211268077.0,5348.1,5351.1
1748211269090.0,5348.2,5351.2
1748211269434.0,5348.3,5351.3
1748211269656.0,5348.4,5351.4
1748211270213.0,5348.3,5351.3
1748211270826.0,5347.9,5350.9
1748211271183.0,5347.8,5350.8
1748211271409.0,5347.6,5350.6
1748211271634.0,5347.4,5350.4
1748211272121.0,5346.8,5349.8
1748211272979.0,5346.7,5349.7
1748211273203.0,5346.8,5349.8
1748211273690.0,5346.9,5349.9
1748211273914.0,5347.0,5350.0
1748211274689.0,5347.1,5350.1
1748211276755.0,5347.3,5350.3
1748211277209.0,5346.9,5349.9
1748211277971.0,5347.0,5350.0
1748211284155.0,5349.5,5352.5
1748211285084.0,5349.7,5352.7
1748211285305.0,5349.5,5352.5
1748211287408.0,5349.4,5352.4
1748211287632.0,5349.5,5352.5
1748211289840.0,5349.7,5352.7
1748211290063.0,5349.5,5352.5
1748211290288.0,5349.3,5352.3
1748211290644.0,5349.2,5352.2
1748211290867.0,5349.1,5352.1
1748211291588.0,5349.2,5352.2
1748211291810.0,5349.1,5352.1
1748211293911.0,5349.2,5352.2
1748211294138.0,5349.5,5352.5
1748211294709.0,5349.7,5352.7
1748211295475.0,5349.4,5352.4
1748211296034.0,5349.3,5352.3
1748211297358.0,5348.4,5351.4
1748211297809.0,5348.5,5351.5
1748211298240.0,5348.9,5351.9
1748211299208.0,5349.0,5352.0
1748211300118.0,5349.1,5352.1
1748211302153.0,5349.2,5352.2
1748211302378.0,5349.0,5352.0
1748211302600.0,5348.8,5351.8
1748211302825.0,5349.0,5352.0
1748211303539.0,5349.2,5352.2
1748211304160.0,5349.3,5352.3
1748211304893.0,5349.5,5352.5
1748211306717.0,5349.3,5352.3
1748211306940.0,5349.9,5352.9
1748211309624.0,5350.0,5353.0
1748211310024.0,5349.1,5352.1
1748211310244.0,5349.0,5352.0
1748211310471.0,5348.9,5351.9
1748211310844.0,5349.3,5352.3
1748211311904.0,5349.1,5352.1
1748211312833.0,5348.8,5351.8
1748211313055.0,5349.2,5352.2
1748211313279.0,5349.3,5352.3
1748211313769.0,5349.4,5352.4
1748211314424.0,5349.3,5352.3
1748211315308.0,5349.2,5352.2
1748211315532.0,5348.9,5351.9
1748211315995.0,5348.8,5351.8
1748211316220.0,5348.4,5351.4
1748211316705.0,5348.1,5351.1
1748211316966.0,5348.2,5351.2
1748211318107.0,5348.3,5351.3
1748211318331.0,5348.2,5351.2
1748211318554.0,5348.1,5351.1
1748211318950.0,5348.2,5351.2
1748211319289.0,5348.1,5351.1
1748211319514.0,5348.3,5351.3
1748211319740.0,5348.5,5351.5
1748211319964.0,5348.4,5351.4
1748211320363.0,5348.5,5351.5
1748211320587.0,5348.9,5351.9
1748211320813.0,5349.0,5352.0
1748211321260.0,5349.0,5352.0
1748211323025.0,5348.6,5351.6
1748211324814.0,5348.8,5351.8
1748211330391.0,5348.6,5351.6
1748211331843.0,5348.8,5351.8
1748211332065.0,5348.5,5351.5
1748211332788.0,5348.4,5351.4
1748211333012.0,5347.5,5350.5
1748211333247.0,5347.4,5350.4
1748211333650.0,5346.9,5349.9
1748211334254.0,5347.3,5350.3
1748211334476.0,5346.8,5349.8
1748211334699.0,5346.7,5349.7
1748211335922.0,5346.8,5349.8
1748211336609.0,5346.7,5349.7
1748211337258.0,5346.5,5349.5
1748211337657.0,5346.6,5349.6
1748211339165.0,5346.7,5349.7
1748211339389.0,5346.9,5349.9
1748211340122.0,5347.0,5350.0
1748211340651.0,5347.1,5350.1
1748211340870.0,5347.3,5350.3
1748211341386.0,5347.1,5350.1
1748211345116.0,5347.3,5350.3
1748211346344.0,5347.1,5350.1
1748211346568.0,5347.4,5350.4
1748211346794.0,5346.9,5349.9
1748211349707.0,5346.7,5349.7
1748211350180.0,5347.1,5350.1
1748211350581.0,5346.9,5349.9
1748211350802.0,5347.0,5350.0
1748211351289.0,5346.9,5349.9
1748211352771.0,5346.8,5349.8
1748211353861.0,5346.9,5349.9
1748211354405.0,5345.9,5348.9
1748211354940.0,5345.8,5348.8
1748211356713.0,5345.6,5348.6
1748211360035.0,5346.0,5349.0
1748211361231.0,5345.9,5348.9
1748211362128.0,5346.0,5349.0
1748211362593.0,5345.9,5348.9
1748211366909.0,5346.3,5349.3
1748211367130.0,5346.1,5349.1
1748211367599.0,5346.4,5349.4
1748211368769.0,5346.3,5349.3
1748211369508.0,5346.7,5349.7
1748211369730.0,5346.8,5349.8
1748211370996.0,5346.5,5349.5
1748211373101.0,5346.4,5349.4
1748211373325.0,5346.3,5349.3
1748211373549.0,5346.5,5349.5
1748211375549.0,5346.4,5349.4
1748211375772.0,5346.5,5349.5
1748211377336.0,5345.6,5348.6
1748211377776.0,5345.5,5348.5
1748211378003.0,5345.6,5348.6
1748211378228.0,5345.5,5348.5
1748211378453.0,5345.8,5348.8
1748211378836.0,5346.0,5349.0
1748211379063.0,5346.3,5349.3
1748211382130.0,5346.4,5349.4
1748211382687.0,5346.6,5349.6
1748211383169.0,5346.5,5349.5
1748211386720.0,5346.6,5349.6
1748211387123.0,5346.4,5349.4
1748211387345.0,5346.5,5349.5
1748211391215.0,5346.4,5349.4
1748211393213.0,5347.6,5350.6
1748211394269.0,5347.4,5350.4
1748211394490.0,5347.3,5350.3
1748211395572.0,5347.4,5350.4
1748211395797.0,5347.6,5350.6
1748211396022.0,5347.8,5350.8
1748211396246.0,5347.6,5350.6
1748211396688.0,5347.4,5350.4
1748211398929.0,5347.3,5350.3
1748211399153.0,5347.1,5350.1
1748211400504.0,5346.8,5349.8
1748211401138.0,5346.9,5349.9
1748211401870.0,5347.1,5350.1
1748211402265.0,5346.9,5349.9
1748211402499.0,5347.1,5350.1
1748211403930.0,5346.9,5349.9
1748211405277.0,5347.2,5350.2
1748211406513.0,5348.5,5351.5
1748211406939.0,5348.4,5351.4
1748211408031.0,5348.9,5351.9
1748211408259.0,5348.7,5351.7
1748211409523.0,5348.3,5351.3
1748211410375.0,5348.5,5351.5
1748211411745.0,5348.3,5351.3
1748211412157.0,5348.7,5351.7
1748211412651.0,5348.8,5351.8
1748211413989.0,5348.7,5351.7
1748211414214.0,5348.3,5351.3
1748211415096.0,5348.4,5351.4
1748211415318.0,5348.7,5351.7
1748211415541.0,5348.5,5351.5
1748211416754.0,5348.4,5351.4
1748211417152.0,5348.3,5351.3
1748211419732.0,5348.2,5351.2
1748211419952.0,5347.9,5350.9
1748211420180.0,5348.2,5351.2
1748211420653.0,5348.1,5351.1
1748211420878.0,5347.9,5350.9
1748211422144.0,5348.0,5351.0
1748211423004.0,5348.1,5351.1
1748211423929.0,5348.2,5351.2
1748211424553.0,5348.3,5351.3
1748211426324.0,5348.2,5351.2
1748211426573.0,5348.3,5351.3
1748211427542.0,5348.2,5351.2
1748211434670.0,5348.1,5351.1
1748211437413.0,5348.2,5351.2
1748211437632.0,5348.1,5351.1
1748211438314.0,5348.4,5351.4
1748211441036.0,5348.2,5351.2
1748211441252.0,5348.3,5351.3
1748211441749.0,5348.4,5351.4
1748211442516.0,5348.3,5351.3
1748211442913.0,5348.2,5351.2
1748211443137.0,5348.3,5351.3
1748211443534.0,5349.1,5352.1
1748211444196.0,5348.9,5351.9
1748211444947.0,5349.1,5352.1
1748211445630.0,5349.2,5352.2
1748211446812.0,5348.9,5351.9
1748211447468.0,5348.8,5351.8
1748211448109.0,5348.9,5351.9
1748211448332.0,5348.8,5351.8
1748211449423.0,5349.0,5352.0
1748211450722.0,5349.1,5352.1
1748211450944.0,5348.9,5351.9
1748211452564.0,5349.0,5352.0
1748211453900.0,5348.9,5351.9
1748211457444.0,5348.7,5351.7
1748211462964.0,5348.8,5351.8
1748211463890.0,5348.7,5351.7
1748211464114.0,5348.9,5351.9
1748211464339.0,5349.0,5352.0
1748211468497.0,5348.9,5351.9
1748211469628.0,5348.7,5351.7
1748211470792.0,5348.9,5351.9
1748211471765.0,5349.1,5352.1
1748211474215.0,5349.4,5352.4
1748211475865.0,5350.0,5353.0
1748211476906.0,5349.9,5352.9
1748211477354.0,5350.2,5353.2
1748211477732.0,5350.0,5353.0
1748211478180.0,5349.9,5352.9
1748211479909.0,5350.2,5353.2
1748211480478.0,5350.7,5353.7
1748211480984.0,5350.5,5353.5
1748211481208.0,5350.7,5353.7
1748211482029.0,5350.8,5353.8
1748211482250.0,5350.7,5353.7
1748211482913.0,5350.6,5353.6
1748211483681.0,5350.7,5353.7
1748211484246.0,5350.6,5353.6
1748211484470.0,5350.7,5353.7
1748211485048.0,5350.5,5353.5
1748211485537.0,5350.6,5353.6
1748211487490.0,5350.5,5353.5
1748211487715.0,5350.3,5353.3
1748211487942.0,5350.0,5353.0
1748211488951.0,5349.8,5352.8
1748211490703.0,5349.7,5352.7
1748211490925.0,5349.8,5352.8
1748211491152.0,5350.3,5353.3
1748211491470.0,5350.2,5353.2
1748211496675.0,5350.3,5353.3
1748211496899.0,5350.2,5353.2
1748211497408.0,5350.4,5353.4
1748211497852.0,5350.7,5353.7
1748211499057.0,5350.6,5353.6
1748211499890.0,5350.5,5353.5
1748211500288.0,5350.6,5353.6
1748211501424.0,5350.5,5353.5
1748211502740.0,5350.0,5353.0
1748211504516.0,5349.8,5352.8
1748211506783.0,5349.6,5352.6
1748211509882.0,5349.4,5352.4
1748211510102.0,5349.0,5352.0
1748211510403.0,5349.1,5352.1
1748211511270.0,5348.9,5351.9
1748211512267.0,5349.0,5352.0
1748211512489.0,5349.1,5352.1
1748211512796.0,5349.2,5352.2
1748211513022.0,5349.4,5352.4
1748211513247.0,5349.6,5352.6
1748211513732.0,5349.5,5352.5
1748211513957.0,5349.4,5352.4
1748211514183.0,5349.5,5352.5
1748211514408.0,5349.4,5352.4
1748211514633.0,5349.5,5352.5
1748211514856.0,5349.6,5352.6
1748211515328.0,5349.5,5352.5
1748211515550.0,5349.6,5352.6
1748211516512.0,5349.5,5352.5
1748211516851.0,5349.4,5352.4
1748211520583.0,5349.5,5352.5
1748211521418.0,5349.6,5352.6
1748211524842.0,5349.4,5352.4
1748211525469.0,5349.2,5352.2
1748211525692.0,5350.0,5353.0
1748211525917.0,5349.7,5352.7
1748211526265.0,5349.4,5352.4
1748211527167.0,5350.0,5353.0
1748211527388.0,5349.9,5352.9
1748211527788.0,5349.7,5352.7
1748211528242.0,5349.6,5352.6
1748211529415.0,5349.7,5352.7
1748211531188.0,5349.6,5352.6
1748211533755.0,5349.8,5352.8
1748211534721.0,5349.7,5352.7
1748211535176.0,5349.6,5352.6
1748211537304.0,5349.7,5352.7
1748211539103.0,5349.8,5352.8
1748211540249.0,5349.5,5352.5
1748211540467.0,5349.4,5352.4
1748211540986.0,5349.0,5352.0
1748211541340.0,5348.9,5351.9
1748211541564.0,5348.8,5351.8
1748211542136.0,5348.9,5351.9
1748211543311.0,5348.8,5351.8
1748211543530.0,5348.9,5351.9
1748211544204.0,5349.4,5352.4
1748211544425.0,5349.2,5352.2
1748211544650.0,5349.1,5352.1
1748211546673.0,5349.4,5352.4
1748211547895.0,5349.7,5352.7
1748211548115.0,5349.6,5352.6
1748211548577.0,5349.5,5352.5
1748211549954.0,5349.2,5352.2
1748211550178.0,5349.4,5352.4
1748211551128.0,5349.1,5352.1
1748211551592.0,5348.9,5351.9
1748211551814.0,5348.8,5351.8
1748211552038.0,5348.9,5351.9
1748211552704.0,5349.1,5352.1
1748211553549.0,5349.2,5352.2
1748211554275.0,5349.4,5352.4
1748211556680.0,5349.1,5352.1
1748211556900.0,5349.2,5352.2
1748211559989.0,5349.4,5352.4
1748211560206.0,5349.2,5352.2
1748211561730.0,5350.3,5353.3
1748211562900.0,5349.9,5352.9
1748211563124.0,5350.2,5353.2
1748211566161.0,5350.0,5353.0
1748211567298.0,5349.7,5352.7
1748211568142.0,5349.8,5352.8
1748211568376.0,5349.9,5352.9
1748211571124.0,5350.5,5353.5
1748211571839.0,5350.2,5353.2
1748211572665.0,5350.4,5353.4
1748211573037.0,5350.3,5353.3
1748211574998.0,5350.2,5353.2
1748211576801.0,5350.0,5353.0
1748211577026.0,5350.2,5353.2
1748211577244.0,5350.3,5353.3
1748211578241.0,5350.6,5353.6
1748211580579.0,5350.5,5353.5
1748211580802.0,5351.0,5354.0
1748211581565.0,5351.1,5354.1
1748211581785.0,5351.0,5354.0
1748211582145.0,5351.1,5354.1
1748211583848.0,5351.0,5354.0
1748211585044.0,5351.1,5354.1
1748211585459.0,5351.2,5354.2
1748211586350.0,5351.1,5354.1
1748211586576.0,5351.0,5354.0
1748211587507.0,5350.7,5353.7
1748211587727.0,5351.0,5354.0
1748211588633.0,5350.5,5353.5
1748211590054.0,5350.8,5353.8
1748211590587.0,5351.1,5354.1
1748211591070.0,5351.2,5354.2
1748211591299.0,5354.9,5357.9
1748211591524.0,5355.2,5358.2
1748211591746.0,5355.4,5358.4
1748211591972.0,5355.1,5358.1
1748211592202.0,5355.2,5358.2
1748211592423.0,5354.7,5357.7
1748211592649.0,5353.8,5356.8
1748211592910.0,5353.7,5356.7
1748211593134.0,5353.8,5356.8
1748211593360.0,5353.6,5356.6
1748211593585.0,5353.8,5356.8
1748211593816.0,5353.6,5356.6
1748211594317.0,5353.7,5356.7
1748211594715.0,5353.6,5356.6
1748211595161.0,5353.9,5356.9
1748211595609.0,5353.8,5356.8
1748211595835.0,5353.5,5356.5
1748211596060.0,5353.6,5356.6
1748211596904.0,5353.7,5356.7
1748211597128.0,5354.0,5357.0
1748211597352.0,5354.3,5357.3
1748211597603.0,5354.4,5357.4
1748211598003.0,5354.3,5357.3
1748211599225.0,5353.9,5356.9
1748211599447.0,5354.0,5357.0
1748211599673.0,5354.3,5357.3
1748211600028.0,5354.4,5357.4
1748211600253.0,5354.5,5357.5
1748211600479.0,5354.3,5357.3
1748211600705.0,5354.0,5357.0
1748211600929.0,5354.2,5357.2
1748211601243.0,5354.0,5357.0
1748211601471.0,5353.9,5356.9
1748211601693.0,5353.8,5356.8
1748211601919.0,5353.9,5356.9
1748211602142.0,5354.0,5357.0
1748211602367.0,5354.2,5357.2
1748211602643.0,5355.3,5358.3
1748211602867.0,5355.0,5358.0
1748211603302.0,5354.9,5357.9
1748211603704.0,5355.0,5358.0
1748211604604.0,5355.2,5358.2
1748211605010.0,5355.3,5358.3
1748211605234.0,5355.9,5358.9
1748211605458.0,5355.8,5358.8
1748211605683.0,5355.9,5358.9
1748211606297.0,5355.6,5358.6
1748211607171.0,5355.5,5358.5
1748211607393.0,5355.6,5358.6
1748211607618.0,5355.5,5358.5
1748211607845.0,5355.6,5358.6
1748211608070.0,5355.8,5358.8
1748211608737.0,5355.5,5358.5
1748211608961.0,5355.9,5358.9
1748211609587.0,5355.6,5358.6
1748211609987.0,5355.5,5358.5
1748211610469.0,5355.6,5358.6
1748211610695.0,5356.3,5359.3
1748211610924.0,5356.5,5359.5
1748211611146.0,5356.6,5359.6
1748211611371.0,5356.0,5359.0
1748211611889.0,5356.3,5359.3
1748211612347.0,5355.9,5358.9
1748211613108.0,5356.0,5359.0
1748211613331.0,5356.3,5359.3
1748211613846.0,5356.6,5359.6
1748211614073.0,5356.7,5359.7
1748211614296.0,5356.5,5359.5
1748211614522.0,5356.6,5359.6
1748211615523.0,5356.3,5359.3
1748211615745.0,5356.0,5359.0
1748211615969.0,5355.8,5358.8
1748211616197.0,5356.2,5359.2
1748211616422.0,5356.0,5359.0
1748211616645.0,5356.1,5359.1
1748211616871.0,5355.9,5358.9
1748211617153.0,5356.2,5359.2
1748211617618.0,5356.8,5359.8
1748211617841.0,5357.0,5360.0
1748211618067.0,5356.7,5359.7
1748211618290.0,5357.0,5360.0
1748211618530.0,5356.9,5359.9
1748211618754.0,5356.8,5359.8
1748211618980.0,5356.7,5359.7
1748211619358.0,5356.8,5359.8
1748211619581.0,5356.7,5359.7
1748211620131.0,5356.6,5359.6
1748211620545.0,5356.7,5359.7
1748211621148.0,5356.8,5359.8
1748211621770.0,5356.9,5359.9
1748211621993.0,5357.0,5360.0
1748211622220.0,5357.1,5360.1
1748211622444.0,5357.0,5360.0
1748211623330.0,5356.9,5359.9
1748211623553.0,5357.0,5360.0
1748211624127.0,5356.9,5359.9
1748211624354.0,5356.8,5359.8
1748211624576.0,5356.6,5359.6
1748211624802.0,5356.9,5359.9
1748211625177.0,5356.5,5359.5
1748211625400.0,5356.3,5359.3
1748211626069.0,5356.7,5359.7
1748211626287.0,5356.8,5359.8
1748211626513.0,5356.7,5359.7
1748211626737.0,5356.8,5359.8
1748211626961.0,5356.9,5359.9
1748211627461.0,5356.8,5359.8
1748211627916.0,5356.9,5359.9
1748211628143.0,5357.3,5360.3
1748211628910.0,5357.1,5360.1
1748211629133.0,5356.9,5359.9
1748211629357.0,5356.8,5359.8
1748211629582.0,5356.7,5359.7
1748211629810.0,5356.8,5359.8
1748211630401.0,5356.7,5359.7
1748211630623.0,5356.3,5359.3
1748211631403.0,5356.2,5359.2
1748211631624.0,5356.3,5359.3
1748211632063.0,5356.2,5359.2
1748211632286.0,5356.0,5359.0
1748211632658.0,5355.9,5358.9
1748211632884.0,5356.0,5359.0
1748211633109.0,5356.1,5359.1
1748211633963.0,5356.0,5359.0
1748211635000.0,5355.4,5358.4
1748211635689.0,5355.5,5358.5
1748211635913.0,5355.8,5358.8
1748211636291.0,5356.2,5359.2
1748211636513.0,5356.0,5359.0
1748211636739.0,5356.1,5359.1
1748211637504.0,5356.0,5359.0
1748211639657.0,5356.1,5359.1
1748211640056.0,5356.0,5359.0
1748211640829.0,5356.1,5359.1
1748211641052.0,5356.6,5359.6
1748211641316.0,5356.5,5359.5
1748211641542.0,5356.3,5359.3
1748211641767.0,5356.2,5359.2
1748211641991.0,5356.3,5359.3
1748211642218.0,5356.5,5359.5
1748211642700.0,5356.2,5359.2
1748211643409.0,5356.1,5359.1
1748211643958.0,5356.2,5359.2
1748211644182.0,5356.3,5359.3
1748211644662.0,5356.2,5359.2
1748211645473.0,5356.3,5359.3
1748211649189.0,5356.5,5359.5
1748211649411.0,5356.2,5359.2
1748211649636.0,5356.5,5359.5
1748211649860.0,5356.3,5359.3
1748211650310.0,5356.6,5359.6
1748211650618.0,5356.7,5359.7
1748211651017.0,5356.5,5359.5
1748211651505.0,5356.6,5359.6
1748211651916.0,5356.5,5359.5
1748211652885.0,5356.6,5359.6
1748211655044.0,5356.3,5359.3
1748211655264.0,5356.2,5359.2
1748211655488.0,5356.1,5359.1
1748211655713.0,5356.2,5359.2
1748211655939.0,5356.0,5359.0
1748211656162.0,5355.9,5358.9
1748211656945.0,5355.8,5358.8
1748211657174.0,5355.6,5358.6
1748211657394.0,5355.8,5358.8
1748211657620.0,5355.6,5358.6
1748211658354.0,5355.5,5358.5
1748211658579.0,5355.1,5358.1
1748211658802.0,5354.9,5357.9
1748211659029.0,5354.5,5357.5
1748211659255.0,5354.6,5357.6
1748211659478.0,5354.7,5357.7
1748211660331.0,5354.5,5357.5
1748211660736.0,5354.6,5357.6
1748211660959.0,5354.7,5357.7
1748211661185.0,5354.4,5357.4
1748211661408.0,5354.5,5357.5
1748211662070.0,5354.6,5357.6
1748211662490.0,5354.9,5357.9
1748211663249.0,5355.0,5358.0
1748211663669.0,5355.1,5358.1
1748211663894.0,5355.0,5358.0
1748211664422.0,5354.6,5357.6
1748211664646.0,5354.4,5357.4
1748211665997.0,5355.6,5358.6
1748211666217.0,5355.4,5358.4
1748211667294.0,5355.3,5358.3
1748211667516.0,5355.2,5358.2
1748211667858.0,5355.1,5358.1
1748211668083.0,5355.2,5358.2
1748211668307.0,5355.1,5358.1
1748211668535.0,5355.4,5358.4
1748211669281.0,5355.3,5358.3
1748211672614.0,5355.4,5358.4
1748211672835.0,5355.9,5358.9
1748211673447.0,5355.8,5358.8
1748211673671.0,5355.1,5358.1
1748211674369.0,5355.0,5358.0
1748211675594.0,5355.1,5358.1
1748211676752.0,5355.2,5358.2
1748211677651.0,5355.3,5358.3
1748211678659.0,5355.2,5358.2
1748211678882.0,5355.1,5358.1
1748211679106.0,5355.2,5358.2
1748211679330.0,5355.1,5358.1
1748211679557.0,5355.4,5358.4
1748211680134.0,5355.5,5358.5
1748211680358.0,5356.2,5359.2
1748211681030.0,5356.1,5359.1
1748211681251.0,5356.2,5359.2
1748211681481.0,5356.3,5359.3
1748211682085.0,5356.2,5359.2
1748211682482.0,5356.3,5359.3
1748211682709.0,5356.6,5359.6
1748211683885.0,5356.5,5359.5
1748211684111.0,5357.4,5360.4
1748211684333.0,5357.5,5360.5
1748211685189.0,5357.4,5360.4
1748211685410.0,5357.5,5360.5
1748211685750.0,5357.4,5360.4
1748211685976.0,5357.1,5360.1
1748211688348.0,5356.8,5359.8
1748211688624.0,5356.7,5359.7
1748211688850.0,5356.8,5359.8
1748211689908.0,5356.7,5359.7
1748211690130.0,5356.8,5359.8
1748211690354.0,5356.7,5359.7
1748211690580.0,5357.0,5360.0
1748211692023.0,5357.1,5360.1
1748211692247.0,5357.6,5360.6
1748211693024.0,5357.4,5360.4
1748211693931.0,5357.0,5360.0
1748211694153.0,5357.1,5360.1
1748211696069.0,5358.2,5361.2
1748211697046.0,5358.3,5361.3
1748211697267.0,5358.2,5361.2
1748211697848.0,5358.1,5361.1
1748211698110.0,5358.2,5361.2
1748211698335.0,5358.4,5361.4
1748211698966.0,5358.5,5361.5
1748211699188.0,5358.7,5361.7
1748211699414.0,5358.5,5361.5
1748211699638.0,5358.6,5361.6
1748211700628.0,5358.5,5361.5
1748211700854.0,5358.7,5361.7
1748211701079.0,5358.3,5361.3
1748211701790.0,5357.9,5360.9
1748211702332.0,5357.8,5360.8
1748211702733.0,5357.5,5360.5
1748211704077.0,5357.4,5360.4
1748211704300.0,5357.3,5360.3
1748211704713.0,5357.1,5360.1
1748211705437.0,5356.9,5359.9
1748211705663.0,5357.3,5360.3
1748211707332.0,5357.4,5360.4
1748211707556.0,5357.5,5360.5
1748211707781.0,5357.7,5360.7
1748211708465.0,5357.6,5360.6
1748211708691.0,5357.4,5360.4
1748211708916.0,5358.3,5361.3
1748211709418.0,5358.1,5361.1
1748211710123.0,5357.8,5360.8
1748211710344.0,5357.9,5360.9
1748211710570.0,5358.1,5361.1
1748211710795.0,5358.3,5361.3
1748211711208.0,5358.2,5361.2
1748211712946.0,5358.3,5361.3
1748211713171.0,5358.2,5361.2
1748211713393.0,5357.9,5360.9
1748211713618.0,5358.1,5361.1
1748211713843.0,5357.9,5360.9
1748211714068.0,5358.2,5361.2
1748211714481.0,5358.1,5361.1
1748211715266.0,5358.2,5361.2
1748211715568.0,5358.1,5361.1
1748211715790.0,5358.2,5361.2
1748211716017.0,5357.8,5360.8
1748211716478.0,5358.1,5361.1
1748211716701.0,5357.8,5360.8
1748211717076.0,5357.7,5360.7
1748211717523.0,5357.3,5360.3
1748211718209.0,5357.6,5360.6
1748211718433.0,5357.5,5360.5
1748211719658.0,5357.0,5360.0
1748211719880.0,5356.9,5359.9
1748211720270.0,5357.7,5360.7
1748211720988.0,5357.6,5360.6
1748211721212.0,5357.3,5360.3
1748211721448.0,5357.4,5360.4
1748211721675.0,5357.9,5360.9
1748211722897.0,5358.1,5361.1
1748211723119.0,5357.8,5360.8
1748211723502.0,5358.4,5361.4
1748211723821.0,5358.3,5361.3
1748211724048.0,5358.7,5361.7
1748211724272.0,5358.4,5361.4
1748211724496.0,5359.0,5362.0
1748211724721.0,5359.1,5362.1
1748211726329.0,5359.2,5362.2
1748211726551.0,5359.8,5362.8
1748211726777.0,5359.9,5362.9
1748211727002.0,5359.8,5362.8
1748211727227.0,5359.9,5362.9
1748211727451.0,5359.8,5362.8
1748211728338.0,5359.9,5362.9
1748211728736.0,5359.8,5362.8
1748211728959.0,5359.9,5362.9
1748211729902.0,5359.5,5362.5
1748211730317.0,5359.7,5362.7
1748211730538.0,5359.8,5362.8
1748211730765.0,5359.0,5362.0
1748211730989.0,5359.1,5362.1
1748211731624.0,5359.2,5362.2
1748211732452.0,5359.3,5362.3
1748211732677.0,5359.4,5362.4
1748211733169.0,5359.8,5362.8
1748211733516.0,5359.7,5362.7
1748211733741.0,5359.9,5362.9
1748211734572.0,5359.3,5362.3
1748211735171.0,5359.2,5362.2
1748211735396.0,5359.4,5362.4
1748211735622.0,5360.8,5363.8
1748211736350.0,5360.7,5363.7
1748211737062.0,5360.5,5363.5
1748211737286.0,5360.7,5363.7
1748211737607.0,5360.8,5363.8
1748211737834.0,5361.6,5364.6
1748211738689.0,5361.5,5364.5
1748211739284.0,5361.6,5364.6
1748211739507.0,5361.5,5364.5
1748211739968.0,5361.1,5364.1
1748211740192.0,5361.6,5364.6
1748211740569.0,5361.7,5364.7
1748211740787.0,5361.8,5364.8
1748211741013.0,5361.7,5364.7
1748211741658.0,5361.5,5364.5
1748211741879.0,5361.4,5364.4
1748211742105.0,5361.3,5364.3
1748211742552.0,5361.4,5364.4
1748211743554.0,5361.3,5364.3
1748211743777.0,5361.1,5364.1
1748211744000.0,5361.0,5364.0
1748211744226.0,5361.1,5364.1
1748211744452.0,5361.3,5364.3
1748211744676.0,5361.1,5364.1
1748211745233.0,5361.0,5364.0
1748211745458.0,5361.4,5364.4
1748211745781.0,5362.3,5365.3
1748211746033.0,5362.4,5365.4
1748211746258.0,5362.3,5365.3
1748211747015.0,5363.0,5366.0
1748211748032.0,5363.1,5366.1
1748211748256.0,5362.6,5365.6
1748211748719.0,5362.7,5365.7
1748211749116.0,5362.8,5365.8
1748211749342.0,5362.7,5365.7
1748211749567.0,5362.8,5365.8
1748211749791.0,5362.7,5365.7
1748211750019.0,5362.6,5365.6
1748211750242.0,5362.5,5365.5
1748211750465.0,5362.6,5365.6
1748211750692.0,5362.7,5365.7
1748211750916.0,5362.8,5365.8
1748211751142.0,5362.7,5365.7
1748211751522.0,5362.6,5365.6
1748211751747.0,5363.5,5366.5
1748211752123.0,5363.4,5366.4
1748211752573.0,5363.5,5366.5
1748211752971.0,5363.3,5366.3
1748211753196.0,5363.5,5366.5
1748211753422.0,5363.2,5366.2
1748211753647.0,5363.0,5366.0
1748211753871.0,5363.3,5366.3
1748211754095.0,5363.2,5366.2
1748211754735.0,5363.0,5366.0
1748211754958.0,5363.2,5366.2
1748211755189.0,5363.4,5366.4
1748211755408.0,5363.3,5366.3
1748211756701.0,5363.5,5366.5
1748211757051.0,5363.6,5366.6
1748211757201.0,5364.6,5367.6
1748211757301.0,5364.8,5367.8
1748211757499.0,5364.5,5367.5
1748211757725.0,5364.4,5367.4
1748211757950.0,5364.8,5367.8
1748211758176.0,5364.6,5367.6
1748211758468.0,5364.5,5367.5
1748211758934.0,5364.6,5367.6
1748211759157.0,5364.4,5367.4
1748211759381.0,5364.3,5367.3
1748211759898.0,5364.4,5367.4
1748211760124.0,5364.6,5367.6
1748211760349.0,5363.5,5366.5
1748211760573.0,5363.6,5366.6
1748211761019.0,5363.5,5366.5
1748211761243.0,5363.7,5366.7
1748211761621.0,5363.4,5366.4
1748211761844.0,5363.8,5366.8
1748211762069.0,5363.6,5366.6
1748211762442.0,5363.7,5366.7
1748211762849.0,5364.1,5367.1
1748211763865.0,5364.0,5367.0
1748211764090.0,5364.2,5367.2
1748211764314.0,5364.1,5367.1
1748211764747.0,5364.2,5367.2
1748211765149.0,5364.1,5367.1
1748211765371.0,5364.2,5367.2
1748211766026.0,5364.1,5367.1
1748211766250.0,5363.7,5366.7
1748211767044.0,5363.1,5366.1
1748211767441.0,5363.5,5366.5
1748211767956.0,5363.1,5366.1
1748211768176.0,5363.0,5366.0
1748211768403.0,5363.5,5366.5
1748211768895.0,5363.4,5366.4
1748211769655.0,5363.5,5366.5
1748211769880.0,5363.7,5366.7
1748211770456.0,5363.8,5366.8
1748211770679.0,5363.7,5366.7
1748211771501.0,5364.3,5367.3
1748211771723.0,5364.0,5367.0
1748211772593.0,5363.8,5366.8
1748211772965.0,5364.0,5367.0
1748211773621.0,5363.8,5366.8
1748211774306.0,5364.3,5367.3
1748211775145.0,5364.4,5367.4
1748211775370.0,5364.6,5367.6
1748211775594.0,5364.8,5367.8
1748211775820.0,5363.6,5366.6
1748211776147.0,5363.8,5366.8
1748211776763.0,5364.0,5367.0
1748211777352.0,5364.1,5367.1
1748211777577.0,5364.5,5367.5
1748211777802.0,5364.4,5367.4
1748211778185.0,5364.5,5367.5
1748211778410.0,5364.8,5367.8
1748211780529.0,5365.1,5368.1
1748211780746.0,5364.6,5367.6
1748211780970.0,5365.0,5368.0
1748211781194.0,5364.9,5367.9
1748211781418.0,5365.0,5368.0
1748211781947.0,5365.1,5368.1
1748211782169.0,5364.9,5367.9
1748211783233.0,5364.6,5367.6
1748211783454.0,5364.8,5367.8
1748211783855.0,5364.6,5367.6
1748211784080.0,5364.8,5367.8
1748211784540.0,5364.9,5367.9
1748211784765.0,5364.8,5367.8
1748211784993.0,5366.7,5369.7
1748211785214.0,5366.8,5369.8
1748211785634.0,5366.6,5369.6
1748211785857.0,5366.4,5369.4
1748211786082.0,5366.2,5369.2
1748211786308.0,5366.5,5369.5
1748211786633.0,5366.4,5369.4
1748211786856.0,5366.2,5369.2
1748211787080.0,5366.1,5369.1
1748211787307.0,5366.0,5369.0
1748211787531.0,5365.8,5368.8
1748211787757.0,5365.7,5368.7
1748211787981.0,5365.6,5368.6
1748211788325.0,5365.7,5368.7
1748211788726.0,5365.4,5368.4
1748211789202.0,5365.8,5368.8
1748211789873.0,5366.0,5369.0
1748211790536.0,5365.9,5368.9
1748211790757.0,5366.0,5369.0
1748211790985.0,5366.1,5369.1
1748211791210.0,5366.4,5369.4
1748211791435.0,5366.5,5369.5
1748211791738.0,5366.8,5369.8
1748211792135.0,5366.9,5369.9
1748211792359.0,5366.5,5369.5
1748211792590.0,5366.7,5369.7
1748211792809.0,5366.8,5369.8
1748211793431.0,5366.9,5369.9
1748211793658.0,5367.8,5370.8
1748211793881.0,5367.7,5370.7
1748211794282.0,5367.8,5370.8
1748211794505.0,5367.4,5370.4
1748211794730.0,5367.5,5370.5
1748211794955.0,5367.3,5370.3
1748211795186.0,5367.5,5370.5
1748211795406.0,5367.3,5370.3
1748211795632.0,5367.2,5370.2
1748211795858.0,5367.5,5370.5
1748211796084.0,5367.4,5370.4
1748211796308.0,5367.0,5370.0
1748211796532.0,5366.9,5369.9
1748211796755.0,5367.0,5370.0
1748211797090.0,5367.3,5370.3
1748211797312.0,5367.4,5370.4
1748211797538.0,5365.8,5368.8
1748211797763.0,5366.0,5369.0
1748211797986.0,5366.1,5369.1
1748211798213.0,5366.2,5369.2
1748211798437.0,5366.1,5369.1
1748211798663.0,5366.4,5369.4
1748211798888.0,5366.0,5369.0
1748211799367.0,5366.1,5369.1
1748211799591.0,5365.8,5368.8
1748211799818.0,5365.4,5368.4
1748211800045.0,5365.0,5368.0
1748211800463.0,5364.9,5367.9
1748211800690.0,5364.0,5367.0
1748211800916.0,5364.2,5367.2
1748211801140.0,5364.1,5367.1
1748211801363.0,5364.2,5367.2
1748211801667.0,5364.3,5367.3
1748211802070.0,5364.5,5367.5
1748211802294.0,5364.6,5367.6
1748211802518.0,5364.9,5367.9
1748211802743.0,5365.1,5368.1
1748211803069.0,5365.2,5368.2
1748211803663.0,5365.1,5368.1
1748211803888.0,5365.0,5368.0
1748211804112.0,5365.4,5368.4
1748211804463.0,5365.3,5368.3
1748211804989.0,5365.4,5368.4
1748211805210.0,5365.6,5368.6
1748211805436.0,5365.7,5368.7
1748211806456.0,5365.8,5368.8
1748211806857.0,5365.6,5368.6
1748211807258.0,5365.7,5368.7
1748211807481.0,5365.9,5368.9
1748211807705.0,5366.0,5369.0
1748211807929.0,5366.1,5369.1
1748211808155.0,5365.9,5368.9
1748211809049.0,5365.8,5368.8
1748211809273.0,5366.1,5369.1
1748211809499.0,5366.7,5369.7
1748211809724.0,5366.2,5369.2
1748211809949.0,5366.4,5369.4
1748211810177.0,5366.2,5369.2
1748211810420.0,5366.4,5369.4
1748211810642.0,5366.2,5369.2
1748211811500.0,5366.1,5369.1
1748211812328.0,5366.0,5369.0
1748211812726.0,5365.9,5368.9
1748211813356.0,5365.8,5368.8
1748211814488.0,5366.0,5369.0
1748211815508.0,5365.8,5368.8
1748211815725.0,5366.0,5369.0
1748211815948.0,5365.9,5368.9
1748211816833.0,5366.0,5369.0
1748211817061.0,5366.2,5369.2
1748211817623.0,5366.5,5369.5
1748211817848.0,5367.6,5370.6
1748211818070.0,5367.8,5370.8
1748211818296.0,5367.7,5370.7
1748211818622.0,5367.6,5370.6
1748211819754.0,5367.7,5370.7
1748211819978.0,5367.3,5370.3
1748211820202.0,5367.7,5370.7
1748211820428.0,5367.4,5370.4
1748211820655.0,5367.7,5370.7
1748211820877.0,5367.6,5370.6
1748211821103.0,5367.5,5370.5
1748211821328.0,5367.7,5370.7
1748211821556.0,5367.5,5370.5
1748211822155.0,5367.4,5370.4
1748211822769.0,5367.5,5370.5
1748211823499.0,5367.6,5370.6
1748211824857.0,5367.5,5370.5
1748211825250.0,5367.6,5370.6
1748211825472.0,5367.7,5370.7
1748211826355.0,5367.8,5370.8
1748211826574.0,5367.7,5370.7
1748211827613.0,5369.8,5372.8
1748211827831.0,5369.6,5372.6
1748211828397.0,5369.1,5372.1
1748211828619.0,5369.3,5372.3
1748211829277.0,5369.2,5372.2
1748211829500.0,5369.1,5372.1
1748211829803.0,5369.0,5372.0
1748211830028.0,5368.9,5371.9
1748211830254.0,5368.8,5371.8
1748211830477.0,5368.9,5371.9
1748211831853.0,5368.6,5371.6
1748211832075.0,5368.8,5371.8
1748211832298.0,5368.6,5371.6
1748211832651.0,5368.9,5371.9
1748211833710.0,5369.2,5372.2
1748211833935.0,5368.9,5371.9
1748211834158.0,5369.0,5372.0
1748211834725.0,5368.9,5371.9
1748211834949.0,5368.5,5371.5
1748211835174.0,5368.6,5371.6
1748211835817.0,5369.0,5372.0
1748211836038.0,5369.1,5372.1
1748211836794.0,5368.9,5371.9
1748211837093.0,5368.8,5371.8
1748211837313.0,5368.6,5371.6
1748211838315.0,5368.5,5371.5
1748211838940.0,5368.0,5371.0
1748211840570.0,5367.8,5370.8
1748211841741.0,5367.3,5370.3
1748211841961.0,5367.5,5370.5
1748211843320.0,5367.8,5370.8
1748211844158.0,5368.3,5371.3
1748211844378.0,5367.5,5370.5
1748211845032.0,5367.7,5370.7
1748211845422.0,5367.6,5370.6
1748211845900.0,5367.7,5370.7
1748211846303.0,5367.5,5370.5
1748211846526.0,5367.6,5370.6
1748211846750.0,5367.5,5370.5
1748211846975.0,5367.4,5370.4
1748211847200.0,5367.5,5370.5
1748211847502.0,5367.4,5370.4
1748211848308.0,5368.8,5371.8
1748211848791.0,5367.6,5370.6
1748211849018.0,5367.7,5370.7
1748211850192.0,5367.6,5370.6
1748211850415.0,5367.5,5370.5
1748211850639.0,5367.4,5370.4
1748211850865.0,5367.7,5370.7
1748211851091.0,5367.4,5370.4
1748211851761.0,5367.5,5370.5
1748211852162.0,5367.6,5370.6
1748211853621.0,5367.5,5370.5
1748211854521.0,5367.4,5370.4
1748211855125.0,5367.2,5370.2
1748211855822.0,5366.8,5369.8
1748211856833.0,5366.7,5369.7
1748211857997.0,5367.3,5370.3
1748211858219.0,5367.2,5370.2
1748211859848.0,5366.9,5369.9
1748211860499.0,5366.6,5369.6
1748211860721.0,5365.8,5368.8
1748211860947.0,5365.1,5368.1
1748211861172.0,5365.4,5368.4
1748211861399.0,5365.7,5368.7
1748211861669.0,5365.6,5368.6
1748211861893.0,5365.7,5368.7
1748211862119.0,5365.6,5368.6
1748211862539.0,5365.9,5368.9
1748211862763.0,5365.6,5368.6
1748211862988.0,5365.7,5368.7
1748211863212.0,5365.6,5368.6
1748211863438.0,5365.8,5368.8
1748211863661.0,5365.9,5368.9
1748211864352.0,5366.4,5369.4
1748211864571.0,5366.2,5369.2
1748211864798.0,5366.0,5369.0
1748211865024.0,5366.4,5369.4
1748211865248.0,5366.5,5369.5
1748211865473.0,5366.6,5369.6
1748211866102.0,5366.0,5369.0
1748211866321.0,5366.1,5369.1
1748211866723.0,5366.2,5369.2
1748211866948.0,5366.0,5369.0
1748211867174.0,5366.4,5369.4
1748211867398.0,5366.1,5369.1
1748211867621.0,5366.2,5369.2
1748211867924.0,5366.4,5369.4
1748211868417.0,5366.5,5369.5
1748211868642.0,5366.6,5369.6
1748211869020.0,5366.7,5369.7
1748211869243.0,5366.2,5369.2
1748211869469.0,5366.4,5369.4
1748211869695.0,5366.2,5369.2
1748211869917.0,5366.1,5369.1
1748211870146.0,5366.4,5369.4
1748211870369.0,5366.0,5369.0
1748211870740.0,5366.1,5369.1
1748211871605.0,5368.4,5371.4
1748211872300.0,5368.2,5371.2
1748211873087.0,5368.4,5371.4
1748211873426.0,5368.5,5371.5
1748211873651.0,5368.4,5371.4
1748211876895.0,5368.2,5371.2
1748211878048.0,5368.1,5371.1
1748211878272.0,5368.4,5371.4
1748211878941.0,5368.2,5371.2
1748211879372.0,5368.1,5371.1
1748211880704.0,5368.4,5371.4
1748211881649.0,5368.6,5371.6
1748211882028.0,5368.5,5371.5
1748211882253.0,5368.3,5371.3
1748211882474.0,5368.4,5371.4
1748211883564.0,5368.2,5371.2
1748211883787.0,5368.3,5371.3
1748211884272.0,5368.5,5371.5
1748211884718.0,5368.8,5371.8
1748211884940.0,5368.6,5371.6
1748211886435.0,5368.5,5371.5
1748211887338.0,5368.4,5371.4
1748211888207.0,5368.5,5371.5
1748211892165.0,5370.1,5373.1
1748211893934.0,5370.5,5373.5
1748211894640.0,5370.4,5373.4
1748211894864.0,5370.5,5373.5
1748211895190.0,5370.6,5373.6
1748211895412.0,5370.7,5373.7
1748211895865.0,5371.3,5374.3
1748211896394.0,5374.4,5377.4
1748211896617.0,5373.9,5376.9
1748211896843.0,5374.4,5377.4
1748211897067.0,5374.1,5377.1
1748211897296.0,5375.4,5378.4
1748211897518.0,5374.6,5377.6
1748211897706.0,5375.6,5378.6
1748211897967.0,5375.1,5378.1
1748211898259.0,5375.3,5378.3
1748211898659.0,5375.1,5378.1
1748211898883.0,5375.0,5378.0
1748211899108.0,5374.7,5377.7
1748211899335.0,5375.0,5378.0
1748211899661.0,5374.8,5377.8
1748211899884.0,5374.9,5377.9
1748211900111.0,5375.0,5378.0
1748211900463.0,5375.3,5378.3
1748211900686.0,5375.1,5378.1
1748211900911.0,5375.8,5378.8
1748211901138.0,5375.4,5378.4
1748211901362.0,5375.0,5378.0
1748211901586.0,5374.6,5377.6
1748211901809.0,5374.5,5377.5
1748211902262.0,5374.3,5377.3
1748211902483.0,5374.5,5377.5
1748211902976.0,5375.0,5378.0
1748211903198.0,5374.9,5377.9
1748211903638.0,5375.0,5378.0
1748211903863.0,5375.6,5378.6
1748211904258.0,5375.7,5378.7
1748211904479.0,5376.1,5379.1
1748211904704.0,5375.5,5378.5
1748211904929.0,5375.9,5378.9
1748211905300.0,5375.8,5378.8
1748211905522.0,5375.7,5378.7
1748211905748.0,5375.8,5378.8
1748211905975.0,5374.8,5377.8
1748211906197.0,5374.9,5377.9
1748211906425.0,5375.0,5378.0
1748211906651.0,5373.9,5376.9
1748211906872.0,5373.8,5376.8
1748211907098.0,5373.9,5376.9
1748211907325.0,5373.7,5376.7
1748211907677.0,5373.8,5376.8
1748211907901.0,5374.0,5377.0
1748211908126.0,5374.2,5377.2
1748211908351.0,5374.5,5377.5
1748211908575.0,5374.2,5377.2
1748211908800.0,5374.3,5377.3
1748211909026.0,5374.2,5377.2
1748211909252.0,5374.1,5377.1
1748211909597.0,5373.9,5376.9
1748211909820.0,5374.1,5377.1
1748211910046.0,5374.5,5377.5
1748211910272.0,5374.3,5377.3
1748211910792.0,5374.8,5377.8
1748211911019.0,5374.5,5377.5
1748211911242.0,5374.9,5377.9
1748211911706.0,5375.0,5378.0
1748211911928.0,5374.8,5377.8
1748211912154.0,5374.7,5377.7
1748211912617.0,5374.8,5377.8
1748211912846.0,5375.5,5378.5
1748211913070.0,5375.3,5378.3
1748211913292.0,5375.4,5378.4
1748211913617.0,5375.3,5378.3
1748211913842.0,5375.6,5378.6
1748211914067.0,5375.5,5378.5
1748211914294.0,5375.4,5378.4
1748211914518.0,5375.6,5378.6
1748211914943.0,5375.9,5378.9
1748211915170.0,5376.2,5379.2
1748211915395.0,5376.7,5379.7
1748211915619.0,5375.8,5378.8
1748211915845.0,5376.2,5379.2
1748211916069.0,5376.1,5379.1
1748211916346.0,5375.6,5378.6
1748211916570.0,5375.4,5378.4
1748211916946.0,5374.5,5377.5
1748211917310.0,5374.6,5377.6
1748211917535.0,5374.9,5377.9
1748211917760.0,5375.0,5378.0
1748211917986.0,5374.9,5377.9
1748211918210.0,5374.7,5377.7
1748211918433.0,5374.8,5377.8
1748211919227.0,5374.8,5377.8
1748211919454.0,5374.5,5377.5
1748211919676.0,5374.6,5377.6
1748211920000.0,5374.8,5377.8
1748211920473.0,5374.9,5377.9
1748211922668.0,5374.8,5377.8
1748211923599.0,5373.5,5376.5
1748211923822.0,5374.1,5377.1
1748211924044.0,5374.2,5377.2
1748211924271.0,5373.8,5376.8
1748211924593.0,5374.3,5377.3
1748211924819.0,5373.9,5376.9
1748211925475.0,5373.8,5376.8
1748211925962.0,5373.7,5376.7
1748211926185.0,5373.8,5376.8
1748211926751.0,5373.9,5376.9
1748211926976.0,5374.2,5377.2
1748211927424.0,5374.2,5377.2
1748211927651.0,5374.1,5377.1
1748211928443.0,5374.2,5377.2
1748211929136.0,5374.1,5377.1
1748211929359.0,5374.7,5377.7
1748211929736.0,5374.5,5377.5
1748211929959.0,5374.2,5377.2
1748211930185.0,5374.0,5377.0
1748211930439.0,5374.1,5377.1
1748211930664.0,5374.5,5377.5
1748211930888.0,5374.2,5377.2
1748211931118.0,5374.3,5377.3
1748211931341.0,5374.2,5377.2
1748211931567.0,5374.1,5377.1
1748211931793.0,5375.1,5378.1
1748211932210.0,5375.3,5378.3
1748211932607.0,5375.1,5378.1
1748211932890.0,5375.0,5378.0
1748211933116.0,5374.9,5377.9
1748211933612.0,5377.2,5380.2
1748211933834.0,5377.6,5380.6
1748211934251.0,5379.2,5382.2
1748211934471.0,5379.0,5382.0
1748211934695.0,5379.3,5382.3
1748211934921.0,5379.2,5382.2
1748211935147.0,5379.0,5382.0
1748211935374.0,5378.7,5381.7
1748211935597.0,5377.8,5380.8
1748211935821.0,5377.6,5380.6
1748211936047.0,5377.7,5380.7
1748211936271.0,5376.3,5379.3
1748211936649.0,5375.8,5378.8
1748211937049.0,5375.6,5378.6
1748211937449.0,5375.1,5378.1
1748211937673.0,5375.4,5378.4
1748211938160.0,5375.1,5378.1
1748211938861.0,5374.6,5377.6
1748211939599.0,5374.8,5377.8
1748211940424.0,5374.7,5377.7
1748211940649.0,5374.9,5377.9
1748211941244.0,5374.8,5377.8
1748211941924.0,5375.1,5378.1
1748211942147.0,5375.3,5378.3
1748211942527.0,5375.1,5378.1
1748211942927.0,5374.9,5377.9
1748211943152.0,5374.5,5377.5
1748211943529.0,5374.7,5377.7
1748211943926.0,5374.6,5377.6
1748211944152.0,5374.7,5377.7
1748211944380.0,5374.3,5377.3
1748211944601.0,5374.5,5377.5
1748211944828.0,5374.3,5377.3
1748211945052.0,5374.7,5377.7
1748211945276.0,5374.6,5377.6
1748211945956.0,5374.5,5377.5
1748211946175.0,5374.6,5377.6
1748211946607.0,5374.7,5377.7
1748211946832.0,5374.5,5377.5
1748211947210.0,5374.9,5377.9
1748211948559.0,5374.8,5377.8
1748211948785.0,5374.7,5377.7
1748211949008.0,5374.6,5377.6
1748211949355.0,5374.7,5377.7
1748211949579.0,5374.5,5377.5
1748211949949.0,5374.3,5377.3
1748211950348.0,5374.5,5377.5
1748211950749.0,5374.3,5377.3
1748211950973.0,5374.5,5377.5
1748211951920.0,5374.6,5377.6
1748211952368.0,5374.8,5377.8
1748211953344.0,5374.7,5377.7
1748211953568.0,5374.3,5377.3
1748211955050.0,5374.1,5377.1
1748211955272.0,5374.7,5377.7
1748211955495.0,5374.5,5377.5
1748211955759.0,5374.3,5377.3
1748211956494.0,5374.1,5377.1
1748211957710.0,5373.8,5376.8
1748211958136.0,5373.7,5376.7
1748211958360.0,5373.8,5376.8
1748211958731.0,5373.7,5376.7
1748211959024.0,5373.8,5376.8
1748211960129.0,5373.7,5376.7
1748211961111.0,5374.1,5377.1
1748211961941.0,5373.9,5376.9
1748211962164.0,5374.0,5377.0
1748211962388.0,5373.8,5376.8
1748211963273.0,5373.9,5376.9
1748211963497.0,5373.4,5376.4
1748211964165.0,5373.5,5376.5
1748211964410.0,5373.7,5376.7
1748211964634.0,5373.8,5376.8
1748211964861.0,5373.4,5376.4
1748211965086.0,5373.2,5376.2
1748211965478.0,5373.3,5376.3
1748211965876.0,5373.2,5376.2
1748211966104.0,5373.3,5376.3
1748211966329.0,5373.4,5376.4
1748211966554.0,5373.1,5376.1
1748211966778.0,5373.2,5376.2
1748211967003.0,5373.1,5376.1
1748211967227.0,5373.2,5376.2
1748211967453.0,5373.1,5376.1
1748211968417.0,5373.2,5376.2
1748211968645.0,5373.4,5376.4
1748211969018.0,5373.2,5376.2
1748211969380.0,5373.1,5376.1
1748211969605.0,5373.0,5376.0
1748211970145.0,5372.9,5375.9
1748211971521.0,5372.6,5375.6
1748211972068.0,5372.5,5375.5
1748211972483.0,5372.4,5375.4
1748211973106.0,5372.3,5375.3
1748211973330.0,5372.4,5375.4
1748211973663.0,5372.5,5375.5
1748211973889.0,5372.1,5375.1
1748211974306.0,5371.4,5374.4
1748211974527.0,5371.2,5374.2
1748211974751.0,5370.9,5373.9
1748211974979.0,5370.7,5373.7
1748211975206.0,5370.8,5373.8
1748211975427.0,5370.7,5373.7
1748211975654.0,5370.9,5373.9
1748211975878.0,5371.4,5374.4
1748211976105.0,5371.1,5374.1
1748211976870.0,5371.2,5374.2
1748211977265.0,5371.1,5374.1
1748211977696.0,5370.8,5373.8
1748211977920.0,5370.7,5373.7
1748211978793.0,5370.8,5373.8
1748211979017.0,5370.3,5373.3
1748211979266.0,5370.2,5373.2
1748211979492.0,5370.3,5373.3
1748211979717.0,5370.6,5373.6
1748211980151.0,5370.5,5373.5
1748211980589.0,5370.1,5373.1
1748211980811.0,5370.2,5373.2
1748211981037.0,5370.0,5373.0
1748211981261.0,5370.1,5373.1
1748211981488.0,5370.0,5373.0
1748211981924.0,5370.1,5373.1
1748211982146.0,5370.0,5373.0
1748211982373.0,5370.1,5373.1
1748211982596.0,5370.0,5373.0
1748211982824.0,5370.1,5373.1
1748211983380.0,5370.0,5373.0
1748211983601.0,5369.9,5372.9
1748211983828.0,5370.0,5373.0
1748211984494.0,5370.5,5373.5
1748211985388.0,5370.6,5373.6
1748211986589.0,5370.7,5373.7
1748211987989.0,5371.0,5374.0
1748211988237.0,5371.1,5374.1
1748211988464.0,5371.0,5374.0
1748211988689.0,5371.4,5374.4
1748211989225.0,5371.2,5374.2
1748211989624.0,5371.5,5374.5
1748211989849.0,5371.6,5374.6
1748211990347.0,5371.7,5374.7
1748211990852.0,5371.5,5374.5
1748211991074.0,5371.6,5374.6
1748211991574.0,5371.2,5374.2
1748211992328.0,5371.6,5374.6
1748211992572.0,5371.5,5374.5
1748211993429.0,5371.6,5374.6
1748211994157.0,5371.4,5374.4
1748211994648.0,5370.9,5373.9
1748211995122.0,5370.8,5373.8
1748211995487.0,5370.9,5373.9
1748211996686.0,5371.0,5374.0
1748211997151.0,5371.1,5374.1
1748211997548.0,5370.6,5373.6
1748211998359.0,5370.5,5373.5
1748211998808.0,5370.6,5373.6
1748211999432.0,5370.5,5373.5
1748212000061.0,5370.3,5373.3
1748212000284.0,5370.5,5373.5
1748212001125.0,5370.7,5373.7
1748212001345.0,5370.5,5373.5
1748212001571.0,5370.7,5373.7
1748212001795.0,5370.8,5373.8
1748212002021.0,5370.7,5373.7
1748212002977.0,5370.5,5373.5
1748212003200.0,5370.6,5373.6
1748212003784.0,5370.7,5373.7
1748212004006.0,5370.9,5373.9
1748212004458.0,5371.0,5374.0
1748212004923.0,5370.9,5373.9
1748212005148.0,5370.6,5373.6
1748212005570.0,5370.5,5373.5
1748212006215.0,5370.6,5373.6
1748212007003.0,5370.8,5373.8
1748212007221.0,5371.0,5374.0
1748212007936.0,5371.1,5374.1
1748212009018.0,5371.0,5374.0
1748212010983.0,5371.1,5374.1
1748212011210.0,5370.9,5373.9
1748212012600.0,5370.7,5373.7
1748212013240.0,5370.3,5373.3
1748212013873.0,5370.5,5373.5
1748212014650.0,5371.0,5374.0
1748212014871.0,5370.9,5373.9
1748212015263.0,5370.8,5373.8
1748212015487.0,5370.7,5373.7
1748212016022.0,5370.5,5373.5
1748212016646.0,5370.3,5373.3
1748212016974.0,5370.2,5373.2
1748212017373.0,5370.5,5373.5
1748212017598.0,5370.2,5373.2
1748212018891.0,5370.3,5373.3
1748212019228.0,5370.5,5373.5
1748212020394.0,5370.2,5373.2
1748212021200.0,5369.8,5372.8
1748212021600.0,5369.2,5372.2
1748212021823.0,5369.4,5372.4
1748212022048.0,5369.5,5372.5
1748212022273.0,5369.4,5372.4
1748212022498.0,5369.5,5372.5
1748212022875.0,5369.6,5372.6
1748212023103.0,5369.8,5372.8
1748212023327.0,5370.0,5373.0
1748212023550.0,5369.9,5372.9
1748212024686.0,5369.5,5372.5
1748212024910.0,5369.4,5372.4
1748212025133.0,5369.3,5372.3
1748212025660.0,5369.5,5372.5
1748212025885.0,5369.6,5372.6
1748212026109.0,5369.4,5372.4
1748212026335.0,5369.5,5372.5
1748212026558.0,5369.6,5372.6
1748212027391.0,5369.8,5372.8
1748212028041.0,5369.4,5372.4
1748212028865.0,5369.5,5372.5
1748212029089.0,5369.6,5372.6
1748212029311.0,5369.5,5372.5
1748212030776.0,5369.6,5372.6
1748212031465.0,5369.5,5372.5
1748212032787.0,5369.6,5372.6
1748212033010.0,5369.5,5372.5
1748212033939.0,5369.4,5372.4
1748212035112.0,5369.8,5372.8
1748212036687.0,5370.0,5373.0
1748212038439.0,5369.8,5372.8
1748212039515.0,5369.9,5372.9
1748212039737.0,5370.0,5373.0
1748212040907.0,5369.8,5372.8
1748212042235.0,5369.6,5372.6
1748212042851.0,5369.5,5372.5
1748212043713.0,5369.1,5372.1
1748212044117.0,5369.2,5372.2
1748212046962.0,5369.3,5372.3
1748212049230.0,5369.5,5372.5
1748212049591.0,5369.6,5372.6
1748212050496.0,5369.4,5372.4
1748212051543.0,5369.3,5372.3
1748212052198.0,5369.4,5372.4
1748212052422.0,5369.3,5372.3
1748212052849.0,5369.4,5372.4
1748212057825.0,5369.3,5372.3
1748212058226.0,5369.4,5372.4
1748212058713.0,5369.5,5372.5
1748212058934.0,5369.4,5372.4
1748212059415.0,5369.3,5372.3
1748212059637.0,5369.4,5372.4
1748212060372.0,5369.5,5372.5
1748212061178.0,5369.4,5372.4
1748212064702.0,5369.3,5372.3
1748212066903.0,5369.4,5372.4
1748212067497.0,5369.6,5372.6
1748212068167.0,5369.5,5372.5
1748212068392.0,5369.3,5372.3
1748212071052.0,5369.4,5372.4
1748212072459.0,5369.3,5372.3
1748212073560.0,5369.4,5372.4
1748212073858.0,5369.3,5372.3
1748212075454.0,5369.6,5372.6
1748212078435.0,5369.5,5372.5
1748212078659.0,5369.6,5372.6
1748212079762.0,5369.8,5372.8
1748212079986.0,5371.2,5374.2
1748212080211.0,5370.8,5373.8
1748212080435.0,5370.9,5373.9
1748212080664.0,5371.0,5374.0
1748212080886.0,5371.1,5374.1
1748212081240.0,5371.2,5374.2
1748212081836.0,5370.9,5373.9
1748212082277.0,5371.0,5374.0
1748212082497.0,5371.1,5374.1
1748212082723.0,5371.2,5374.2
1748212083443.0,5371.1,5374.1
1748212083668.0,5370.8,5373.8
1748212084271.0,5370.9,5373.9
1748212084494.0,5370.8,5373.8
1748212084800.0,5370.7,5373.7
1748212085024.0,5370.8,5373.8
1748212085248.0,5370.7,5373.7
1748212088042.0,5370.5,5373.5
1748212088908.0,5370.7,5373.7
1748212090276.0,5370.7,5373.7
1748212090502.0,5370.5,5373.5
1748212090723.0,5370.6,5373.6
1748212091059.0,5370.5,5373.5
1748212091690.0,5370.1,5373.1
1748212092426.0,5370.2,5373.2
1748212092650.0,5370.1,5373.1
1748212093877.0,5370.3,5373.3
1748212094098.0,5370.2,5373.2
1748212094324.0,5370.0,5373.0
1748212094904.0,5369.6,5372.6
1748212095238.0,5369.8,5372.8
1748212095461.0,5369.9,5372.9
1748212097249.0,5370.1,5373.1
1748212098242.0,5370.2,5373.2
1748212100984.0,5369.9,5372.9
1748212103820.0,5370.0,5373.0
1748212104527.0,5369.9,5372.9
1748212104752.0,5369.8,5372.8
1748212106096.0,5369.6,5372.6
1748212107120.0,5369.4,5372.4
1748212107767.0,5369.3,5372.3
1748212108166.0,5369.4,5372.4
1748212108645.0,5369.9,5372.9
1748212108869.0,5369.8,5372.8
1748212109095.0,5369.6,5372.6
1748212109798.0,5369.9,5372.9
1748212110099.0,5369.8,5372.8
1748212110746.0,5369.9,5372.9
1748212110969.0,5369.8,5372.8
1748212111193.0,5369.9,5372.9
1748212111419.0,5370.0,5373.0
1748212114422.0,5370.1,5373.1
1748212119320.0,5370.0,5373.0
1748212120151.0,5369.6,5372.6
1748212121949.0,5369.9,5372.9
1748212122979.0,5369.6,5372.6
1748212123835.0,5369.5,5372.5
1748212124058.0,5369.4,5372.4
1748212125367.0,5369.6,5372.6
1748212126164.0,5370.0,5373.0
1748212126387.0,5369.9,5372.9
1748212126613.0,5370.1,5373.1
1748212127044.0,5370.0,5373.0
1748212127272.0,5370.1,5373.1
1748212129069.0,5370.0,5373.0
1748212130206.0,5369.9,5372.9
1748212132305.0,5370.0,5373.0
1748212132527.0,5369.9,5372.9
1748212133291.0,5370.3,5373.3
1748212134107.0,5370.1,5373.1
1748212135295.0,5370.0,5373.0
1748212135687.0,5370.1,5373.1
1748212137224.0,5370.6,5373.6
1748212138923.0,5370.5,5373.5
1748212139498.0,5370.6,5373.6
1748212139721.0,5370.7,5373.7
1748212141611.0,5370.2,5373.2
1748212142121.0,5370.3,5373.3
1748212142523.0,5370.6,5373.6
1748212147046.0,5370.5,5373.5
1748212148223.0,5370.1,5373.1
1748212149025.0,5370.0,5373.0
1748212150954.0,5370.1,5373.1
1748212151188.0,5370.0,5373.0
1748212152111.0,5370.1,5373.1
1748212154340.0,5370.0,5373.0
1748212158612.0,5370.3,5373.3
1748212159109.0,5370.2,5373.2
1748212159334.0,5370.0,5373.0
1748212161303.0,5369.8,5372.8
1748212161785.0,5369.9,5372.9
1748212162689.0,5369.8,5372.8
1748212163216.0,5369.9,5372.9
1748212163623.0,5370.2,5373.2
1748212163845.0,5370.1,5373.1
1748212164630.0,5370.0,5373.0
1748212170498.0,5370.1,5373.1
1748212172149.0,5370.0,5373.0
1748212172948.0,5370.1,5373.1
1748212173264.0,5370.0,5373.0
1748212173489.0,5370.6,5373.6
1748212173904.0,5370.5,5373.5
1748212174773.0,5370.2,5373.2
1748212176851.0,5370.5,5373.5
1748212177312.0,5370.3,5373.3
1748212183472.0,5370.5,5373.5
1748212183696.0,5370.6,5373.6
1748212184777.0,5370.7,5373.7
1748212184999.0,5371.1,5374.1
1748212185657.0,5371.4,5374.4
1748212186761.0,5371.7,5374.7
1748212186981.0,5371.9,5374.9
1748212187238.0,5371.8,5374.8
1748212187461.0,5371.7,5374.7
1748212187842.0,5371.6,5374.6
1748212188708.0,5371.7,5374.7
1748212189111.0,5371.8,5374.8
1748212189335.0,5372.2,5375.2
1748212189557.0,5372.3,5375.3
1748212191241.0,5372.1,5375.1
1748212191665.0,5371.9,5374.9
1748212191888.0,5371.8,5374.8
1748212192270.0,5371.9,5374.9
1748212193138.0,5372.1,5375.1
1748212193360.0,5372.4,5375.4
1748212193582.0,5372.5,5375.5
1748212193808.0,5372.4,5375.4
1748212194374.0,5372.3,5375.3
1748212194862.0,5372.2,5375.2
1748212195433.0,5372.3,5375.3
1748212195828.0,5372.4,5375.4
1748212196233.0,5372.6,5375.6
1748212196847.0,5372.5,5375.5
1748212197070.0,5372.4,5375.4
1748212197973.0,5372.5,5375.5
1748212199052.0,5372.9,5375.9
1748212199281.0,5372.7,5375.7
1748212199505.0,5372.6,5375.6
1748212199731.0,5372.9,5375.9
1748212200102.0,5372.7,5375.7
1748212200327.0,5372.9,5375.9
1748212200551.0,5372.7,5375.7
1748212200776.0,5372.9,5375.9
1748212201002.0,5372.7,5375.7
1748212201226.0,5373.0,5376.0
1748212201456.0,5373.3,5376.3
1748212201942.0,5373.2,5376.2
1748212202170.0,5372.5,5375.5
1748212202394.0,5372.4,5375.4
1748212202619.0,5372.6,5375.6
1748212202842.0,5372.5,5375.5
1748212204008.0,5372.9,5375.9
1748212204231.0,5372.7,5375.7
1748212204456.0,5372.6,5375.6
1748212205386.0,5372.5,5375.5
1748212205741.0,5372.6,5375.6
1748212207267.0,5372.5,5375.5
1748212207490.0,5371.9,5374.9
1748212207712.0,5372.1,5375.1
1748212207939.0,5372.4,5375.4
1748212208426.0,5372.5,5375.5
1748212208649.0,5372.6,5375.6
1748212208873.0,5372.5,5375.5
1748212209099.0,5372.4,5375.4
1748212209324.0,5372.2,5375.2
1748212209779.0,5372.1,5375.1
1748212210000.0,5371.9,5374.9
1748212210226.0,5371.8,5374.8
1748212210588.0,5371.9,5374.9
1748212210813.0,5371.5,5374.5
1748212211371.0,5371.4,5374.4
1748212211595.0,5371.1,5374.1
1748212212264.0,5371.0,5374.0
1748212212489.0,5370.9,5373.9
1748212212740.0,5371.0,5374.0
1748212212965.0,5371.2,5374.2
1748212213191.0,5371.1,5374.1
1748212213414.0,5371.2,5374.2
1748212213775.0,5371.1,5374.1
1748212213999.0,5371.2,5374.2
1748212214228.0,5371.4,5374.4
1748212214450.0,5371.5,5374.5
1748212214992.0,5371.1,5374.1
1748212215412.0,5371.0,5374.0
1748212215637.0,5370.9,5373.9
1748212217170.0,5370.8,5373.8
1748212217392.0,5370.9,5373.9
1748212217618.0,5370.8,5373.8
1748212217842.0,5370.7,5373.7
1748212218260.0,5370.6,5373.6
1748212218488.0,5370.7,5373.7
1748212218708.0,5370.8,5373.8
1748212218935.0,5370.6,5373.6
1748212219763.0,5370.5,5373.5
1748212219987.0,5370.2,5373.2
1748212220210.0,5370.3,5373.3
1748212220870.0,5370.2,5373.2
1748212221269.0,5370.1,5373.1
1748212222133.0,5370.0,5373.0
1748212222736.0,5369.9,5372.9
1748212222959.0,5369.8,5372.8
1748212223400.0,5369.9,5372.9
1748212223623.0,5370.0,5373.0
1748212223850.0,5369.9,5372.9
1748212224072.0,5369.8,5372.8
1748212225144.0,5369.9,5372.9
1748212225716.0,5370.0,5373.0
1748212227195.0,5369.8,5372.8
1748212227416.0,5369.9,5372.9
1748212227911.0,5370.3,5373.3
1748212228133.0,5370.0,5373.0
1748212228581.0,5370.0,5373.0
1748212228808.0,5370.1,5373.1
1748212230735.0,5370.0,5373.0
1748212232735.0,5369.9,5372.9
1748212233135.0,5369.3,5372.3
1748212234237.0,5369.6,5372.6
1748212234728.0,5369.5,5372.5
1748212235131.0,5369.6,5372.6
1748212237038.0,5369.8,5372.8
1748212240024.0,5369.6,5372.6
1748212240244.0,5369.5,5372.5
1748212241681.0,5369.6,5372.6
1748212242532.0,5369.8,5372.8
1748212242755.0,5369.9,5372.9
1748212242979.0,5369.8,5372.8
1748212243205.0,5369.9,5372.9
1748212243432.0,5370.1,5373.1
1748212243657.0,5370.0,5373.0
1748212245343.0,5370.1,5373.1
1748212245937.0,5370.0,5373.0
1748212246161.0,5370.1,5373.1
1748212246933.0,5370.0,5373.0
1748212248234.0,5369.8,5372.8
1748212252481.0,5369.9,5372.9
1748212254815.0,5369.8,5372.8
1748212256763.0,5369.6,5372.6
1748212258483.0,5369.5,5372.5
1748212258705.0,5369.6,5372.6
1748212260270.0,5369.8,5372.8
1748212261538.0,5369.9,5372.9
1748212261758.0,5369.6,5372.6
1748212262412.0,5369.5,5372.5
1748212262636.0,5369.1,5372.1
1748212264466.0,5368.6,5371.6
1748212264683.0,5368.5,5371.5
1748212264906.0,5368.6,5371.6
1748212265970.0,5368.5,5371.5
1748212266394.0,5368.6,5371.6
1748212266797.0,5368.4,5371.4
1748212267200.0,5368.2,5371.2
1748212268077.0,5368.0,5371.0
1748212268585.0,5368.2,5371.2
1748212268810.0,5368.3,5371.3
1748212269234.0,5368.2,5371.2
1748212269460.0,5368.3,5371.3
1748212270612.0,5368.4,5371.4
1748212273861.0,5368.5,5371.5
1748212274260.0,5368.8,5371.8
1748212274485.0,5368.6,5371.6
1748212274858.0,5368.5,5371.5
1748212275311.0,5368.4,5371.4
1748212275533.0,5368.5,5371.5
1748212276993.0,5367.9,5370.9
1748212277553.0,5368.0,5371.0
1748212278019.0,5367.9,5370.9
1748212278927.0,5367.6,5370.6
1748212279430.0,5367.7,5370.7
1748212279655.0,5367.6,5370.6
1748212279880.0,5367.5,5370.5
1748212280107.0,5367.6,5370.6
1748212280330.0,5367.5,5370.5
1748212280555.0,5367.6,5370.6
1748212281994.0,5367.5,5370.5
1748212282217.0,5367.7,5370.7
1748212282666.0,5367.6,5370.6
1748212282991.0,5367.8,5370.8
1748212283218.0,5367.7,5370.7
1748212283443.0,5367.6,5370.6
1748212283669.0,5367.5,5370.5
1748212283896.0,5367.4,5370.4
1748212284669.0,5367.5,5370.5
1748212284892.0,5367.6,5370.6
1748212285896.0,5367.7,5370.7
1748212287244.0,5367.6,5370.6
1748212288971.0,5367.7,5370.7
1748212289194.0,5367.6,5370.6
1748212289419.0,5367.5,5370.5
1748212289645.0,5367.7,5370.7
1748212290745.0,5367.6,5370.6
1748212290985.0,5367.5,5370.5
1748212291212.0,5367.4,5370.4
1748212292710.0,5367.6,5370.6
1748212292933.0,5367.7,5370.7
1748212294424.0,5367.5,5370.5
1748212294645.0,5367.4,5370.4
1748212295347.0,5367.1,5370.1
1748212295593.0,5367.2,5370.2
1748212295819.0,5367.0,5370.0
1748212297273.0,5367.1,5370.1
1748212297673.0,5367.0,5370.0
1748212298456.0,5366.9,5369.9
1748212298679.0,5367.0,5370.0
1748212298904.0,5367.1,5370.1
1748212299128.0,5367.2,5370.2
1748212299608.0,5367.1,5370.1
1748212300466.0,5367.2,5370.2
1748212300690.0,5367.4,5370.4
1748212300914.0,5367.2,5370.2
1748212301477.0,5367.4,5370.4
1748212301702.0,5367.5,5370.5
1748212302251.0,5367.6,5370.6
1748212302771.0,5367.8,5370.8
1748212303568.0,5367.7,5370.7
1748212303792.0,5367.4,5370.4
1748212304016.0,5367.6,5370.6
1748212305486.0,5368.3,5371.3
1748212305708.0,5368.4,5371.4
1748212305931.0,5368.5,5371.5
1748212306372.0,5368.4,5371.4
1748212307309.0,5368.2,5371.2
1748212307873.0,5368.4,5371.4
1748212308098.0,5368.3,5371.3
1748212308824.0,5368.2,5371.2
1748212310617.0,5368.4,5371.4
1748212312826.0,5368.3,5371.3
1748212313992.0,5368.2,5371.2
1748212314598.0,5368.3,5371.3
1748212317368.0,5368.4,5371.4
1748212318111.0,5368.2,5371.2
1748212321842.0,5367.1,5370.1
1748212322064.0,5367.5,5370.5
1748212322288.0,5367.2,5370.2
1748212322513.0,5367.4,5370.4
1748212322739.0,5367.5,5370.5
1748212322961.0,5367.4,5370.4
1748212323250.0,5367.5,5370.5
1748212324285.0,5367.7,5370.7
1748212326732.0,5367.9,5370.9
1748212327735.0,5367.7,5370.7
1748212330337.0,5367.8,5370.8
1748212330760.0,5367.7,5370.7
1748212332286.0,5367.8,5370.8
1748212335557.0,5367.7,5370.7
1748212337239.0,5367.5,5370.5
1748212337516.0,5367.4,5370.4
1748212338529.0,5367.2,5370.2
1748212340202.0,5367.0,5370.0
1748212341272.0,5366.8,5369.8
1748212341492.0,5366.7,5369.7
1748212342023.0,5366.8,5369.8
1748212342247.0,5366.7,5369.7
1748212343337.0,5366.6,5369.6
1748212344478.0,5366.4,5369.4
1748212344700.0,5366.3,5369.3
1748212344924.0,5366.4,5369.4
1748212346262.0,5366.3,5369.3
1748212347242.0,5366.6,5369.6
1748212351075.0,5366.3,5369.3
1748212351491.0,5366.4,5369.4
1748212352047.0,5366.6,5369.6
1748212352272.0,5366.3,5369.3
1748212355614.0,5366.1,5369.1
1748212356861.0,5365.9,5368.9
1748212357293.0,5366.0,5369.0
1748212357517.0,5366.3,5369.3
1748212357741.0,5366.1,5369.1
1748212357967.0,5366.0,5369.0
1748212358429.0,5365.9,5368.9
1748212359033.0,5366.0,5369.0
1748212359255.0,5366.1,5369.1
1748212360321.0,5366.3,5369.3
1748212363645.0,5366.2,5369.2
1748212364049.0,5366.3,5369.3
1748212364793.0,5366.1,5369.1
1748212365779.0,5366.0,5369.0
1748212366821.0,5366.1,5369.1
1748212367219.0,5366.0,5369.0
1748212368426.0,5365.9,5368.9
1748212368827.0,5366.1,5369.1
1748212371600.0,5365.9,5368.9
1748212373355.0,5366.0,5369.0
1748212373577.0,5365.9,5368.9
1748212373802.0,5366.0,5369.0
1748212374061.0,5366.1,5369.1
1748212375369.0,5365.8,5368.8
1748212375588.0,5365.9,5368.9
1748212376487.0,5365.6,5368.6
1748212377949.0,5365.8,5368.8
1748212378176.0,5365.9,5368.9
1748212380558.0,5366.1,5369.1
1748212381002.0,5366.3,5369.3
1748212381650.0,5366.4,5369.4
1748212381872.0,5366.6,5369.6
1748212382489.0,5366.4,5369.4
1748212382712.0,5366.6,5369.6
1748212383660.0,5366.7,5369.7
1748212384036.0,5366.8,5369.8
1748212384666.0,5366.9,5369.9
1748212385018.0,5366.8,5369.8
1748212385243.0,5366.6,5369.6
1748212385467.0,5366.7,5369.7
1748212386600.0,5366.1,5369.1
1748212386820.0,5366.2,5369.2
1748212387596.0,5366.3,5369.3
1748212389530.0,5366.6,5369.6
1748212390689.0,5366.2,5369.2
1748212390911.0,5366.1,5369.1
1748212391393.0,5366.0,5369.0
1748212391617.0,5365.8,5368.8
1748212391840.0,5365.6,5368.6
1748212395005.0,5365.4,5368.4
1748212395639.0,5365.5,5368.5
1748212395863.0,5365.6,5368.6
1748212400213.0,5365.5,5368.5
1748212400726.0,5365.6,5368.6
1748212401128.0,5365.4,5368.4
1748212401696.0,5365.3,5368.3
1748212401918.0,5365.1,5368.1
1748212402292.0,5365.2,5368.2
1748212402590.0,5365.1,5368.1
1748212402815.0,5365.2,5368.2
1748212403538.0,5365.1,5368.1
1748212404467.0,5365.2,5368.2
1748212404867.0,5365.0,5368.0
1748212405656.0,5365.1,5368.1
1748212405877.0,5365.3,5368.3
1748212406728.0,5365.4,5368.4
1748212408122.0,5365.5,5368.5
1748212408342.0,5365.4,5368.4
1748212409151.0,5365.5,5368.5
1748212410008.0,5365.6,5368.6
1748212411298.0,5365.5,5368.5
1748212411520.0,5365.6,5368.6
1748212416865.0,5365.8,5368.8
1748212417297.0,5365.6,5368.6
1748212419000.0,5365.8,5368.8
1748212419665.0,5365.6,5368.6
1748212419889.0,5365.4,5368.4
1748212421194.0,5365.5,5368.5
1748212421904.0,5365.6,5368.6
1748212423016.0,5365.5,5368.5
1748212423830.0,5365.4,5368.4
1748212424056.0,5365.6,5368.6
1748212424280.0,5365.9,5368.9
1748212425168.0,5365.8,5368.8
1748212425393.0,5365.9,5368.9
1748212426810.0,5365.5,5368.5
1748212427032.0,5365.6,5368.6
1748212427650.0,5365.5,5368.5
1748212427871.0,5365.4,5368.4
1748212429966.0,5365.5,5368.5
1748212430188.0,5365.1,5368.1
1748212431303.0,5365.2,5368.2
1748212432833.0,5365.1,5368.1
1748212433301.0,5364.8,5367.8
1748212433701.0,5365.0,5368.0
1748212434136.0,5365.1,5368.1
1748212434465.0,5365.0,5368.0
1748212436813.0,5364.5,5367.5
1748212437465.0,5364.6,5367.6
1748212438344.0,5364.5,5367.5
1748212439499.0,5364.7,5367.7
1748212439721.0,5364.6,5367.6
1748212439945.0,5364.5,5367.5
1748212442413.0,5364.4,5367.4
1748212443237.0,5364.3,5367.3
1748212444068.0,5364.1,5367.1
1748212444290.0,5364.3,5367.3
1748212444516.0,5364.5,5367.5
1748212444740.0,5364.7,5367.7
1748212444967.0,5364.8,5367.8
1748212445189.0,5365.0,5368.0
1748212445417.0,5365.3,5368.3
1748212445640.0,5365.4,5368.4
1748212446027.0,5365.3,5368.3
1748212447167.0,5365.2,5368.2
1748212449717.0,5365.4,5368.4
1748212450178.0,5365.3,5368.3
1748212452743.0,5365.4,5368.4
1748212453145.0,5365.2,5368.2
1748212454234.0,5364.3,5367.3
1748212455310.0,5364.0,5367.0
1748212455531.0,5363.8,5366.8
1748212458298.0,5363.9,5366.9
1748212460140.0,5364.0,5367.0
1748212462571.0,5363.9,5366.9
1748212462938.0,5364.0,5367.0
1748212464531.0,5363.8,5366.8
1748212465511.0,5363.9,5366.9
1748212465926.0,5363.8,5366.8
1748212469432.0,5363.6,5366.6
1748212471314.0,5363.7,5366.7
1748212472365.0,5363.6,5366.6
1748212472589.0,5363.5,5366.5
1748212473286.0,5363.6,5366.6
1748212474120.0,5363.7,5366.7
1748212474345.0,5363.8,5366.8
1748212478468.0,5363.9,5366.9
1748212479463.0,5363.8,5366.8
1748212479860.0,5363.6,5366.6
1748212482341.0,5363.5,5366.5
1748212484265.0,5363.6,5366.6
1748212485323.0,5363.7,5366.7
1748212486096.0,5363.6,5366.6
1748212487085.0,5363.8,5366.8
1748212487795.0,5363.7,5366.7
1748212488018.0,5363.8,5366.8
1748212489023.0,5363.5,5366.5
1748212489242.0,5363.3,5366.3
1748212496282.0,5363.2,5366.2
1748212496504.0,5363.3,5366.3
1748212498879.0,5363.1,5366.1
1748212502404.0,5363.2,5366.2
1748212502629.0,5363.1,5366.1
1748212504337.0,5362.4,5365.4
1748212506022.0,5362.7,5365.7
1748212506889.0,5362.9,5365.9
1748212509563.0,5362.7,5365.7
1748212509783.0,5362.5,5365.5
1748212510315.0,5362.7,5365.7
1748212510538.0,5362.5,5365.5
1748212513033.0,5362.4,5365.4
1748212513253.0,5362.5,5365.5
1748212514064.0,5362.7,5365.7
1748212515196.0,5362.5,5365.5
1748212515495.0,5362.7,5365.7
1748212517015.0,5362.9,5365.9
1748212523243.0,5363.3,5366.3
1748212523637.0,5363.1,5366.1
1748212523861.0,5363.0,5366.0
1748212524086.0,5363.1,5366.1
1748212524860.0,5363.2,5366.2
1748212525331.0,5363.5,5366.5
1748212525870.0,5363.6,5366.6
1748212526953.0,5363.5,5366.5
1748212527177.0,5363.3,5366.3
1748212528118.0,5363.2,5366.2
1748212528341.0,5363.1,5366.1
1748212529423.0,5363.0,5366.0
1748212529647.0,5363.1,5366.1
1748212531127.0,5363.7,5366.7
1748212531522.0,5363.6,5366.6
1748212532020.0,5363.7,5366.7
1748212533434.0,5363.6,5366.6
1748212533826.0,5363.5,5366.5
1748212534053.0,5363.6,5366.6
1748212534276.0,5363.5,5366.5
1748212534501.0,5363.6,5366.6
1748212536292.0,5363.5,5366.5
1748212536516.0,5363.3,5366.3
1748212536745.0,5363.9,5366.9
1748212536969.0,5364.3,5367.3
1748212537508.0,5363.8,5366.8
1748212538058.0,5363.9,5366.9
1748212538335.0,5363.8,5366.8
1748212540148.0,5364.0,5367.0
1748212541015.0,5364.1,5367.1
1748212542133.0,5364.0,5367.0
1748212545941.0,5363.9,5366.9
1748212546714.0,5363.8,5366.8
1748212550389.0,5363.6,5366.6
1748212550864.0,5363.5,5366.5
1748212551183.0,5363.6,5366.6
1748212559761.0,5363.5,5366.5
1748212559981.0,5363.3,5366.3
1748212563996.0,5363.1,5366.1
1748212566238.0,5363.3,5366.3
1748212570618.0,5362.8,5365.8
1748212571089.0,5362.7,5365.7
1748212578416.0,5362.8,5365.8
1748212580797.0,5362.7,5365.7
1748212587693.0,5362.5,5365.5
1748212587917.0,5362.4,5365.4
1748212588437.0,5362.7,5365.7
1748212590579.0,5363.5,5366.5
1748212590797.0,5363.2,5366.2
1748212592932.0,5363.1,5366.1
1748212596481.0,5362.9,5365.9
1748212598334.0,5363.1,5366.1
1748212598554.0,5363.2,5366.2
1748212598779.0,5363.3,5366.3
1748212600896.0,5363.6,5366.6
1748212607015.0,5363.3,5366.3
1748212609754.0,5363.2,5366.2
1748212611255.0,5363.3,5366.3
1748212617078.0,5363.1,5366.1
1748212618648.0,5363.3,5366.3
1748212619725.0,5364.3,5367.3
1748212622530.0,5363.9,5366.9
1748212623356.0,5364.0,5367.0
1748212623577.0,5363.9,5366.9
1748212624010.0,5363.8,5366.8
1748212625716.0,5363.7,5366.7
1748212633147.0,5363.8,5366.8
1748212633545.0,5363.7,5366.7
1748212635196.0,5363.5,5366.5
1748212638677.0,5363.4,5366.4
1748212639872.0,5363.3,5366.3
1748212641162.0,5363.2,5366.2
1748212642003.0,5363.4,5366.4
1748212642505.0,5363.2,5366.2
1748212643088.0,5363.0,5366.0
1748212644154.0,5362.7,5365.7
1748212645800.0,5362.9,5365.9
1748212646022.0,5362.7,5365.7
1748212646561.0,5362.9,5365.9
1748212647314.0,5362.7,5365.7
1748212649149.0,5362.9,5365.9
1748212649372.0,5362.7,5365.7
1748212656503.0,5362.6,5365.6
1748212656725.0,5362.7,5365.7
1748212658468.0,5363.0,5366.0
1748212664827.0,5362.7,5365.7
1748212665874.0,5362.5,5365.5
1748212666880.0,5362.3,5365.3
1748212672813.0,5363.0,5366.0
1748212673436.0,5362.9,5365.9
1748212673663.0,5362.6,5365.6
1748212674273.0,5362.7,5365.7
1748212675281.0,5362.6,5365.6
1748212675833.0,5362.5,5365.5
1748212676695.0,5362.3,5365.3
1748212676917.0,5362.4,5365.4
1748212677141.0,5362.3,5365.3
1748212677493.0,5362.5,5365.5
1748212678098.0,5362.7,5365.7
1748212679357.0,5362.9,5365.9
1748212679758.0,5362.7,5365.7
1748212680440.0,5362.6,5365.6
1748212681252.0,5362.5,5365.5
1748212683302.0,5362.4,5365.4
1748212684523.0,5362.5,5365.5
1748212685068.0,5362.7,5365.7
1748212685921.0,5362.6,5365.6
1748212686143.0,5362.5,5365.5
1748212686852.0,5362.6,5365.6
1748212687075.0,5362.5,5365.5
1748212688301.0,5362.5,5365.5
1748212688528.0,5362.6,5365.6
1748212690456.0,5362.7,5365.7
1748212695627.0,5362.6,5365.6
1748212696130.0,5362.5,5365.5
1748212698048.0,5363.0,5366.0
1748212706644.0,5362.7,5365.7
1748212707984.0,5363.0,5366.0
1748212708474.0,5363.1,5366.1
1748212708698.0,5363.0,5366.0
1748212711129.0,5362.7,5365.7
