1747749490006.0,0.83351,0.83366
1747749492953.0,0.83352,0.83367
1747749493202.0,0.83354,0.83369
1747749496062.0,0.83352,0.83367
1747749496311.0,0.83354,0.83369
1747749496437.0,0.83353,0.83368
1747749497392.0,0.83353,0.83368
1747749497685.0,0.83354,0.83369
1747749497935.0,0.83355,0.8337
1747749498847.0,0.83354,0.83369
1747749499241.0,0.83352,0.83367
1747749500227.0,0.83351,0.83366
1747749503139.0,0.83347,0.83371
1747749503383.0,0.83349,0.83373
1747749503632.0,0.83348,0.83372
1747749508075.0,0.83347,0.83371
1747749512969.0,0.83349,0.83373
1747749513340.0,0.83348,0.83372
1747749513590.0,0.83347,0.83371
1747749515376.0,0.83346,0.8337
1747749516390.0,0.83346,0.8337
1747749517095.0,0.83348,0.83372
1747749517224.0,0.83347,0.83371
1747749517676.0,0.83349,0.83373
1747749517921.0,0.83349,0.83373
1747749518048.0,0.83348,0.83372
1747749519841.0,0.83351,0.83375
1747749520495.0,0.83358,0.83382
1747749520745.0,0.83359,0.83383
1747749520870.0,0.83358,0.83382
1747749521245.0,0.83357,0.83381
1747749521507.0,0.83358,0.83382
1747749521619.0,0.8336,0.83384
1747749522363.0,0.83363,0.83387
1747749523621.0,0.83362,0.83386
1747749524249.0,0.83358,0.83382
1747749524373.0,0.83357,0.83381
1747749526125.0,0.83358,0.83382
1747749528585.0,0.83357,0.83381
1747749529907.0,0.83359,0.83383
1747749530172.0,0.83358,0.83382
1747749530298.0,0.83356,0.8338
1747749531229.0,0.83357,0.83381
1747749532080.0,0.83356,0.8338
1747749534186.0,0.83357,0.83381
1747749534430.0,0.83357,0.83381
1747749534830.0,0.83358,0.83382
1747749534955.0,0.83356,0.8338
1747749535340.0,0.83357,0.83381
1747749535467.0,0.83358,0.83382
1747749536453.0,0.83356,0.8338
1747749538277.0,0.83357,0.83381
1747749538527.0,0.83357,0.83381
1747749538776.0,0.83359,0.83383
1747749539683.0,0.8336,0.83384
1747749539815.0,0.83361,0.83385
1747749541968.0,0.8336,0.83384
1747749542342.0,0.8336,0.83384
1747749542593.0,0.8336,0.83384
1747749543410.0,0.83359,0.83383
1747749543665.0,0.8336,0.83384
1747749546369.0,0.83361,0.83385
1747749546494.0,0.8336,0.83384
1747749547000.0,0.83364,0.83388
1747749547369.0,0.83363,0.83387
1747749549413.0,0.83364,0.83388
1747749549661.0,0.83367,0.83382
1747749549782.0,0.83366,0.83381
1747749549909.0,0.83365,0.8338
1747749551040.0,0.83365,0.8338
1747749551419.0,0.83367,0.83382
1747749552327.0,0.83366,0.83381
1747749552458.0,0.83364,0.83379
1747749555145.0,0.83362,0.83377
1747749555270.0,0.83364,0.83379
1747749556984.0,0.83368,0.83383
1747749558667.0,0.83366,0.83381
1747749558791.0,0.83363,0.83378
1747749559968.0,0.83364,0.83379
1747749560218.0,0.83364,0.83379
1747749560342.0,0.83368,0.83383
1747749560591.0,0.83363,0.83387
1747749561859.0,0.8336,0.83384
1747749562875.0,0.83359,0.83383
1747749563879.0,0.8336,0.83384
1747749564130.0,0.83358,0.83382
1747749564251.0,0.83357,0.83381
1747749564630.0,0.8336,0.83384
1747749564753.0,0.83359,0.83383
1747749566261.0,0.83357,0.83381
1747749567356.0,0.83358,0.83382
1747749567602.0,0.83357,0.83381
1747749569701.0,0.83358,0.83382
1747749570086.0,0.83357,0.83381
1747749570198.0,0.83358,0.83382
1747749570820.0,0.83358,0.83382
1747749572744.0,0.83359,0.83383
1747749573119.0,0.83363,0.83387
1747749575478.0,0.83364,0.83388
1747749575600.0,0.83366,0.8339
1747749576101.0,0.83367,0.83391
1747749576659.0,0.83366,0.8339
1747749581666.0,0.83365,0.83389
1747749581916.0,0.83362,0.83386
1747749582941.0,0.83363,0.83387
1747749585278.0,0.83362,0.83386
1747749587091.0,0.83361,0.83385
1747749587210.0,0.8336,0.83384
1747749587851.0,0.83361,0.83385
1747749590149.0,0.83362,0.83386
1747749591146.0,0.83362,0.83386
1747749591396.0,0.83361,0.83385
1747749591646.0,0.8336,0.83384
1747749594464.0,0.83362,0.83386
1747749597162.0,0.83363,0.83387
1747749597286.0,0.83362,0.83386
1747749600072.0,0.83361,0.83385
1747749600698.0,0.83356,0.8338
1747749600822.0,0.83354,0.83378
1747749601198.0,0.83359,0.83374
1747749602570.0,0.83358,0.83373
1747749602832.0,0.83359,0.83374
1747749603430.0,0.83358,0.83373
1747749603549.0,0.83359,0.83374
1747749603927.0,0.83356,0.83371
1747749604191.0,0.83357,0.83372
1747749605468.0,0.8336,0.83375
1747749606148.0,0.83359,0.83374
1747749608446.0,0.8336,0.83375
1747749611343.0,0.83358,0.83373
1747749613445.0,0.83359,0.83374
1747749615364.0,0.83358,0.83373
1747749616377.0,0.83359,0.83374
1747749616498.0,0.83362,0.83377
1747749617095.0,0.83361,0.83376
1747749618879.0,0.8336,0.83375
1747749619376.0,0.83359,0.83374
1747749620672.0,0.83355,0.8337
1747749621120.0,0.83352,0.83367
1747749621463.0,0.83353,0.83368
1747749621712.0,0.83351,0.83366
1747749622312.0,0.8335,0.83365
1747749622445.0,0.83351,0.83366
1747749623134.0,0.8335,0.83365
1747749624026.0,0.83349,0.83364
1747749624808.0,0.83351,0.83366
1747749625746.0,0.83349,0.83364
1747749626122.0,0.83347,0.83362
1747749626373.0,0.83347,0.83362
1747749627411.0,0.83346,0.83361
1747749627787.0,0.83348,0.83363
1747749628432.0,0.83347,0.83362
1747749628681.0,0.83348,0.83363
1747749629133.0,0.8335,0.83365
1747749630213.0,0.83348,0.83363
1747749632351.0,0.83349,0.83364
1747749632651.0,0.83348,0.83363
1747749632897.0,0.8335,0.83365
1747749633001.0,0.83348,0.83363
1747749636116.0,0.83347,0.83362
1747749636464.0,0.83345,0.8336
1747749637190.0,0.83348,0.83363
1747749637439.0,0.83347,0.83362
1747749637846.0,0.83348,0.83363
1747749637970.0,0.83339,0.83354
1747749639736.0,0.83337,0.83352
1747749643577.0,0.83336,0.83351
1747749643715.0,0.83331,0.83355
1747749644630.0,0.8333,0.83354
1747749644880.0,0.83327,0.83351
1747749645209.0,0.83325,0.83349
1747749645335.0,0.83328,0.83352
1747749646184.0,0.83322,0.83346
1747749646558.0,0.83322,0.83346
1747749647888.0,0.83319,0.83343
1747749648278.0,0.83318,0.83342
1747749649291.0,0.83314,0.83338
1747749654201.0,0.83318,0.83333
1747749654324.0,0.83319,0.83334
1747749654697.0,0.83321,0.83336
1747749654945.0,0.83322,0.83337
1747749655301.0,0.83321,0.83336
1747749655741.0,0.83319,0.83334
1747749657915.0,0.83319,0.83334
1747749658472.0,0.8332,0.83335
1747749659451.0,0.83319,0.83334
1747749661230.0,0.83321,0.83336
1747749661478.0,0.83322,0.83337
1747749661945.0,0.8332,0.83335
1747749662362.0,0.83321,0.83336
1747749662501.0,0.8332,0.83335
1747749662862.0,0.83322,0.83337
1747749663806.0,0.83321,0.83336
1747749664169.0,0.83319,0.83334
1747749665282.0,0.83312,0.83336
1747749665533.0,0.83307,0.83331
1747749666325.0,0.83307,0.83331
1747749667095.0,0.8331,0.83334
1747749667221.0,0.83306,0.8333
1747749667469.0,0.83307,0.83331
1747749667593.0,0.83308,0.83332
1747749668675.0,0.83307,0.83331
1747749669051.0,0.83308,0.83332
1747749670357.0,0.83308,0.83332
1747749671915.0,0.8331,0.83334
1747749672826.0,0.83311,0.83335
1747749672952.0,0.83314,0.83338
1747749675793.0,0.83315,0.83339
1747749676036.0,0.83319,0.83343
1747749679581.0,0.83318,0.83342
1747749683054.0,0.83315,0.83339
1747749684141.0,0.83316,0.8334
1747749686220.0,0.83318,0.83342
1747749686329.0,0.83319,0.83343
1747749686481.0,0.83318,0.83342
1747749688881.0,0.8332,0.83344
1747749689781.0,0.83321,0.83345
1747749691714.0,0.8332,0.83344
1747749693729.0,0.83319,0.83343
1747749694184.0,0.8332,0.83344
1747749695062.0,0.83321,0.83345
1747749697964.0,0.83319,0.83343
1747749700223.0,0.8332,0.83344
1747749703211.0,0.83322,0.83346
1747749703956.0,0.83321,0.83345
1747749704674.0,0.8332,0.83344
1747749706189.0,0.8332,0.83344
1747749707243.0,0.83321,0.83345
1747749711076.0,0.83329,0.83353
1747749711445.0,0.83328,0.83352
1747749711695.0,0.83325,0.83349
1747749712687.0,0.83321,0.83345
1747749713836.0,0.83323,0.83347
1747749714217.0,0.83322,0.83346
1747749714587.0,0.83321,0.83345
1747749715126.0,0.83323,0.83347
1747749715969.0,0.83322,0.83346
1747749716471.0,0.8332,0.83344
1747749716595.0,0.83321,0.83345
1747749718362.0,0.83324,0.83348
1747749718613.0,0.83321,0.83345
1747749718742.0,0.83322,0.83346
1747749722436.0,0.83328,0.83352
1747749722809.0,0.83327,0.83351
1747749724425.0,0.83329,0.83353
1747749724551.0,0.83326,0.8335
1747749724800.0,0.83327,0.83351
1747749726075.0,0.83326,0.8335
1747749726441.0,0.83328,0.83352
1747749726900.0,0.83329,0.83353
1747749727440.0,0.83328,0.83352
1747749728164.0,0.83339,0.83363
1747749728292.0,0.8334,0.83364
1747749728664.0,0.83338,0.83362
1747749729119.0,0.83339,0.83363
1747749729746.0,0.83335,0.83359
1747749729874.0,0.83331,0.83355
1747749730368.0,0.83333,0.83357
1747749730494.0,0.83334,0.83358
1747749730945.0,0.83335,0.83359
1747749731198.0,0.83333,0.83357
1747749731320.0,0.8333,0.83354
1747749731571.0,0.83331,0.83355
1747749732459.0,0.83335,0.83359
1747749733555.0,0.83338,0.83362
1747749734578.0,0.83339,0.83363
1747749735077.0,0.83338,0.83362
1747749735422.0,0.8334,0.83364
1747749735797.0,0.83343,0.83367
1747749735923.0,0.83337,0.83361
1747749736174.0,0.83338,0.83362
1747749737730.0,0.83337,0.83361
1747749738286.0,0.83334,0.83358
1747749738415.0,0.83335,0.83359
1747749738536.0,0.83336,0.8336
1747749740595.0,0.83335,0.83359
1747749740845.0,0.83334,0.83358
1747749743171.0,0.83332,0.83356
1747749743423.0,0.83334,0.83358
1747749743545.0,0.83333,0.83357
1747749744171.0,0.83329,0.83353
1747749744297.0,0.8333,0.83354
1747749744781.0,0.83329,0.83353
1747749744910.0,0.83328,0.83352
1747749745155.0,0.83327,0.83351
1747749746071.0,0.83329,0.83353
1747749747999.0,0.83331,0.83355
1747749748122.0,0.83332,0.83356
1747749748373.0,0.83331,0.83355
1747749749572.0,0.8333,0.83354
1747749750081.0,0.83333,0.83357
1747749750212.0,0.83332,0.83356
1747749751286.0,0.83336,0.8336
1747749751410.0,0.83335,0.83359
1747749752550.0,0.83339,0.83363
1747749752680.0,0.83336,0.8336
1747749753682.0,0.83334,0.83358
1747749756676.0,0.83338,0.83362
1747749756927.0,0.83335,0.83359
1747749757049.0,0.83334,0.83358
1747749757300.0,0.83333,0.83357
1747749758240.0,0.83336,0.8336
1747749758546.0,0.83335,0.83359
1747749758664.0,0.83334,0.83358
1747749760168.0,0.83336,0.8336
1747749762173.0,0.83335,0.83359
1747749764345.0,0.8333,0.83354
1747749764595.0,0.83331,0.83355
1747749764852.0,0.83332,0.83356
1747749765095.0,0.83333,0.83357
1747749765346.0,0.83337,0.83361
1747749765474.0,0.83336,0.8336
1747749765879.0,0.83337,0.83361
1747749766007.0,0.83336,0.8336
1747749769374.0,0.83339,0.83363
1747749769501.0,0.83338,0.83362
1747749770515.0,0.83335,0.83359
1747749770646.0,0.83334,0.83358
1747749771444.0,0.83331,0.83355
1747749772469.0,0.83329,0.83353
1747749773722.0,0.83332,0.83356
1747749773847.0,0.83331,0.83355
1747749774606.0,0.83329,0.83353
1747749774854.0,0.83325,0.83349
1747749775105.0,0.83326,0.8335
1747749775495.0,0.83324,0.83348
1747749776187.0,0.83323,0.83347
1747749776441.0,0.83325,0.83349
1747749776687.0,0.83323,0.83347
1747749776817.0,0.83324,0.83348
1747749777720.0,0.83325,0.83349
1747749777842.0,0.83329,0.83353
1747749778607.0,0.83329,0.83353
1747749779108.0,0.83331,0.83355
1747749779462.0,0.8333,0.83354
1747749779912.0,0.83331,0.83355
1747749780434.0,0.83325,0.83349
1747749781063.0,0.83322,0.83346
1747749781183.0,0.83321,0.83345
1747749782736.0,0.83322,0.83346
1747749784875.0,0.83323,0.83347
1747749784991.0,0.83325,0.83349
1747749785369.0,0.83322,0.83346
1747749786414.0,0.83324,0.83348
1747749786540.0,0.83323,0.83347
1747749787348.0,0.83317,0.83341
1747749788195.0,0.83318,0.83342
1747749789402.0,0.83316,0.8334
1747749789531.0,0.83321,0.83336
1747749789785.0,0.83323,0.83338
1747749789902.0,0.83322,0.83337
1747749792101.0,0.83323,0.83338
1747749792225.0,0.83322,0.83337
1747749794126.0,0.83321,0.83336
1747749796249.0,0.83326,0.83341
1747749796754.0,0.83324,0.83339
1747749798220.0,0.83321,0.83336
1747749798770.0,0.83319,0.83334
1747749799904.0,0.83318,0.83333
1747749801953.0,0.8332,0.83335
1747749802080.0,0.83319,0.83334
1747749802789.0,0.83318,0.83333
1747749805740.0,0.83319,0.83334
1747749807164.0,0.83321,0.83336
1747749808120.0,0.83322,0.83337
1747749808371.0,0.83319,0.83334
1747749808774.0,0.83322,0.83337
1747749808899.0,0.8332,0.83335
1747749809793.0,0.83322,0.83337
1747749809918.0,0.83319,0.83334
1747749810934.0,0.8332,0.83335
1747749811434.0,0.83319,0.83334
1747749812454.0,0.83318,0.83333
1747749812840.0,0.83319,0.83334
1747749813708.0,0.83323,0.83338
1747749814085.0,0.83321,0.83336
1747749814475.0,0.8332,0.83335
1747749820258.0,0.83319,0.83334
1747749821050.0,0.83318,0.83333
1747749821829.0,0.83319,0.83334
1747749821954.0,0.83318,0.83333
1747749822470.0,0.83314,0.83329
1747749823593.0,0.83315,0.8333
1747749824996.0,0.83317,0.83332
1747749825120.0,0.83318,0.83333
1747749826096.0,0.83317,0.83332
1747749826226.0,0.83315,0.8333
1747749826474.0,0.83318,0.83333
1747749826724.0,0.83317,0.83332
1747749827681.0,0.83319,0.83334
1747749827806.0,0.83322,0.83337
1747749828060.0,0.83321,0.83336
1747749832034.0,0.8332,0.83335
1747749832157.0,0.83318,0.83333
1747749832407.0,0.83319,0.83334
1747749833102.0,0.83318,0.83333
1747749833790.0,0.83317,0.83332
1747749835826.0,0.83318,0.83333
1747749836076.0,0.83319,0.83334
1747749836699.0,0.8332,0.83335
1747749836948.0,0.83319,0.83334
1747749837703.0,0.83322,0.83337
1747749837840.0,0.8332,0.83335
1747749840678.0,0.83319,0.83334
1747749841286.0,0.83323,0.83338
1747749841413.0,0.83322,0.83337
1747749842306.0,0.83319,0.83334
1747749843329.0,0.83318,0.83333
1747749843581.0,0.83317,0.83332
1747749843830.0,0.83316,0.83331
1747749845364.0,0.83319,0.83334
1747749845489.0,0.83317,0.83332
1747749846509.0,0.83316,0.83331
1747749849041.0,0.83318,0.83333
1747749849162.0,0.83316,0.83331
1747749850184.0,0.83319,0.83334
1747749850310.0,0.83317,0.83332
1747749853692.0,0.83316,0.83331
1747749853841.0,0.83317,0.83332
1747749856514.0,0.83312,0.83327
1747749856639.0,0.83311,0.83326
1747749861049.0,0.83313,0.83328
1747749861175.0,0.83307,0.83322
1747749861674.0,0.83308,0.83323
1747749865875.0,0.83306,0.83321
1747749866843.0,0.83308,0.83323
1747749867303.0,0.83307,0.83322
1747749867982.0,0.83308,0.83323
1747749868607.0,0.83305,0.8332
1747749869814.0,0.83304,0.83319
1747749870192.0,0.83302,0.83317
1747749870314.0,0.83299,0.83314
1747749870690.0,0.833,0.83315
1747749870815.0,0.83295,0.83319
1747749871174.0,0.83293,0.83317
1747749872225.0,0.83294,0.83318
1747749873570.0,0.83293,0.83317
1747749873696.0,0.83294,0.83318
1747749873945.0,0.83297,0.83321
1747749875562.0,0.83298,0.83322
1747749875923.0,0.83299,0.83323
1747749876797.0,0.83298,0.83322
1747749877175.0,0.833,0.83324
1747749877639.0,0.83301,0.83325
1747749878268.0,0.83302,0.83326
1747749878515.0,0.83303,0.83327
1747749879881.0,0.83301,0.83325
1747749880548.0,0.833,0.83324
1747749881307.0,0.83298,0.83322
1747749881556.0,0.83297,0.83321
1747749882351.0,0.83294,0.83318
1747749882601.0,0.83301,0.83325
1747749882726.0,0.83298,0.83322
1747749883102.0,0.83302,0.83317
1747749884821.0,0.83309,0.83324
1747749884946.0,0.8331,0.83325
1747749885314.0,0.83309,0.83324
1747749885572.0,0.83308,0.83323
1747749887656.0,0.83309,0.83324
1747749888064.0,0.8331,0.83325
1747749888763.0,0.83311,0.83326
1747749888893.0,0.83313,0.83328
1747749889013.0,0.83312,0.83327
1747749889389.0,0.83311,0.83326
1747749890373.0,0.83309,0.83324
1747749890497.0,0.83307,0.83322
1747749890980.0,0.83311,0.83326
1747749891102.0,0.83312,0.83327
1747749891224.0,0.83309,0.83324
1747749891351.0,0.8331,0.83325
1747749891800.0,0.83312,0.83327
1747749891925.0,0.8331,0.83325
1747749892186.0,0.83312,0.83327
1747749892310.0,0.8331,0.83325
1747749894121.0,0.83309,0.83324
1747749894370.0,0.8331,0.83325
1747749897222.0,0.83312,0.83327
1747749897473.0,0.83311,0.83326
1747749897722.0,0.83315,0.8333
1747749897972.0,0.83314,0.83329
1747749898725.0,0.83312,0.83327
1747749899677.0,0.83315,0.8333
1747749899798.0,0.83314,0.83329
1747749900295.0,0.83316,0.83331
1747749900427.0,0.83313,0.83328
1747749900546.0,0.83311,0.83326
1747749900677.0,0.83312,0.83327
1747749901045.0,0.83308,0.83323
1747749901426.0,0.8331,0.83325
1747749901928.0,0.83309,0.83324
1747749902052.0,0.83307,0.83322
1747749903208.0,0.83309,0.83324
1747749903928.0,0.83308,0.83323
1747749904686.0,0.8331,0.83325
1747749908496.0,0.83308,0.83323
1747749909145.0,0.83309,0.83324
1747749909655.0,0.83309,0.83324
1747749909906.0,0.83308,0.83323
1747749914544.0,0.8331,0.83325
1747749914796.0,0.83309,0.83324
1747749915045.0,0.83307,0.83322
1747749915170.0,0.83308,0.83323
1747749916143.0,0.83311,0.83326
1747749916394.0,0.83309,0.83324
1747749916969.0,0.8331,0.83325
1747749917298.0,0.83309,0.83324
1747749917668.0,0.83312,0.83327
1747749917801.0,0.83307,0.83322
1747749917919.0,0.83308,0.83323
1747749918594.0,0.83309,0.83324
1747749920550.0,0.83308,0.83323
1747749920954.0,0.83311,0.83326
1747749921076.0,0.83309,0.83324
1747749921200.0,0.83308,0.83323
1747749922608.0,0.83309,0.83324
1747749924088.0,0.8331,0.83325
1747749925134.0,0.83314,0.83329
1747749925671.0,0.83318,0.83333
1747749926060.0,0.83317,0.83332
1747749926742.0,0.83316,0.83331
1747749926861.0,0.83315,0.8333
1747749927546.0,0.83314,0.83329
1747749928037.0,0.83313,0.83328
1747749929024.0,0.83313,0.83328
1747749930290.0,0.83315,0.8333
1747749930410.0,0.83313,0.83328
1747749931003.0,0.83312,0.83327
1747749931133.0,0.83311,0.83326
1747749931630.0,0.83312,0.83327
1747749931755.0,0.83315,0.8333
1747749931886.0,0.83314,0.83329
1747749933492.0,0.83312,0.83327
1747749933616.0,0.83311,0.83326
1747749934502.0,0.83307,0.83322
1747749935022.0,0.83309,0.83324
1747749935146.0,0.8331,0.83325
1747749935271.0,0.83308,0.83323
1747749936066.0,0.83309,0.83324
1747749936189.0,0.8331,0.83325
1747749936728.0,0.83309,0.83324
1747749936978.0,0.8331,0.83325
1747749938770.0,0.83312,0.83327
1747749939804.0,0.83315,0.8333
1747749942350.0,0.83319,0.83334
1747749942743.0,0.83316,0.83331
1747749943001.0,0.83317,0.83332
1747749943714.0,0.83318,0.83333
1747749944085.0,0.83317,0.83332
1747749944335.0,0.83315,0.8333
1747749944459.0,0.83314,0.83329
1747749945247.0,0.83312,0.83327
1747749946559.0,0.83312,0.83327
1747749947865.0,0.83315,0.8333
1747749948713.0,0.83317,0.83332
1747749949497.0,0.83316,0.83331
1747749950087.0,0.83315,0.8333
1747749950208.0,0.83317,0.83332
1747749950333.0,0.83313,0.83328
1747749951883.0,0.83314,0.83329
1747749952385.0,0.83313,0.83328
1747749952634.0,0.83314,0.83329
1747749953586.0,0.83313,0.83328
1747749953713.0,0.83312,0.83327
1747749954401.0,0.83313,0.83328
1747749954525.0,0.83315,0.8333
1747749955091.0,0.83314,0.83329
1747749955442.0,0.83317,0.83332
1747749956151.0,0.83311,0.83335
1747749959574.0,0.8331,0.83334
1747749960073.0,0.83308,0.83332
1747749960572.0,0.8331,0.83334
1747749961627.0,0.83311,0.83335
1747749961969.0,0.83315,0.83339
1747749962219.0,0.83312,0.83336
1747749962594.0,0.83313,0.83337
1747749963385.0,0.83311,0.83335
1747749963677.0,0.8331,0.83334
1747749963797.0,0.83307,0.83331
1747749964427.0,0.83308,0.83332
1747749965485.0,0.83309,0.83333
1747749965735.0,0.83307,0.83331
1747749966853.0,0.83311,0.83335
1747749967105.0,0.8331,0.83334
1747749967227.0,0.83311,0.83335
1747749967603.0,0.83309,0.83333
1747749967857.0,0.83307,0.83331
1747749968446.0,0.83308,0.83332
1747749969195.0,0.83309,0.83333
1747749969961.0,0.83308,0.83332
1747749970076.0,0.83307,0.83331
1747749972053.0,0.83306,0.8333
1747749972425.0,0.83307,0.83331
1747749973176.0,0.83304,0.83328
1747749973926.0,0.833,0.83324
1747749974798.0,0.83301,0.83325
1747749976894.0,0.83304,0.83328
1747749977143.0,0.83303,0.83327
1747749977658.0,0.83299,0.83323
1747749978043.0,0.833,0.83324
1747749979321.0,0.83294,0.83318
1747749979581.0,0.83293,0.83317
1747749979698.0,0.83289,0.83313
1747749980410.0,0.83293,0.83317
1747749981340.0,0.83291,0.83315
1747749981583.0,0.8329,0.83314
1747749982483.0,0.83289,0.83313
1747749982728.0,0.83288,0.83312
1747749983680.0,0.83289,0.83313
1747749983929.0,0.8329,0.83314
1747749984640.0,0.8329,0.83314
1747749985620.0,0.83291,0.83315
1747749987720.0,0.8329,0.83314
1747749987844.0,0.83289,0.83313
1747749996631.0,0.83288,0.83312
1747749997920.0,0.83287,0.83311
1747749998040.0,0.83286,0.8331
1747749999710.0,0.83287,0.83311
1747749999839.0,0.83288,0.83312
1747750000413.0,0.83287,0.83311
1747750001420.0,0.83286,0.8331
1747750003623.0,0.83287,0.83311
1747750004466.0,0.83286,0.8331
1747750006077.0,0.83285,0.83309
1747750006202.0,0.83286,0.8331
1747750007235.0,0.83288,0.83312
1747750009114.0,0.83287,0.83311
1747750012464.0,0.83279,0.83303
1747750012771.0,0.83284,0.83299
1747750013049.0,0.83283,0.83298
1747750013301.0,0.83281,0.83296
1747750013681.0,0.83283,0.83298
1747750013799.0,0.83286,0.83301
1747750014300.0,0.83288,0.83303
1747750014549.0,0.83287,0.83302
1747750019145.0,0.83288,0.83303
1747750020898.0,0.83287,0.83302
1747750021532.0,0.83289,0.83304
1747750021810.0,0.8329,0.83305
1747750021934.0,0.83291,0.83306
1747750022772.0,0.83287,0.83302
1747750023973.0,0.83284,0.83299
1747750025162.0,0.83282,0.83297
1747750025541.0,0.83283,0.83298
1747750025997.0,0.83284,0.83299
1747750027086.0,0.8328,0.83295
1747750028990.0,0.83281,0.83296
1747750029115.0,0.83283,0.83298
1747750029566.0,0.83284,0.83299
1747750029870.0,0.83283,0.83298
1747750031176.0,0.83284,0.83299
1747750032633.0,0.83282,0.83297
1747750032752.0,0.83283,0.83298
1747750033128.0,0.83283,0.83298
1747750033546.0,0.83282,0.83297
1747750034926.0,0.83284,0.83299
1747750037394.0,0.83282,0.83297
1747750038761.0,0.83283,0.83298
1747750039306.0,0.83279,0.83294
1747750039706.0,0.83276,0.83291
1747750039819.0,0.83275,0.8329
1747750040187.0,0.83275,0.8329
1747750041071.0,0.83267,0.83282
1747750041200.0,0.83268,0.83283
1747750041457.0,0.83266,0.83281
1747750041710.0,0.83267,0.83282
1747750041820.0,0.83268,0.83283
1747750042070.0,0.83271,0.83286
1747750042572.0,0.8327,0.83285
1747750044721.0,0.83271,0.83286
1747750045670.0,0.8327,0.83285
1747750045791.0,0.83271,0.83286
1747750046361.0,0.83272,0.83287
1747750046488.0,0.83273,0.83288
1747750047175.0,0.83271,0.83286
1747750048154.0,0.83272,0.83287
1747750048413.0,0.83273,0.83288
1747750050928.0,0.83271,0.83286
1747750051043.0,0.83266,0.83281
1747750052033.0,0.83267,0.83282
1747750053572.0,0.83266,0.83281
1747750055943.0,0.83265,0.8328
1747750056827.0,0.83267,0.83282
1747750058162.0,0.8326,0.83284
1747750062595.0,0.83261,0.83285
1747750062716.0,0.83262,0.83286
1747750064410.0,0.83255,0.83279
1747750064798.0,0.83256,0.8328
1747750065465.0,0.83252,0.83276
1747750065751.0,0.83252,0.83276
1747750066294.0,0.83253,0.83277
1747750066668.0,0.83262,
1747750066919.0,0.83264,0.83279
1747750067169.0,0.83265,0.8328
1747750068230.0,0.83266,0.83281
1747750068482.0,0.8327,0.83285
1747750068604.0,0.83267,0.83282
1747750069357.0,0.83268,0.83283
1747750069485.0,0.8327,0.83285
1747750070277.0,0.83267,0.83282
1747750072010.0,0.83264,0.83279
1747750072259.0,0.83262,0.83277
1747750073124.0,0.83263,0.83278
1747750073250.0,0.83264,0.83279
1747750074285.0,0.83263,0.83278
1747750075652.0,0.8326,0.83275
1747750077296.0,0.83263,0.83278
1747750080201.0,0.83265,0.8328
1747750082260.0,0.83264,0.83279
1747750083615.0,0.83259,0.83274
1747750084435.0,0.83257,0.83272
1747750085273.0,0.83256,0.83271
1747750085648.0,0.83253,0.83268
1747750087405.0,0.83253,0.83268
1747750087789.0,0.83255,0.8327
1747750088114.0,0.83256,0.83271
1747750088927.0,0.83255,0.8327
1747750092418.0,0.83254,0.83269
1747750093448.0,0.83253,0.83268
1747750093571.0,0.83254,0.83269
1747750094134.0,0.83253,0.83268
1747750095176.0,0.8325,0.83265
1747750098253.0,0.83251,0.83266
1747750099553.0,0.83254,0.83269
1747750100519.0,0.83248,0.83272
1747750101098.0,0.83246,0.8327
1747750108151.0,0.83239,0.83263
1747750108648.0,0.83237,0.83261
1747750109639.0,0.83237,0.83261
1747750112015.0,0.83228,0.83252
1747750112388.0,0.83231,0.83255
1747750113289.0,0.83229,0.83253
1747750113741.0,0.8323,0.83254
1747750114059.0,0.83229,0.83253
1747750114184.0,0.83226,0.8325
1747750114928.0,0.83227,0.83251
1747750115672.0,0.83223,0.83247
1747750115794.0,0.83225,0.83249
1747750117864.0,0.8323,0.83254
1747750118109.0,0.83231,0.83255
1747750118359.0,0.83229,0.83253
1747750119070.0,0.8323,0.83254
1747750119320.0,0.83229,0.83253
1747750120383.0,0.8323,0.83254
1747750121399.0,0.83229,0.83253
1747750121951.0,0.8323,0.83254
1747750122202.0,0.83229,0.83253
1747750122453.0,0.8323,0.83245
1747750122905.0,0.83228,0.83243
1747750125475.0,0.83229,0.83244
1747750125995.0,0.83227,0.83242
1747750126603.0,0.83228,0.83243
1747750126852.0,0.83229,0.83244
1747750127591.0,0.83228,0.83243
1747750127717.0,0.83226,0.83241
1747750128036.0,0.83228,0.83243
1747750128413.0,0.83227,0.83242
1747750129300.0,0.83226,0.83241
1747750129742.0,0.83225,0.8324
1747750133827.0,0.83228,0.83243
1747750133953.0,0.83227,0.83242
1747750134752.0,0.83226,0.83241
1747750135033.0,0.83227,0.83242
1747750135532.0,0.83226,0.83241
1747750135651.0,0.83225,0.8324
1747750136032.0,0.83232,0.83247
1747750136151.0,0.83233,0.83248
1747750137353.0,0.83229,0.83244
1747750137602.0,0.83228,0.83243
1747750137730.0,0.83229,0.83244
1747750137978.0,0.83228,0.83243
1747750138228.0,0.83229,0.83244
1747750138784.0,0.8323,0.83245
1747750142411.0,0.83231,0.83246
1747750142661.0,0.83228,0.83243
1747750142911.0,0.83231,0.83246
1747750143658.0,0.8323,0.83245
1747750144915.0,0.83228,0.83243
1747750145804.0,0.83226,0.83241
1747750146874.0,0.83227,0.83242
1747750147123.0,0.83229,0.83244
1747750148458.0,0.83229,0.83244
1747750148852.0,0.83226,0.83241
1747750150304.0,0.8322,0.83235
1747750150426.0,0.83221,0.83236
1747750151181.0,0.8322,0.83235
1747750151429.0,0.83219,0.83234
1747750151548.0,0.8322,0.83235
1747750153091.0,0.83221,0.83236
1747750153334.0,0.83222,0.83237
1747750153455.0,0.83223,0.83238
1747750154434.0,0.83224,0.83239
1747750155212.0,0.83222,0.83237
1747750156041.0,0.83221,0.83236
1747750156164.0,0.83222,0.83237
1747750159384.0,0.83223,0.83238
1747750160509.0,0.83222,0.83237
1747750161706.0,0.8322,0.83235
1747750162085.0,0.83221,0.83236
1747750163251.0,0.8322,0.83235
1747750166002.0,0.83219,0.83234
1747750169274.0,0.8322,0.83235
1747750170759.0,0.83219,0.83234
1747750171240.0,0.83217,0.83232
1747750171491.0,0.83216,0.83231
1747750171741.0,0.83217,0.83232
1747750171866.0,0.83215,0.8323
1747750173318.0,0.83216,0.83231
1747750173819.0,0.83218,0.83233
1747750174795.0,0.83216,0.83231
1747750177018.0,0.83217,0.83232
1747750177150.0,0.83218,0.83233
1747750177267.0,0.8322,0.83235
1747750177393.0,0.83225,0.8324
1747750177881.0,0.83226,0.83241
1747750178128.0,0.83224,0.83239
1747750178711.0,0.83225,0.8324
1747750180453.0,0.83222,0.83237
1747750181094.0,0.8322,0.83235
1747750184393.0,0.83216,0.83231
1747750185408.0,0.83208,0.83223
1747750185530.0,0.83209,0.83224
1747750186366.0,0.83204,0.83219
1747750186492.0,0.83203,0.83218
1747750186997.0,0.83184,0.83199
1747750187242.0,0.83181,0.83196
1747750187367.0,0.8318,0.83195
1747750187741.0,0.83181,0.83196
1747750187991.0,0.8318,0.83195
1747750188536.0,0.83182,0.83197
1747750189054.0,0.83184,0.83199
1747750189436.0,0.8318,0.83195
1747750190565.0,0.83179,0.83194
1747750191347.0,0.8318,0.83195
1747750191841.0,0.83175,0.8319
1747750192674.0,0.83171,0.83186
1747750192925.0,0.8317,0.83185
1747750193175.0,0.83171,0.83186
1747750193299.0,0.83172,0.83187
1747750193426.0,0.83171,0.83186
1747750193551.0,0.83169,0.83184
1747750194062.0,0.83171,0.83186
1747750194354.0,0.83172,0.83187
1747750194604.0,0.83173,0.83188
1747750194729.0,0.83171,0.83186
1747750195030.0,0.83172,0.83187
1747750195404.0,0.83171,0.83186
1747750196174.0,0.83174,0.83189
1747750196424.0,0.83178,0.83193
1747750196673.0,0.83178,0.83193
1747750196924.0,0.83177,0.83192
1747750197546.0,0.83176,0.83191
1747750198104.0,0.83175,0.8319
1747750198669.0,0.83176,0.83191
1747750199433.0,0.83178,0.83193
1747750199567.0,0.83173,0.83188
1747750200595.0,0.83171,0.83186
1747750200690.0,0.83169,0.83184
1747750201098.0,0.83165,0.8318
1747750201190.0,0.83164,0.83179
1747750201596.0,0.83156,0.83171
1747750202440.0,0.83155,0.8317
1747750202690.0,0.83153,0.83168
1747750203810.0,0.8315,0.83165
1747750204824.0,0.83155,0.8317
1747750205082.0,0.83157,0.83172
1747750205323.0,0.83158,0.83173
1747750205475.0,0.83157,0.83172
1747750205600.0,0.83153,0.83168
1747750206175.0,0.83154,0.83169
1747750206419.0,0.83158,0.83173
1747750206799.0,0.83159,0.83174
1747750207046.0,0.83156,0.83171
1747750207840.0,0.83154,0.83169
1747750208088.0,0.8315,0.83165
1747750208341.0,0.83151,0.83166
1747750208463.0,0.83148,0.83163
1747750209103.0,0.83149,0.83164
1747750210569.0,0.83142,0.83166
1747750211466.0,0.83143,0.83167
1747750211590.0,0.83142,0.83166
1747750211841.0,0.83141,0.83165
1747750212217.0,0.83131,0.83155
1747750212341.0,0.8313,0.83154
1747750213091.0,0.83132,0.83156
1747750213215.0,0.83133,0.83157
1747750213343.0,0.83135,0.83159
1747750214178.0,0.83136,0.8316
1747750214303.0,0.83135,0.83159
1747750214427.0,0.83134,0.83158
1747750215534.0,0.83137,0.83161
1747750215784.0,0.83139,0.83163
1747750215905.0,0.83138,0.83162
1747750217384.0,0.83139,0.83163
1747750217629.0,0.83148,0.83172
1747750218152.0,0.83152,0.83176
1747750218281.0,0.83153,0.83177
1747750219200.0,0.83158,0.83173
1747750219818.0,0.83159,0.83174
1747750220072.0,0.83159,0.83174
1747750220196.0,0.83157,0.83172
1747750220569.0,0.83159,0.83174
1747750220946.0,0.8316,0.83175
1747750221695.0,0.83162,0.83177
1747750221949.0,0.83167,0.83182
1747750222445.0,0.83164,0.83179
1747750222698.0,0.83166,0.83181
1747750222820.0,0.83167,0.83182
1747750223068.0,0.83166,0.83181
1747750223479.0,0.83165,0.8318
1747750224404.0,0.83166,0.83181
1747750225141.0,0.83162,0.83177
1747750225509.0,0.83158,0.83173
1747750225760.0,0.83161,0.83176
1747750226009.0,0.83162,0.83177
1747750226273.0,0.8316,0.83175
1747750226518.0,0.83158,0.83173
1747750226884.0,0.83159,0.83174
1747750227009.0,0.83155,0.83179
1747750227375.0,0.83156,0.8318
1747750228131.0,0.83158,0.83182
1747750229903.0,0.83159,0.83183
1747750230154.0,0.83155,0.83179
1747750232186.0,0.83154,0.83178
1747750232311.0,0.83155,0.83179
1747750233581.0,0.83152,0.83176
1747750233703.0,0.83151,0.83175
1747750235382.0,0.83152,0.83176
1747750236046.0,0.83151,0.83175
1747750236172.0,0.83152,0.83176
1747750236794.0,0.83153,0.83177
1747750237191.0,0.83152,0.83176
1747750237941.0,0.83151,0.83175
1747750238759.0,0.83148,0.83172
1747750238871.0,0.83149,0.83173
1747750239267.0,0.8315,0.83174
1747750239397.0,0.83149,0.83173
1747750239642.0,0.8315,0.83174
1747750239892.0,0.83151,0.83175
1747750240022.0,0.8315,0.83174
1747750240641.0,0.83152,0.83176
1747750241934.0,0.83149,0.83173
1747750242840.0,0.83145,0.83169
1747750243084.0,0.83144,0.83168
1747750243834.0,0.83141,0.83165
1747750244420.0,0.83142,0.83166
1747750244549.0,0.83144,0.83168
1747750244918.0,0.83145,0.83169
1747750245169.0,0.83144,0.83168
1747750247964.0,0.83145,0.83169
1747750248213.0,0.8315,0.83174
1747750248464.0,0.83151,0.83175
1747750249375.0,0.8315,0.83174
1747750249626.0,0.83152,0.83176
1747750249751.0,0.83151,0.83175
1747750250208.0,0.83146,0.8317
1747750250954.0,0.83148,0.83172
1747750251612.0,0.83151,0.83175
1747750253132.0,0.83149,0.83173
1747750255341.0,0.83151,0.83175
1747750256162.0,0.83152,0.83176
1747750256664.0,0.83153,0.83177
1747750256919.0,0.83152,0.83176
1747750257171.0,0.83155,0.83179
1747750259645.0,0.8316,0.83184
1747750260020.0,0.83161,0.83185
1747750260145.0,0.83162,0.83186
1747750260395.0,0.83165,0.83189
1747750260519.0,0.83166,0.8319
1747750260647.0,0.83169,0.83193
1747750260770.0,0.83173,0.83197
1747750262417.0,0.83172,0.83196
1747750262544.0,0.83173,0.83197
1747750262989.0,0.83172,0.83196
1747750263363.0,0.83172,0.83196
1747750263739.0,0.83171,0.83195
1747750264308.0,0.83173,0.83197
1747750264560.0,0.83172,0.83196
1747750264804.0,0.83173,0.83197
1747750265053.0,0.83176,0.832
1747750266361.0,0.83179,0.83203
1747750267233.0,0.83181,0.83205
1747750268213.0,0.83185,0.83209
1747750269441.0,0.83184,0.83208
1747750269687.0,0.83182,0.83206
1747750270456.0,0.83177,0.83201
1747750270867.0,0.83176,0.832
1747750272687.0,0.8317,0.83194
1747750272929.0,0.83174,0.83189
1747750273184.0,0.83175,0.8319
1747750273793.0,0.83176,0.83191
1747750273991.0,0.83177,0.83192
1747750274577.0,0.83173,0.83197
1747750274703.0,0.83176,0.832
1747750275295.0,0.83172,0.83196
1747750275420.0,0.83173,0.83197
1747750276105.0,0.83174,0.83198
1747750276349.0,0.83173,0.83197
1747750277118.0,0.83174,0.83198
1747750277368.0,0.83172,0.83196
1747750277624.0,0.83173,0.83197
1747750280322.0,0.83174,0.83198
1747750280447.0,0.83176,0.832
1747750281050.0,0.83174,0.83198
1747750281175.0,0.83175,0.83199
1747750281548.0,0.83174,0.83198
1747750282067.0,0.83173,0.83197
1747750282315.0,0.83173,0.83197
1747750283021.0,0.83174,0.83198
1747750283401.0,0.83173,0.83197
1747750284170.0,0.83174,0.83198
1747750284958.0,0.83173,0.83197
1747750285354.0,0.83172,0.83196
1747750286293.0,0.83173,0.83197
1747750287044.0,0.83172,0.83196
1747750287675.0,0.83173,0.83197
1747750288639.0,0.83176,0.832
1747750290256.0,0.83175,0.83199
1747750292576.0,0.83174,0.83198
1747750293033.0,0.83172,0.83196
1747750293152.0,0.8317,0.83194
1747750293400.0,0.83171,0.83195
1747750294441.0,0.8317,0.83194
1747750294692.0,0.83173,0.83197
1747750295373.0,0.83169,0.83193
1747750295498.0,0.8317,0.83194
1747750296167.0,0.83173,0.83197
1747750296803.0,0.83172,0.83196
1747750296928.0,0.83169,0.83193
1747750297426.0,0.83171,0.83195
1747750297677.0,0.8317,0.83194
1747750298178.0,0.83169,0.83193
1747750298598.0,0.8317,0.83194
1747750298974.0,0.83169,0.83193
1747750299104.0,0.8317,0.83194
1747750300069.0,0.8317,0.83194
1747750301046.0,0.8317,0.83194
1747750302326.0,0.83169,0.83193
1747750303030.0,0.8317,0.83194
1747750304094.0,0.83174,0.83198
1747750304199.0,0.83175,0.83199
1747750304449.0,0.83174,0.83198
1747750305190.0,0.83181,0.83205
1747750305314.0,0.8318,0.83204
1747750306304.0,0.83179,0.83203
1747750306805.0,0.8318,0.83204
1747750306931.0,0.83181,0.83205
1747750307306.0,0.83178,0.83202
1747750307554.0,0.83179,0.83203
1747750307680.0,0.8318,0.83204
1747750308994.0,0.83181,0.83205
1747750309763.0,0.83179,0.83203
1747750309892.0,0.8318,0.83204
1747750310641.0,0.83183,0.83207
1747750310895.0,0.83185,0.83209
1747750311789.0,0.83184,0.83208
1747750313047.0,0.83184,0.83208
1747750313354.0,0.83183,0.83207
1747750313478.0,0.83182,0.83206
1747750313727.0,0.83181,0.83205
1747750314145.0,0.83184,0.83208
1747750314394.0,0.83185,0.83209
1747750315329.0,0.83186,0.8321
1747750315991.0,0.83185,0.83209
1747750316291.0,0.83185,0.83209
1747750316541.0,0.83184,0.83208
1747750316670.0,0.83183,0.83207
1747750317312.0,0.83183,0.83207
1747750318119.0,0.83177,0.83201
1747750318468.0,0.83178,0.83202
1747750320334.0,0.8319,0.83205
1747750320458.0,0.83185,0.83209
1747750320954.0,0.83187,0.83211
1747750321458.0,0.83188,0.83212
1747750322080.0,0.83187,0.83211
1747750322206.0,0.83186,0.8321
1747750322330.0,0.83187,0.83211
1747750323323.0,0.83188,0.83212
1747750323685.0,0.83189,0.83213
1747750323815.0,0.83194,0.83218
1747750323934.0,0.83195,0.83219
1747750324369.0,0.83191,0.83215
1747750324494.0,0.83193,0.83217
1747750325449.0,0.83195,0.83219
1747750326077.0,0.83195,0.83219
1747750326229.0,0.83194,0.83218
1747750326484.0,0.83193,0.83217
1747750327117.0,0.83192,0.83216
1747750327370.0,0.83193,0.83217
1747750327617.0,0.83192,0.83216
1747750328649.0,0.83191,0.83215
1747750329144.0,0.83192,0.83216
1747750329837.0,0.83191,0.83215
1747750330212.0,0.83192,0.83216
1747750330585.0,0.83181,0.83205
1747750330835.0,0.83182,0.83206
1747750331336.0,0.83181,0.83205
1747750332351.0,0.8318,0.83204
1747750333282.0,0.83179,0.83203
1747750334045.0,0.83178,0.83202
1747750334290.0,0.83179,0.83203
1747750334541.0,0.83178,0.83202
1747750335040.0,0.83179,0.83203
1747750335485.0,0.8318,0.83204
1747750335840.0,0.83179,0.83203
1747750336561.0,0.83178,0.83202
1747750338177.0,0.83175,0.83199
1747750338301.0,0.83176,0.832
1747750338801.0,0.8317,0.83194
1747750340516.0,0.83172,0.83196
1747750340764.0,0.83168,0.83192
1747750340889.0,0.8317,0.83194
1747750341264.0,0.83169,0.83193
1747750345578.0,0.83166,0.8319
1747750345955.0,0.83167,0.83191
1747750346706.0,0.83169,0.83193
1747750347118.0,0.83168,0.83192
1747750348115.0,0.83167,0.83191
1747750349194.0,0.83166,0.8319
1747750349452.0,0.83165,0.83189
1747750351326.0,0.83163,0.83187
1747750351574.0,0.83164,0.83188
1747750351825.0,0.83165,0.83189
1747750351950.0,0.83169,0.83193
1747750352942.0,0.83172,0.83196
1747750353506.0,0.83171,0.83195
1747750353632.0,0.83172,0.83196
1747750354369.0,0.83173,0.83197
1747750354773.0,0.83172,0.83196
1747750355026.0,0.83173,0.83197
1747750355689.0,0.83172,0.83196
1747750356065.0,0.83174,0.83198
1747750358945.0,0.83175,0.83199
1747750359319.0,0.8318,0.83204
1747750359695.0,0.83177,0.83201
1747750359821.0,0.83178,0.83202
1747750360682.0,0.83177,0.83201
1747750362361.0,0.83179,0.83203
1747750363218.0,0.83177,0.83201
1747750363491.0,0.83178,0.83202
1747750363734.0,0.83177,0.83201
1747750363986.0,0.83178,0.83202
1747750364859.0,0.83177,0.83201
1747750366453.0,0.8318,0.83204
1747750367242.0,0.83178,0.83202
1747750367493.0,0.83175,0.83199
1747750367620.0,0.83174,0.83198
1747750367863.0,0.83175,0.83199
1747750367989.0,0.83174,0.83198
1747750368364.0,0.83174,0.83198
1747750368488.0,0.83175,0.83199
1747750368863.0,0.83174,0.83198
1747750369114.0,0.83175,0.83199
1747750369614.0,0.83174,0.83198
1747750370148.0,0.83175,0.83199
1747750370779.0,0.83174,0.83198
1747750374793.0,0.83173,0.83197
1747750374921.0,0.83174,0.83198
1747750376036.0,0.83175,0.83199
1747750376785.0,0.83174,0.83198
1747750377818.0,0.83175,0.83199
1747750379956.0,0.83174,0.83198
1747750380581.0,0.83166,0.8319
1747750380706.0,0.83161,0.83185
1747750381329.0,0.83164,0.83188
1747750383306.0,0.83163,0.83187
1747750383430.0,0.83162,0.83186
1747750383805.0,0.83162,0.83186
1747750384056.0,0.83163,0.83187
1747750384179.0,0.83164,0.83188
1747750384556.0,0.83155,0.83179
1747750384960.0,0.83156,0.8318
1747750385694.0,0.83157,0.83181
1747750385819.0,0.83156,0.8318
1747750386807.0,0.8316,0.83184
1747750387762.0,0.83159,0.83183
1747750388850.0,0.8316,0.83184
1747750389216.0,0.83159,0.83183
1747750389350.0,0.83158,0.83182
1747750390110.0,0.83157,0.83181
1747750390358.0,0.83158,0.83182
1747750391886.0,0.83165,0.83189
1747750392134.0,0.83164,0.83188
1747750392384.0,0.83163,0.83187
1747750392528.0,0.83161,0.83185
1747750393361.0,0.8316,0.83184
1747750393735.0,0.83157,0.83181
1747750394369.0,0.83159,0.83183
1747750394494.0,0.8316,0.83184
1747750395598.0,0.83159,0.83183
1747750395993.0,0.83161,0.83185
1747750396244.0,0.83159,0.83183
1747750396800.0,0.83159,0.83183
1747750397680.0,0.8316,0.83184
1747750397800.0,0.83161,0.83185
1747750400847.0,0.83164,0.83188
1747750400973.0,0.83162,0.83186
1747750402893.0,0.83161,0.83185
1747750403555.0,0.83162,0.83186
1747750403822.0,0.83158,0.83182
1747750403926.0,0.83157,0.83181
1747750404848.0,0.8316,0.83184
1747750405223.0,0.83161,0.83185
1747750405951.0,0.83164,0.83188
1747750406662.0,0.83163,0.83187
1747750407472.0,0.83164,0.83188
1747750408252.0,0.83165,0.83189
1747750408376.0,0.83164,0.83188
1747750408891.0,0.83163,0.83187
1747750410128.0,0.83164,0.83188
1747750412255.0,0.83165,0.83189
1747750412629.0,0.83161,0.83185
1747750412919.0,0.83162,0.83186
1747750413513.0,0.83161,0.83185
1747750413882.0,0.8316,0.83184
1747750414132.0,0.83159,0.83183
1747750414739.0,0.83161,0.83185
1747750414862.0,0.8316,0.83184
1747750415257.0,0.83159,0.83183
1747750415507.0,0.83157,0.83181
1747750415757.0,0.83156,0.8318
1747750416335.0,0.83157,0.83181
1747750416458.0,0.83159,0.83183
1747750418229.0,0.8316,0.83184
1747750418995.0,0.83158,0.83182
1747750419490.0,0.8316,0.83184
1747750420078.0,0.83159,0.83183
1747750420448.0,0.83158,0.83182
1747750420830.0,0.83157,0.83181
1747750421271.0,0.83157,0.83181
1747750424128.0,0.83156,0.8318
1747750424380.0,0.83155,0.83179
1747750424661.0,0.83156,0.8318
1747750425190.0,0.83159,0.83183
1747750426127.0,0.8316,0.83184
1747750426251.0,0.83156,0.8318
1747750426622.0,0.83156,0.8318
1747750426874.0,0.83154,0.83178
1747750427505.0,0.83156,0.8318
1747750427880.0,0.83157,0.83181
1747750428400.0,0.83156,0.8318
1747750428769.0,0.83155,0.83179
1747750429143.0,0.83156,0.8318
1747750429653.0,0.83159,0.83183
1747750429915.0,0.83158,0.83182
1747750430183.0,0.83159,0.83183
1747750430425.0,0.83159,0.83183
1747750432953.0,0.83158,0.83182
1747750433204.0,0.83153,0.83177
1747750433330.0,0.83154,0.83178
1747750434204.0,0.83155,0.83179
1747750434746.0,0.83154,0.83178
1747750435153.0,0.83153,0.83177
1747750435529.0,0.83152,0.83176
1747750435850.0,0.83153,0.83177
1747750435976.0,0.83152,0.83176
1747750437429.0,0.83153,0.83177
1747750439052.0,0.83152,0.83176
1747750439671.0,0.83153,0.83177
1747750439806.0,0.83152,0.83176
1747750440805.0,0.83151,0.83175
1747750441055.0,0.83145,0.83169
1747750441306.0,0.83147,0.83162
1747750441562.0,0.8315,0.83165
1747750442401.0,0.83148,0.83163
1747750442943.0,0.83145,0.8316
1747750443471.0,0.8314,0.83164
1747750443999.0,0.83144,0.83159
1747750444498.0,0.83141,0.83156
1747750444940.0,0.83142,0.83157
1747750445953.0,0.83144,0.83159
1747750446078.0,0.83141,0.83165
1747750446792.0,0.83137,0.83161
1747750446919.0,0.83136,0.8316
1747750447304.0,0.83137,0.83161
1747750447803.0,0.83136,0.8316
1747750447928.0,0.83137,0.83161
1747750448304.0,0.83137,0.83161
1747750448441.0,0.83134,0.83158
1747750448680.0,0.83135,0.83159
1747750449191.0,0.83132,0.83156
1747750449449.0,0.83127,0.83151
1747750449693.0,0.83128,0.83152
1747750450212.0,0.83129,0.83153
1747750450463.0,0.83138,0.83153
1747750450596.0,0.83136,0.83151
1747750450875.0,0.83134,0.83149
1747750450995.0,0.83136,0.83151
1747750451889.0,0.83133,0.83157
1747750452677.0,0.83134,0.83158
1747750452811.0,0.83135,0.83159
1747750456008.0,0.83131,0.83155
1747750456126.0,0.8313,0.83154
1747750456720.0,0.83128,0.83152
1747750457557.0,0.8313,0.83154
1747750457680.0,0.83131,0.83155
1747750458248.0,0.83132,0.83156
1747750458502.0,0.83129,0.83153
1747750459663.0,0.83129,0.83153
1747750460035.0,0.8313,0.83154
1747750460536.0,0.83129,0.83153
1747750460787.0,0.8313,0.83154
1747750461041.0,0.83129,0.83153
1747750462212.0,0.83132,0.83156
1747750463266.0,0.83132,0.83156
1747750463640.0,0.83131,0.83155
1747750464329.0,0.8313,0.83154
1747750464903.0,0.83129,0.83153
1747750465501.0,0.83128,0.83152
1747750465874.0,0.83129,0.83153
1747750467361.0,0.83132,0.83156
1747750467610.0,0.83127,0.83151
1747750467735.0,0.83128,0.83152
1747750467987.0,0.83127,0.83151
1747750468761.0,0.83128,0.83152
1747750469687.0,0.83132,0.83156
1747750470181.0,0.83131,0.83155
1747750470566.0,0.83132,0.83156
1747750470816.0,0.83127,0.83151
1747750470941.0,0.83128,0.83152
1747750471548.0,0.83129,0.83153
1747750473961.0,0.83132,0.83156
1747750474210.0,0.8313,0.83154
1747750475191.0,0.83129,0.83153
1747750475316.0,0.83128,0.83152
1747750475725.0,0.83131,0.83155
1747750478030.0,0.83129,0.83153
1747750480012.0,0.83135,0.83159
1747750480140.0,0.83139,0.83163
1747750480891.0,0.83138,0.83162
1747750481388.0,0.8314,0.83164
1747750481511.0,0.83139,0.83163
1747750481763.0,0.8314,0.83164
1747750482033.0,0.83141,0.83165
1747750482283.0,0.8314,0.83164
1747750482670.0,0.83142,0.83166
1747750487057.0,0.83145,0.83169
1747750487206.0,0.83144,0.83168
1747750488351.0,0.83145,0.83169
1747750488599.0,0.83144,0.83168
1747750489230.0,0.83145,0.83169
1747750489775.0,0.83149,0.83173
1747750490187.0,0.83148,0.83172
1747750491687.0,0.83149,0.83173
1747750491940.0,0.83153,0.83177
1747750492062.0,0.83154,0.83178
1747750492186.0,0.83153,0.83177
1747750493929.0,0.83156,0.8318
1747750494428.0,0.83153,0.83177
1747750495171.0,0.83154,0.83178
1747750495547.0,0.83153,0.83177
1747750495798.0,0.83154,0.83178
1747750497522.0,0.83153,0.83177
1747750498348.0,0.83154,0.83178
1747750499502.0,0.83153,0.83177
1747750499897.0,0.83149,0.83173
1747750500145.0,0.83148,0.83172
1747750500395.0,0.83148,0.83172
1747750501619.0,0.83145,0.83169
1747750503902.0,0.83143,0.83167
1747750505098.0,0.83142,0.83166
1747750505216.0,0.83141,0.83165
1747750507209.0,0.8314,0.83164
1747750507460.0,0.83131,0.83155
1747750508343.0,0.83129,0.83153
1747750509029.0,0.83128,0.83152
1747750509293.0,0.83129,0.83153
1747750509413.0,0.83128,0.83152
1747750509663.0,0.83129,0.83153
1747750509913.0,0.83134,0.83158
1747750510162.0,0.83135,0.83159
1747750510702.0,0.83134,0.83158
1747750510827.0,0.83132,0.83156
1747750511673.0,0.83134,0.83158
1747750512373.0,0.83132,0.83156
1747750513002.0,0.83133,0.83157
1747750514088.0,0.83132,0.83156
1747750515331.0,0.8313,0.83154
1747750516035.0,0.83129,0.83153
1747750516345.0,0.83137,0.83161
1747750517231.0,0.83135,0.83159
1747750517355.0,0.83136,0.8316
1747750517750.0,0.83133,0.83157
1747750519335.0,0.83132,0.83156
1747750519459.0,0.8313,0.83154
1747750520330.0,0.83131,0.83155
1747750521565.0,0.83132,0.83156
1747750521689.0,0.8313,0.83154
1747750521941.0,0.83131,0.83155
1747750522620.0,0.83131,0.83155
1747750522871.0,0.83135,0.83159
1747750522996.0,0.83136,0.8316
1747750523496.0,0.83134,0.83158
1747750524526.0,0.83136,0.8316
1747750525034.0,0.83135,0.83159
1747750525152.0,0.83136,0.8316
1747750528522.0,0.83135,0.83159
1747750530129.0,0.83133,0.83157
1747750531689.0,0.83134,0.83158
1747750533224.0,0.83139,0.83163
1747750533476.0,0.83139,0.83163
1747750533976.0,0.8314,0.83164
1747750534227.0,0.83138,0.83162
1747750534351.0,0.83137,0.83161
1747750534602.0,0.83136,0.8316
1747750536707.0,0.83134,0.83158
1747750537523.0,0.83136,0.8316
1747750538574.0,0.83135,0.83159
1747750539312.0,0.83134,0.83158
1747750539924.0,0.83135,0.83159
1747750540046.0,0.83136,0.8316
1747750541671.0,0.83137,0.83161
1747750541788.0,0.83138,0.83162
1747750542357.0,0.83136,0.8316
1747750542484.0,0.83137,0.83161
1747750547299.0,0.83139,0.83163
1747750548084.0,0.83144,0.83168
1747750548702.0,0.83148,0.83172
1747750549354.0,0.83149,0.83173
1747750549730.0,0.83154,0.83178
1747750549855.0,0.83153,0.83177
1747750550229.0,0.83152,0.83176
1747750550355.0,0.83151,0.83175
1747750551428.0,0.83149,0.83173
1747750551549.0,0.83148,0.83172
1747750553153.0,0.83152,0.83176
1747750554465.0,0.83153,0.83177
1747750554840.0,0.83152,0.83176
1747750555090.0,0.83151,0.83175
1747750555471.0,0.83153,0.83177
1747750559218.0,0.83152,0.83176
1747750560247.0,0.83153,0.83177
1747750560634.0,0.83156,0.8318
1747750560880.0,0.83153,0.83177
1747750561396.0,0.83151,0.83175
1747750562240.0,0.83152,0.83176
1747750564133.0,0.83155,0.83179
1747750564383.0,0.83152,0.83176
1747750565382.0,0.83154,0.83178
1747750565631.0,0.83153,0.83177
1747750566012.0,0.83152,0.83176
1747750566479.0,0.83151,0.83175
1747750566930.0,0.8315,0.83174
1747750567279.0,0.83152,0.83176
1747750567654.0,0.83153,0.83177
1747750570675.0,0.83154,0.83178
1747750570797.0,0.83156,0.8318
1747750572010.0,0.83155,0.83179
1747750572120.0,0.83153,0.83177
1747750574358.0,0.83155,0.83179
1747750574942.0,0.83154,0.83178
1747750575185.0,0.83155,0.83179
1747750576797.0,0.83157,0.83181
1747750579830.0,0.83152,0.83176
1747750581140.0,0.83157,0.83181
1747750581268.0,0.83159,0.83183
1747750582257.0,0.83159,0.83183
1747750582634.0,0.83158,0.83182
1747750584596.0,0.83159,0.83183
1747750588123.0,0.8316,0.83184
1747750588792.0,0.83158,0.83182
1747750590775.0,0.83156,0.8318
1747750591025.0,0.83157,0.83181
1747750591156.0,0.83158,0.83182
1747750591539.0,0.83158,0.83182
1747750592875.0,0.83157,0.83181
1747750593724.0,0.83156,0.8318
1747750593973.0,0.83155,0.83179
1747750594278.0,0.83156,0.8318
1747750594651.0,0.83154,0.83178
1747750595449.0,0.83157,0.83181
1747750596171.0,0.83158,0.83182
1747750596416.0,0.83168,0.83192
1747750596663.0,0.83167,0.83191
1747750597683.0,0.83166,0.8319
1747750600226.0,0.83167,0.83191
1747750600653.0,0.83168,0.83192
1747750601346.0,0.83167,0.83191
1747750602239.0,0.83166,0.8319
1747750603551.0,0.83167,0.83191
1747750604620.0,0.8317,0.83194
1747750604875.0,0.83169,0.83193
1747750606468.0,0.83173,0.83197
1747750608763.0,0.83172,0.83196
1747750609187.0,0.83171,0.83195
1747750609310.0,0.83167,0.83191
1747750609563.0,0.83168,0.83192
1747750610063.0,0.83169,0.83193
1747750610313.0,0.83174,0.83198
1747750611284.0,0.83173,0.83197
1747750611536.0,0.83176,0.832
1747750613509.0,0.83177,0.83201
1747750614234.0,0.83176,0.832
1747750614486.0,0.83168,0.83192
1747750615217.0,0.83167,0.83191
1747750615720.0,0.83169,0.83193
1747750615969.0,0.8317,0.83194
1747750616542.0,0.83169,0.83193
1747750618040.0,0.83168,0.83192
1747750618536.0,0.83173,0.83197
1747750621225.0,0.83175,0.83199
1747750622022.0,0.83173,0.83197
1747750622146.0,0.83174,0.83198
1747750622774.0,0.83173,0.83197
1747750623273.0,0.83167,0.83191
1747750623523.0,0.83169,0.83193
1747750623653.0,0.83168,0.83192
1747750625236.0,0.83172,0.83196
1747750627894.0,0.83171,0.83195
1747750628270.0,0.83172,0.83196
1747750629202.0,0.83173,0.83197
1747750630894.0,0.8317,0.83194
1747750632911.0,0.83169,0.83193
1747750634248.0,0.8317,0.83194
1747750634520.0,0.83171,0.83195
1747750634643.0,0.83172,0.83196
1747750635033.0,0.83174,0.83198
1747750635283.0,0.83173,0.83197
1747750636331.0,0.83179,0.83203
1747750636696.0,0.8318,0.83204
1747750636947.0,0.83179,0.83203
1747750637494.0,0.8318,0.83204
1747750638491.0,0.83179,0.83203
1747750640700.0,0.83178,0.83202
1747750640950.0,0.83183,0.83207
1747750641818.0,0.83182,0.83206
1747750642366.0,0.83184,0.83208
1747750643035.0,0.83183,0.83207
1747750645307.0,0.83183,0.83207
1747750647254.0,0.83182,0.83206
1747750650829.0,0.83181,0.83205
1747750651088.0,0.83179,0.83203
1747750652439.0,0.83176,0.832
1747750652689.0,0.83178,0.83202
1747750652940.0,0.83179,0.83203
1747750654149.0,0.83181,0.83205
1747750654275.0,0.83182,0.83206
1747750654892.0,0.83183,0.83207
1747750655008.0,0.83184,0.83208
1747750655883.0,0.83185,0.83209
1747750656312.0,0.83184,0.83208
1747750656566.0,0.8319,0.83214
1747750656935.0,0.83189,0.83213
1747750658866.0,0.8319,0.83214
1747750659231.0,0.83189,0.83213
1747750659364.0,0.83191,0.83215
1747750659838.0,0.83192,0.83216
1747750660089.0,0.83194,0.83218
1747750660340.0,0.83193,0.83217
1747750661083.0,0.83194,0.83218
1747750661458.0,0.83193,0.83217
1747750661840.0,0.83192,0.83216
1747750661957.0,0.83188,0.83212
1747750664234.0,0.83187,0.83211
1747750664357.0,0.83185,0.83209
1747750665067.0,0.83186,0.8321
1747750665504.0,0.83188,0.83212
1747750667123.0,0.83187,0.83211
1747750670750.0,0.83186,0.8321
1747750671899.0,0.83185,0.83209
1747750672565.0,0.83187,0.83211
1747750672691.0,0.83189,0.83213
1747750672941.0,0.83186,0.8321
1747750674084.0,0.83185,0.83209
1747750674327.0,0.83173,0.83197
1747750674583.0,0.83172,0.83196
1747750674699.0,0.83174,0.83198
1747750677705.0,0.8318,0.83204
1747750677955.0,0.83179,0.83203
1747750681177.0,0.8318,0.83204
1747750681304.0,0.83184,0.83208
1747750681679.0,0.83183,0.83207
1747750682064.0,0.83184,0.83208
1747750682593.0,0.83183,0.83207
1747750683317.0,0.83182,0.83206
1747750683691.0,0.83185,0.83209
1747750683942.0,0.83184,0.83208
1747750684441.0,0.83185,0.83209
1747750684690.0,0.83184,0.83208
1747750685113.0,0.83185,0.83209
1747750685240.0,0.83188,0.83212
1747750686452.0,0.83187,0.83211
1747750686702.0,0.83188,0.83212
1747750686954.0,0.83187,0.83211
1747750687728.0,0.83188,0.83212
1747750692035.0,0.83189,0.83213
1747750692164.0,0.8319,0.83214
1747750692286.0,0.83189,0.83213
1747750692535.0,0.83188,0.83212
1747750693392.0,0.83191,0.83215
1747750693517.0,0.8319,0.83214
1747750694449.0,0.83189,0.83213
1747750694976.0,0.8319,0.83214
1747750695102.0,0.83191,0.83215
1747750697636.0,0.83194,0.83218
1747750699015.0,0.83195,0.83219
1747750699130.0,0.83194,0.83218
1747750700220.0,0.83193,0.83217
1747750702554.0,0.83195,0.83219
1747750703563.0,0.83195,0.83219
1747750705344.0,0.83196,0.8322
1747750706047.0,0.83201,0.83225
1747750706179.0,0.83202,0.83226
1747750707390.0,0.83205,0.83229
1747750708445.0,0.83204,0.83228
1747750708568.0,0.83206,0.8323
1747750710134.0,0.83207,0.83231
1747750710383.0,0.83208,0.83232
1747750710816.0,0.83207,0.83231
1747750713144.0,0.83206,0.8323
1747750713646.0,0.83205,0.83229
1747750715934.0,0.83201,0.83225
1747750716408.0,0.83202,0.83226
1747750717892.0,0.83203,0.83227
1747750718490.0,0.83205,0.83229
1747750719370.0,0.83205,0.83229
1747750719619.0,0.83203,0.83227
1747750719870.0,0.83204,0.83228
1747750720843.0,0.83201,0.83225
1747750721731.0,0.832,0.83224
1747750722202.0,0.83201,0.83225
1747750722573.0,0.832,0.83224
1747750723023.0,0.83201,0.83225
1747750724742.0,0.83202,0.83226
1747750725287.0,0.83201,0.83225
1747750725769.0,0.83202,0.83226
1747750726347.0,0.83201,0.83225
1747750726809.0,0.83195,0.83219
1747750726935.0,0.83196,0.8322
1747750727185.0,0.83197,0.83221
1747750728030.0,0.83199,0.83223
1747750728424.0,0.83198,0.83222
1747750732394.0,0.83197,0.83221
1747750732644.0,0.83198,0.83222
1747750734069.0,0.83196,0.8322
1747750735146.0,0.83197,0.83221
1747750735989.0,0.83198,0.83222
1747750736776.0,0.83196,0.8322
1747750736893.0,0.83197,0.83221
1747750738013.0,0.83198,0.83222
1747750740977.0,0.832,0.83224
1747750741354.0,0.83201,0.83225
1747750741480.0,0.83206,0.8323
1747750741853.0,0.83204,0.83228
1747750742414.0,0.83202,0.83226
1747750744040.0,0.83203,0.83227
1747750744285.0,0.83209,0.83233
1747750744537.0,0.83207,0.83231
1747750745281.0,0.83208,0.83232
1747750746329.0,0.83209,0.83233
1747750747882.0,0.83208,0.83232
1747750748769.0,0.83207,0.83231
1747750749585.0,0.83206,0.8323
1747750749961.0,0.83203,0.83227
1747750752198.0,0.83201,0.83225
1747750752448.0,0.83202,0.83226
1747750752572.0,0.83203,0.83227
1747750755983.0,0.83207,0.83231
1747750756118.0,0.83206,0.8323
1747750756480.0,0.83206,0.8323
1747750756729.0,0.83205,0.83229
1747750756979.0,0.83206,0.8323
1747750758320.0,0.83205,0.83229
1747750759001.0,0.83205,0.83229
1747750759252.0,0.83203,0.83227
1747750759839.0,0.83201,0.83225
1747750760090.0,0.83198,0.83222
1747750763085.0,0.83197,0.83221
1747750763211.0,0.83198,0.83222
1747750764472.0,0.83198,0.83213
1747750766881.0,0.83193,0.83217
1747750768131.0,0.83194,0.83218
1747750770169.0,0.83198,0.83222
1747750771985.0,0.83197,0.83221
1747750773404.0,0.83198,0.83222
1747750773530.0,0.83199,0.83223
1747750774153.0,0.83202,0.83226
1747750774279.0,0.83201,0.83225
1747750775070.0,0.832,0.83224
1747750776030.0,0.83204,0.83228
1747750776165.0,0.83205,0.83229
1747750777026.0,0.83206,0.8323
1747750778545.0,0.83206,0.8323
1747750779346.0,0.83207,0.83231
1747750781793.0,0.8321,0.83234
1747750782479.0,0.83211,0.83235
1747750782729.0,0.8321,0.83234
1747750783481.0,0.83211,0.83235
1747750783729.0,0.83214,0.83238
1747750783979.0,0.83215,0.83239
1747750784612.0,0.83216,0.8324
1747750785122.0,0.83217,0.83241
1747750786925.0,0.83224,0.83248
1747750787166.0,0.83223,0.83247
1747750787541.0,0.8322,0.83244
1747750787879.0,0.83219,0.83243
1747750788519.0,0.8322,0.83244
1747750789333.0,0.83221,0.83245
1747750789463.0,0.83223,0.83247
1747750789586.0,0.83221,0.83245
1747750789960.0,0.8322,0.83244
1747750790211.0,0.83215,0.83239
1747750790460.0,0.83213,0.83237
1747750791079.0,0.83214,0.83238
1747750791205.0,0.83213,0.83237
1747750791454.0,0.83211,0.83235
1747750791705.0,0.83212,0.83236
1747750793403.0,0.83213,0.83237
1747750794290.0,0.83215,0.83239
1747750794663.0,0.83214,0.83238
1747750795866.0,0.83208,0.83232
1747750796001.0,0.83207,0.83231
1747750796242.0,0.83208,0.83232
1747750796490.0,0.83209,0.83233
1747750797786.0,0.8321,0.83234
1747750800461.0,0.83211,0.83235
1747750800586.0,0.8321,0.83234
1747750803098.0,0.83211,0.83235
1747750805339.0,0.83212,0.83236
1747750805951.0,0.83201,0.83225
1747750806192.0,0.83201,0.83225
1747750806575.0,0.83202,0.83226
1747750806834.0,0.83201,0.83225
1747750807443.0,0.83202,0.83226
1747750808393.0,0.83203,0.83227
1747750808657.0,0.83204,0.83228
1747750808780.0,0.83203,0.83227
1747750809157.0,0.83205,0.83229
1747750810828.0,0.83204,0.83228
1747750811071.0,0.83204,0.83228
1747750811191.0,0.83203,0.83227
1747750811442.0,0.83205,0.83229
1747750812395.0,0.83204,0.83228
1747750812518.0,0.83205,0.83229
1747750814081.0,0.83206,0.8323
1747750815080.0,0.83208,0.83232
1747750815202.0,0.83214,0.83238
1747750816290.0,0.83211,0.83235
1747750816420.0,0.83214,0.83238
1747750820107.0,0.83213,0.83237
1747750820232.0,0.83211,0.83235
1747750821046.0,0.83212,0.83236
1747750822790.0,0.83209,0.83233
1747750823676.0,0.8321,0.83234
1747750823801.0,0.83212,0.83236
1747750824051.0,0.8321,0.83234
1747750824426.0,0.83217,0.83241
1747750824676.0,0.83217,0.83241
1747750825199.0,0.83218,0.83242
1747750828399.0,0.83217,0.83241
1747750829399.0,0.83218,0.83242
1747750831484.0,0.83217,0.83241
1747750832776.0,0.83216,0.8324
1747750833028.0,0.83208,0.83232
1747750833678.0,0.83209,0.83233
1747750833807.0,0.83214,0.83238
1747750834433.0,0.83213,0.83237
1747750836182.0,0.83211,0.83235
1747750837043.0,0.83212,0.83236
1747750837651.0,0.83211,0.83235
1747750837771.0,0.83212,0.83236
1747750838250.0,0.83213,0.83237
1747750842256.0,0.83214,0.83238
1747750842580.0,0.83213,0.83237
1747750844739.0,0.83212,0.83236
1747750844854.0,0.83208,0.83232
1747750845230.0,0.83207,0.83231
1747750845481.0,0.83211,0.83235
1747750847012.0,0.8321,0.83234
1747750848047.0,0.83209,0.83233
1747750850852.0,0.83207,0.83231
1747750851292.0,0.83208,0.83232
1747750853309.0,0.83207,0.83231
1747750853742.0,0.83206,0.8323
1747750853855.0,0.83204,0.83228
1747750854119.0,0.83203,0.83227
1747750854762.0,0.83204,0.83228
1747750855011.0,0.83204,0.83228
1747750856723.0,0.83205,0.83229
1747750859624.0,0.83206,0.8323
1747750860429.0,0.83202,0.83226
1747750860680.0,0.83204,0.83228
1747750861351.0,0.83209,0.83233
1747750862298.0,0.83208,0.83232
1747750862556.0,0.8321,0.83234
1747750863776.0,0.83209,0.83233
1747750864340.0,0.8321,0.83234
1747750865185.0,0.83213,0.83237
1747750870310.0,0.83214,0.83238
1747750871303.0,0.83212,0.83236
1747750871441.0,0.83213,0.83237
1747750874410.0,0.83217,0.83241
1747750875339.0,0.83215,0.83239
1747750879656.0,0.83211,0.83235
1747750879907.0,0.83212,0.83236
1747750880581.0,0.83206,0.8323
1747750880812.0,0.83207,0.83231
1747750881052.0,0.83211,0.83235
1747750881333.0,0.83212,0.83236
1747750881458.0,0.83213,0.83237
1747750883045.0,0.83212,0.83236
1747750883423.0,0.83211,0.83235
1747750884668.0,0.83213,0.83237
1747750884795.0,0.83214,0.83238
1747750885576.0,0.83216,0.8324
1747750885883.0,0.83215,0.83239
1747750887521.0,0.83214,0.83238
1747750887771.0,0.83215,0.83239
1747750889051.0,0.83214,0.83238
1747750891463.0,0.83213,0.83237
1747750892014.0,0.83214,0.83238
1747750896140.0,0.83215,0.83239
1747750897140.0,0.83216,0.8324
1747750898369.0,0.83215,0.83239
1747750902067.0,0.83214,0.83238
1747750903286.0,0.83204,0.83228
1747750903410.0,0.83203,0.83227
1747750903536.0,0.83201,0.83225
1747750905117.0,0.832,0.83224
1747750905922.0,0.83205,0.8322
1747750906880.0,0.83201,0.83216
1747750907006.0,0.83202,0.83217
1747750909297.0,0.83203,0.83218
1747750909551.0,0.83202,0.83217
1747750909798.0,0.83199,0.83214
1747750910046.0,0.83202,0.83217
1747750911487.0,0.83201,0.83216
1747750912014.0,0.832,0.83215
1747750914299.0,0.83201,0.83216
1747750916597.0,0.83198,0.83213
1747750918168.0,0.83199,0.83214
1747750918294.0,0.83201,0.83216
1747750920414.0,0.83195,0.8321
1747750921356.0,0.83191,0.83206
1747750922296.0,0.83192,0.83207
1747750923401.0,0.83193,0.83217
1747750924240.0,0.83192,0.83216
1747750925110.0,0.83193,0.83217
1747750926371.0,0.83194,0.83218
1747750926873.0,0.83191,0.83215
1747750929220.0,0.83192,0.83216
1747750932836.0,0.83198,0.83213
1747750933205.0,0.83204,0.83219
1747750933334.0,0.83205,0.8322
1747750933798.0,0.83204,0.83219
1747750933927.0,0.83203,0.83218
1747750934719.0,0.83199,0.83223
1747750938781.0,0.832,0.83224
1747750940250.0,0.83199,0.83223
1747750940967.0,0.83203,0.83227
1747750944529.0,0.83204,0.83228
1747750944659.0,0.83206,0.8323
1747750944905.0,0.83208,0.83232
1747750946365.0,0.83207,0.83231
1747750946491.0,0.83201,0.83225
1747750946986.0,0.83202,0.83226
1747750950192.0,0.83204,0.83228
1747750950443.0,0.83208,0.83223
1747750951471.0,0.83206,0.83221
1747750952082.0,0.83204,0.83219
1747750953055.0,0.83207,0.83222
1747750953827.0,0.83206,0.83221
1747750953951.0,0.83207,0.83222
1747750954660.0,0.83202,0.83226
1747750955104.0,0.83203,0.83227
1747750955241.0,0.83204,0.83228
1747750956243.0,0.83203,0.83227
1747750956855.0,0.83201,0.83225
1747750957272.0,0.83202,0.83226
1747750960220.0,0.83201,0.83225
1747750960465.0,0.83193,0.83217
1747750960975.0,0.83192,0.83216
1747750961227.0,0.83193,0.83217
1747750963833.0,0.83194,0.83218
1747750963955.0,0.83196,0.8322
1747750964309.0,0.83195,0.83219
1747750964439.0,0.83193,0.83217
1747750965156.0,0.8319,0.83205
1747750965404.0,0.83191,0.83206
1747750965531.0,0.83193,0.83208
1747750966231.0,0.83185,0.832
1747750966364.0,0.83184,0.83199
1747750966605.0,0.83185,0.832
1747750967069.0,0.83183,0.83198
1747750967315.0,0.83177,0.83192
1747750967686.0,0.83178,0.83193
1747750969393.0,0.83179,0.83194
1747750969772.0,0.83176,0.83191
1747750969892.0,0.83177,0.83192
1747750970844.0,0.83178,0.83193
1747750972871.0,0.83177,0.83192
1747750973377.0,0.83178,0.83193
1747750973897.0,0.83179,0.83194
1747750974022.0,0.83174,0.83198
1747750977615.0,0.83172,0.83196
1747750978125.0,0.83167,0.83191
1747750978243.0,0.83168,0.83192
1747750979236.0,0.83167,0.83191
1747750980018.0,0.83168,0.83192
1747750980796.0,0.83167,0.83191
1747750981218.0,0.83168,0.83192
1747750983587.0,0.83167,0.83191
1747750983841.0,0.83167,0.83191
1747750986190.0,0.83166,0.8319
1747750986568.0,0.83164,0.83188
1747750986822.0,0.83163,0.83187
1747750986942.0,0.83161,0.83185
1747750989262.0,0.8316,0.83184
1747750989393.0,0.83158,0.83182
1747750989642.0,0.83159,0.83183
1747750989893.0,0.83157,0.83181
1747750990012.0,0.83156,0.8318
1747750990149.0,0.83157,0.83181
1747750991444.0,0.83151,0.83175
1747750991691.0,0.83152,0.83176
1747750991816.0,0.83153,0.83177
1747750992532.0,0.83156,0.8318
1747750994900.0,0.83154,0.83178
1747750995023.0,0.83155,0.83179
1747750996096.0,0.83159,0.83183
1747750996801.0,0.83159,0.83183
1747750997054.0,0.83158,0.83182
1747750998386.0,0.83157,0.83181
1747750998786.0,0.83158,0.83182
1747750999973.0,0.83157,0.83181
1747751002286.0,0.83156,0.8318
1747751004228.0,0.83152,0.83176
1747751004355.0,0.83149,0.83173
1747751004726.0,0.83149,0.83173
1747751006174.0,0.83148,0.83172
1747751006971.0,0.83149,0.83173
1747751008014.0,0.83154,0.83178
1747751008262.0,0.83153,0.83177
1747751008391.0,0.83152,0.83176
1747751009094.0,0.83156,0.8318
1747751009217.0,0.83155,0.83179
1747751009469.0,0.83154,0.83178
1747751009718.0,0.83153,0.83177
1747751009969.0,0.83154,0.83178
1747751010341.0,0.83153,0.83177
1747751017417.0,0.83151,0.83175
1747751017667.0,0.83152,0.83176
1747751018488.0,0.83151,0.83175
1747751018807.0,0.83152,0.83176
1747751019754.0,0.83151,0.83175
1747751020426.0,0.83148,0.83172
1747751020670.0,0.83148,0.83172
1747751023943.0,0.83147,0.83171
1747751024490.0,0.83148,0.83172
1747751025084.0,0.83147,0.83171
1747751026632.0,0.83148,0.83172
1747751029198.0,0.83149,0.83173
1747751029449.0,0.8315,0.83174
1747751029573.0,0.83152,0.83176
1747751029949.0,0.83159,0.83183
1747751030199.0,0.83158,0.83182
1747751030450.0,0.83157,0.83181
1747751031423.0,0.83156,0.8318
1747751033129.0,0.83155,0.83179
1747751035059.0,0.83155,0.83179
1747751036466.0,0.83158,0.83182
1747751036580.0,0.8316,0.83184
1747751036829.0,0.83158,0.83182
1747751037936.0,0.83159,0.83183
1747751039370.0,0.83162,0.83186
1747751040025.0,0.83161,0.83185
1747751041409.0,0.83162,0.83186
1747751043208.0,0.83163,0.83187
1747751043333.0,0.8316,0.83184
1747751044855.0,0.83158,0.83182
1747751045740.0,0.83156,0.83171
1747751045871.0,0.83158,0.83173
1747751046196.0,0.83157,0.83172
1747751046586.0,0.83152,0.83176
1747751047255.0,0.83154,0.83178
1747751047380.0,0.83155,0.83179
1747751048134.0,0.83154,0.83178
1747751048260.0,0.83155,0.83179
1747751049437.0,0.83152,0.83176
1747751049686.0,0.83157,0.83172
1747751050317.0,0.83152,0.83176
1747751050826.0,0.83153,0.83177
1747751051078.0,0.83152,0.83176
1747751053233.0,0.8315,0.83174
1747751053778.0,0.83149,0.83173
1747751053896.0,0.83148,0.83172
1747751056499.0,0.83145,0.83169
1747751056627.0,0.83144,0.83168
1747751056907.0,0.83145,0.83169
1747751060015.0,0.8315,0.83174
1747751060135.0,0.83151,0.83175
1747751060634.0,0.8315,0.83174
1747751060883.0,0.83151,0.83175
1747751061594.0,0.83152,0.83176
1747751065046.0,0.83153,0.83177
1747751066977.0,0.83154,0.83178
1747751072776.0,0.83157,0.83181
1747751073025.0,0.83159,0.83183
1747751073600.0,0.8316,0.83184
1747751073724.0,0.83159,0.83183
1747751077117.0,0.83168,0.83192
1747751077255.0,0.83169,0.83193
1747751079488.0,0.83168,0.83192
1747751080392.0,0.83168,0.83192
1747751080527.0,0.8317,0.83194
1747751080768.0,0.83168,0.83192
1747751084463.0,0.8317,0.83194
1747751086062.0,0.83168,0.83192
1747751086959.0,0.83173,0.83188
1747751087086.0,0.83174,0.83189
1747751089970.0,0.83175,0.8319
1747751090970.0,0.83174,0.83189
1747751091220.0,0.83173,0.83188
1747751092880.0,0.83174,0.83189
1747751098350.0,0.83169,0.83193
1747751098473.0,0.83165,0.83189
1747751099891.0,0.83168,0.83183
1747751100222.0,0.83167,0.83182
1747751100642.0,0.83166,0.83181
1747751100898.0,0.83161,0.83185
1747751102034.0,0.83162,0.83186
1747751103919.0,0.83166,0.8319
1747751105822.0,0.83167,0.83191
1747751106511.0,0.83166,0.8319
1747751107866.0,0.83165,0.83189
1747751110763.0,0.83164,0.83188
1747751110888.0,0.83162,0.83186
1747751111480.0,0.83163,0.83187
1747751112598.0,0.83161,0.83185
1747751114218.0,0.83162,0.83186
1747751114351.0,0.83161,0.83185
1747751117312.0,0.83154,0.83178
1747751117433.0,0.83152,0.83176
1747751117696.0,0.83153,0.83177
1747751118861.0,0.83154,0.83178
1747751122636.0,0.83155,0.83179
1747751123524.0,0.83153,0.83177
1747751123805.0,0.83154,0.83178
1747751126007.0,0.83155,0.83179
1747751126269.0,0.83154,0.83178
1747751126520.0,0.83155,0.83179
1747751129723.0,0.83154,0.83178
1747751130691.0,0.83153,0.83177
1747751131611.0,0.83154,0.83178
1747751132476.0,0.83155,0.83179
1747751132726.0,0.83153,0.83177
1747751132856.0,0.83154,0.83178
1747751133811.0,0.83153,0.83177
1747751133927.0,0.83151,0.83175
1747751134463.0,0.83152,0.83176
1747751140566.0,0.83151,0.83175
1747751142541.0,0.83152,0.83176
1747751142666.0,0.83159,0.83183
1747751142791.0,0.83158,0.83182
1747751143290.0,0.83154,0.83178
1747751144199.0,0.83153,0.83177
1747751144604.0,0.83144,0.83168
1747751144854.0,0.83141,0.83165
1747751144984.0,0.83142,0.83166
1747751145234.0,0.83144,0.83168
1747751145355.0,0.83143,0.83167
1747751151030.0,0.8314,0.83164
1747751152931.0,0.83141,0.83165
1747751153327.0,0.83145,0.83169
1747751153578.0,0.83145,0.83169
1747751153704.0,0.83144,0.83168
1747751154057.0,0.83144,0.83168
1747751154674.0,0.83141,0.83165
1747751154799.0,0.83142,0.83166
1747751156404.0,0.83141,0.83165
1747751159495.0,0.83142,0.83166
1747751159746.0,0.83141,0.83165
1747751160648.0,0.83138,0.83162
1747751160773.0,0.83139,0.83163
1747751161529.0,0.83138,0.83162
1747751166630.0,0.83137,0.83161
1747751166729.0,0.83129,0.83153
1747751168171.0,0.8313,0.83154
1747751171469.0,0.83134,0.83149
1747751171595.0,0.83133,0.83148
1747751173027.0,0.83139,0.83154
1747751173154.0,0.83138,0.83153
1747751173829.0,0.83139,0.83154
1747751173958.0,0.83138,0.83153
1747751174213.0,0.83141,0.83156
1747751174463.0,0.83138,0.83162
1747751175544.0,0.83138,0.83162
1747751177434.0,0.83141,0.83165
1747751177685.0,0.83142,0.83166
1747751177934.0,0.83143,0.83167
1747751178257.0,0.83142,0.83166
1747751178387.0,0.83141,0.83165
1747751180048.0,0.83143,0.83167
1747751180179.0,0.83141,0.83165
1747751181108.0,0.8314,0.83164
1747751181564.0,0.83139,0.83163
1747751181686.0,0.83136,0.8316
1747751181816.0,0.83133,0.83157
1747751182310.0,0.83133,0.83157
1747751183060.0,0.83134,0.83158
1747751183543.0,0.83129,0.83153
1747751184187.0,0.83131,0.83155
1747751185756.0,0.83132,0.83156
1747751185880.0,0.83133,0.83157
1747751186503.0,0.83135,0.83159
1747751186753.0,0.83136,0.8316
1747751188560.0,0.83133,0.83157
1747751189060.0,0.83134,0.83158
1747751191132.0,0.83135,0.83159
1747751193123.0,0.83134,0.83158
1747751193240.0,0.83129,0.83153
1747751194676.0,0.83128,0.83152
1747751195300.0,0.83129,0.83153
1747751195426.0,0.8313,0.83154
1747751196344.0,0.83126,0.8315
1747751198509.0,0.83127,0.83151
1747751198634.0,0.83128,0.83152
1747751200002.0,0.8313,0.83154
1747751200254.0,0.83131,0.83155
1747751201347.0,0.8313,0.83154
1747751201466.0,0.83128,0.83152
1747751201847.0,0.8313,0.83154
1747751202163.0,0.83131,0.83155
1747751203111.0,0.83132,0.83156
1747751203364.0,0.83134,0.83158
1747751204801.0,0.83139,0.83163
1747751205053.0,0.83138,0.83162
1747751205386.0,0.83135,0.83159
1747751206913.0,0.83139,0.83163
1747751207036.0,0.8314,0.83164
1747751207294.0,0.83141,0.83165
1747751207416.0,0.83142,0.83166
1747751207786.0,0.83142,0.83166
1747751208818.0,0.83143,0.83167
1747751209064.0,0.83141,0.83165
1747751209683.0,0.83138,0.83162
1747751210189.0,0.83137,0.83161
1747751211063.0,0.83136,0.8316
1747751211306.0,0.83138,0.83162
1747751213550.0,0.83144,0.83168
1747751213801.0,0.83143,0.83167
1747751217051.0,0.83148,0.83172
1747751217302.0,0.83144,0.83168
1747751217430.0,0.83143,0.83167
1747751217679.0,0.83145,0.83169
1747751218240.0,0.83146,0.8317
1747751218616.0,0.83151,0.83175
1747751218740.0,0.83153,0.83177
1747751219510.0,0.83152,0.83176
1747751220967.0,0.83153,0.83177
1747751221279.0,0.83156,0.8318
1747751221404.0,0.83157,0.83181
1747751221533.0,0.83161,0.83185
1747751221652.0,0.8316,0.83184
1747751221778.0,0.83161,0.83185
1747751222155.0,0.8316,0.83184
1747751222739.0,0.83159,0.83183
1747751223970.0,0.83162,0.83177
1747751224220.0,0.83163,0.83178
1747751226699.0,0.83164,0.83179
1747751226823.0,0.83159,0.83183
1747751227608.0,0.83161,0.83185
1747751228133.0,0.83157,0.83181
1747751228509.0,0.8316,0.83184
1747751228757.0,0.83159,0.83183
1747751229188.0,0.83158,0.83182
1747751229313.0,0.83155,0.83179
1747751230321.0,0.83152,0.83176
1747751230697.0,0.83153,0.83177
1747751231199.0,0.83152,0.83176
1747751238458.0,0.83143,0.83167
1747751238705.0,0.83136,0.8316
1747751238954.0,0.83135,0.83159
1747751239203.0,0.83137,0.83161
1747751239454.0,0.83135,0.83159
1747751239582.0,0.83133,0.83157
1747751240309.0,0.83132,0.83156
1747751240880.0,0.83134,0.83158
1747751241009.0,0.83133,0.83157
1747751241381.0,0.83137,0.83161
1747751241677.0,0.83136,0.8316
1747751241927.0,0.83136,0.8316
1747751244687.0,0.83137,0.83161
1747751246102.0,0.83136,0.8316
1747751247106.0,0.83135,0.83159
1747751250600.0,0.83136,0.8316
1747751250711.0,0.83138,0.83162
1747751251693.0,0.83137,0.83161
1747751251940.0,0.83136,0.8316
1747751252284.0,0.83137,0.83161
1747751253005.0,0.83136,0.8316
1747751253417.0,0.83134,0.83158
1747751254670.0,0.83137,0.83161
1747751254921.0,0.83137,0.83161
1747751255641.0,0.83138,0.83162
1747751259546.0,0.83139,0.83163
1747751259683.0,0.83141,0.83165
1747751260691.0,0.83142,0.83166
1747751262872.0,0.83143,0.83167
1747751262990.0,0.83145,0.83169
1747751264378.0,0.83144,0.83168
1747751264628.0,0.83145,0.83169
1747751267237.0,0.83148,0.83172
1747751267988.0,0.83147,0.83171
1747751270141.0,0.83145,0.83169
1747751271361.0,0.83148,0.83172
1747751272633.0,0.83147,0.83171
1747751272741.0,0.83144,0.83168
1747751275618.0,0.83143,0.83167
1747751275714.0,0.83138,0.83162
1747751278284.0,0.8314,0.83164
1747751279240.0,0.83139,0.83163
1747751279614.0,0.83138,0.83162
1747751280243.0,0.8314,0.83164
1747751280742.0,0.83137,0.83161
1747751282151.0,0.83133,0.83157
1747751283035.0,0.83136,0.83151
1747751283449.0,0.83137,0.83152
1747751284390.0,0.83138,0.83162
1747751286485.0,0.83137,0.83161
1747751288122.0,0.83138,0.83162
1747751290971.0,0.83139,0.83163
1747751292100.0,0.83138,0.83162
1747751292213.0,0.83137,0.83161
1747751294857.0,0.83134,0.83158
1747751296174.0,0.83134,0.83158
1747751296686.0,0.83131,0.83155
1747751297101.0,0.83132,0.83156
1747751297800.0,0.83131,0.83155
1747751298173.0,0.83132,0.83156
1747751299474.0,0.83131,0.83155
1747751300546.0,0.83133,0.83157
1747751300920.0,0.83132,0.83156
1747751302440.0,0.83131,0.83155
1747751302565.0,0.83132,0.83156
1747751304323.0,0.83125,0.83149
1747751304596.0,0.83124,0.83148
1747751304689.0,0.83126,0.8315
1747751304950.0,0.83125,0.83149
1747751305450.0,0.83127,0.83151
1747751305947.0,0.83125,0.83149
1747751306092.0,0.83124,0.83148
1747751307013.0,0.83125,0.83149
1747751307856.0,0.83127,0.83151
1747751308106.0,0.83128,0.83152
1747751308355.0,0.83129,0.83153
1747751308732.0,0.83131,0.83155
1747751310377.0,0.8313,0.83154
1747751310626.0,0.83132,0.83156
1747751312146.0,0.8313,0.83154
1747751312278.0,0.83132,0.83156
1747751313284.0,0.83132,0.83156
1747751313659.0,0.83131,0.83155
1747751314410.0,0.83132,0.83156
1747751314659.0,0.83133,0.83157
1747751316861.0,0.83127,0.83151
1747751317109.0,0.83127,0.83151
1747751317945.0,0.83128,0.83152
1747751319119.0,0.8313,0.83154
1747751320416.0,0.83138,0.83162
1747751321763.0,0.83139,0.83163
1747751322802.0,0.8314,0.83164
1747751323051.0,0.83142,0.83166
1747751323300.0,0.83144,0.83168
1747751323425.0,0.83145,0.83169
1747751323813.0,0.83146,0.8317
1747751323933.0,0.83145,0.83169
1747751325419.0,0.83143,0.83167
1747751327932.0,0.83144,0.83168
1747751328187.0,0.83141,0.83165
1747751329221.0,0.83144,0.83168
1747751329601.0,0.83145,0.83169
1747751329849.0,0.83144,0.83168
1747751330346.0,0.83145,0.83169
1747751330596.0,0.83144,0.83168
1747751338203.0,0.83136,0.8316
1747751338451.0,0.83134,0.83158
1747751338851.0,0.83135,0.83159
1747751339660.0,0.83136,0.8316
1747751340331.0,0.83135,0.83159
1747751340589.0,0.83139,0.83163
1747751340831.0,0.8314,0.83164
1747751342203.0,0.83141,0.83165
1747751343096.0,0.83142,0.83166
1747751346220.0,0.83143,0.83167
1747751347713.0,0.83146,0.8317
1747751347840.0,0.83145,0.83169
1747751348089.0,0.83144,0.83168
1747751349601.0,0.83145,0.83169
1747751349845.0,0.83145,0.83169
1747751350941.0,0.83143,0.83167
1747751354547.0,0.83147,0.83171
1747751354670.0,0.83146,0.8317
1747751358779.0,0.83147,0.83171
1747751364444.0,0.83149,0.83173
1747751364690.0,0.83148,0.83172
1747751364947.0,0.83146,0.8317
1747751365193.0,0.83145,0.83169
1747751365439.0,0.83146,0.8317
1747751366039.0,0.83145,0.83169
1747751366164.0,0.83144,0.83168
1747751366415.0,0.83145,0.83169
1747751367439.0,0.83148,0.83172
1747751367690.0,0.83149,0.83173
1747751368416.0,0.83148,0.83172
1747751368667.0,0.83146,0.8317
1747751369183.0,0.83147,0.83171
1747751370201.0,0.83146,0.8317
1747751370947.0,0.83141,0.83165
1747751371199.0,0.83141,0.83165
1747751371315.0,0.83142,0.83166
1747751372189.0,0.83141,0.83165
1747751373564.0,0.83142,0.83166
1747751374232.0,0.83142,0.83166
1747751374703.0,0.83142,0.83166
1747751375611.0,0.83141,0.83165
1747751376109.0,0.8314,0.83164
1747751376634.0,0.83139,0.83163
1747751382048.0,0.83137,0.83161
1747751382170.0,0.83136,0.8316
1747751386571.0,0.83134,0.83158
1747751387585.0,0.83135,0.83159
1747751388885.0,0.83136,0.8316
1747751389136.0,0.83134,0.83158
1747751389712.0,0.83133,0.83157
1747751390190.0,0.83132,0.83156
1747751390316.0,0.83133,0.83157
1747751391370.0,0.83136,0.8316
1747751391494.0,0.83135,0.83159
1747751393934.0,0.83136,0.8316
1747751395266.0,0.83135,0.83159
1747751397728.0,0.8314,0.83164
1747751397976.0,0.83141,0.83165
1747751398391.0,0.83142,0.83166
1747751399176.0,0.83143,0.83167
1747751400325.0,0.8314,0.83164
1747751400575.0,0.83141,0.83165
1747751401261.0,0.8314,0.83164
1747751401769.0,0.83141,0.83165
1747751406258.0,0.8314,0.83164
1747751407135.0,0.83138,0.83162
1747751407510.0,0.83137,0.83161
1747751408050.0,0.83136,0.8316
1747751408173.0,0.83141,0.83165
1747751410881.0,0.83146,0.8317
1747751411632.0,0.83144,0.83168
1747751411755.0,0.83143,0.83167
1747751412771.0,0.83144,0.83168
1747751413020.0,0.83147,0.83171
1747751415080.0,0.83148,0.83172
1747751415323.0,0.83144,0.83168
1747751415446.0,0.83146,0.8317
1747751416229.0,0.83147,0.83171
1747751416996.0,0.8315,0.83174
1747751418106.0,0.83149,0.83173
1747751419185.0,0.83148,0.83172
1747751419312.0,0.83149,0.83173
1747751419933.0,0.8315,0.83174
1747751420057.0,0.83155,0.83179
1747751420308.0,0.83153,0.83177
1747751420556.0,0.83154,0.83178
1747751421235.0,0.83155,0.83179
1747751422200.0,0.83154,0.83178
1747751422328.0,0.83156,0.8318
1747751422703.0,0.83158,0.83182
1747751423148.0,0.83157,0.83181
1747751424172.0,0.83158,0.83182
1747751425077.0,0.83156,0.8318
1747751426069.0,0.83157,0.83181
1747751427088.0,0.83156,0.8318
1747751430475.0,0.83155,0.83179
1747751431095.0,0.83156,0.8318
1747751431217.0,0.83157,0.83181
1747751434058.0,0.83156,0.8318
1747751434176.0,0.83154,0.83178
1747751434784.0,0.83155,0.83179
1747751435971.0,0.83152,0.83176
1747751436780.0,0.83151,0.83175
1747751437629.0,0.83154,0.83178
1747751438605.0,0.83148,0.83172
1747751440835.0,0.83147,0.83171
1747751441080.0,0.83147,0.83171
1747751441794.0,0.83149,0.83173
1747751443123.0,0.83148,0.83172
1747751443375.0,0.83142,0.83166
1747751443748.0,0.83141,0.83165
1747751444517.0,0.83138,0.83162
1747751445298.0,0.83141,0.83165
1747751445424.0,0.8314,0.83164
1747751445985.0,0.83139,0.83163
1747751446235.0,0.8314,0.83164
1747751448255.0,0.83146,0.8317
1747751448506.0,0.83147,0.83171
1747751448796.0,0.83146,0.8317
1747751449195.0,0.8315,0.83174
1747751449567.0,0.83151,0.83175
1747751450696.0,0.8315,0.83174
1747751451893.0,0.83147,0.83171
1747751452142.0,0.8315,0.83174
1747751453331.0,0.83148,0.83172
1747751453458.0,0.83147,0.83171
1747751453873.0,0.83146,0.8317
1747751456926.0,0.83145,0.83169
1747751457859.0,0.83146,0.8317
1747751458469.0,0.83145,0.83169
1747751458718.0,0.83146,0.8317
1747751458842.0,0.83151,0.83175
1747751459898.0,0.8315,0.83174
1747751460341.0,0.83149,0.83173
1747751461705.0,0.83151,0.83175
1747751461964.0,0.8315,0.83174
1747751463200.0,0.83149,0.83173
1747751463457.0,0.83148,0.83172
1747751464732.0,0.8315,0.83174
1747751465524.0,0.83149,0.83173
1747751468784.0,0.83148,0.83172
1747751470129.0,0.83149,0.83173
1747751472289.0,0.83148,0.83172
1747751473102.0,0.83149,0.83173
1747751475359.0,0.83155,0.83179
1747751475741.0,0.83154,0.83178
1747751477111.0,0.83151,0.83175
1747751478319.0,0.83152,0.83176
1747751479084.0,0.83153,0.83177
1747751483162.0,0.83147,0.83171
1747751483781.0,0.83148,0.83172
1747751483906.0,0.83149,0.83173
1747751484265.0,0.83148,0.83172
1747751486534.0,0.83153,0.83177
1747751486909.0,0.83152,0.83176
1747751487285.0,0.83155,0.83179
1747751487660.0,0.83156,0.8318
1747751488056.0,0.83154,0.83178
1747751490571.0,0.83153,0.83177
1747751491347.0,0.83154,0.83178
1747751491773.0,0.83153,0.83177
1747751492847.0,0.83154,0.83178
1747751494592.0,0.83156,0.8318
1747751494948.0,0.83155,0.83179
1747751495068.0,0.83158,0.83182
1747751497826.0,0.8316,0.83184
1747751503222.0,0.83159,0.83183
1747751503347.0,0.8316,0.83184
1747751505435.0,0.83159,0.83183
1747751506407.0,0.83158,0.83182
1747751506536.0,0.83161,0.83185
1747751506788.0,0.83168,0.83192
1747751507626.0,0.83169,0.83193
1747751508454.0,0.83167,0.83191
1747751512013.0,0.83168,0.83192
1747751512267.0,0.83161,0.83185
1747751514066.0,0.83159,0.83183
1747751514191.0,0.8316,0.83184
1747751516581.0,0.83159,0.83183
1747751516699.0,0.8316,0.83184
1747751518192.0,0.83164,0.83188
1747751518443.0,0.83162,0.83186
1747751518693.0,0.8316,0.83184
1747751519075.0,0.83161,0.83185
1747751519190.0,0.83159,0.83183
1747751519441.0,0.83159,0.83183
1747751520020.0,0.83157,0.83181
1747751522350.0,0.83158,0.83182
1747751524395.0,0.83156,0.8318
1747751525014.0,0.83157,0.83181
1747751526546.0,0.83159,0.83183
1747751528081.0,0.8316,0.83184
1747751529797.0,0.83159,0.83183
1747751532779.0,0.8316,0.83184
1747751533256.0,0.83161,0.83185
1747751534161.0,0.83162,0.83186
1747751534410.0,0.83161,0.83185
1747751535767.0,0.83164,0.83188
1747751536024.0,0.83165,0.83189
1747751536271.0,0.83169,0.83193
1747751537188.0,0.83168,0.83192
1747751539803.0,0.83166,0.8319
1747751540184.0,0.83165,0.83189
1747751540913.0,0.83166,0.8319
1747751541035.0,0.83167,0.83191
1747751542593.0,0.83166,0.8319
1747751543883.0,0.83167,0.83191
1747751547176.0,0.83166,0.8319
1747751550445.0,0.83167,0.83191
1747751551716.0,0.83171,0.83195
1747751551966.0,0.8317,0.83194
1747751552089.0,0.83172,0.83196
1747751552216.0,0.83174,0.83198
1747751552466.0,0.83173,0.83197
1747751552862.0,0.83172,0.83196
1747751553188.0,0.83171,0.83195
1747751553955.0,0.83172,0.83196
1747751554075.0,0.83173,0.83197
1747751554455.0,0.83172,0.83196
1747751554576.0,0.83173,0.83197
1747751555336.0,0.83166,0.8319
1747751555470.0,0.83168,0.83192
1747751558055.0,0.83168,0.83192
1747751559963.0,0.83169,0.83193
1747751560736.0,0.83171,0.83195
1747751561446.0,0.8317,0.83194
1747751562201.0,0.83169,0.83193
1747751563215.0,0.83168,0.83192
1747751564181.0,0.83169,0.83193
1747751565967.0,0.83164,0.83188
1747751566094.0,0.83165,0.83189
1747751569060.0,0.83169,0.83193
1747751569745.0,0.83164,0.83188
1747751570769.0,0.83169,0.83193
1747751571388.0,0.83168,0.83192
1747751571505.0,0.83172,0.83196
1747751571881.0,0.83173,0.83197
1747751572007.0,0.83174,0.83198
1747751572505.0,0.83176,0.832
1747751572632.0,0.83179,0.83203
1747751572756.0,0.8318,0.83204
1747751573005.0,0.83181,0.83205
1747751573131.0,0.83183,0.83207
1747751574044.0,0.83184,0.83208
1747751574167.0,0.83186,0.8321
1747751574484.0,0.83185,0.83209
1747751574736.0,0.83184,0.83208
1747751575428.0,0.83185,0.83209
1747751576909.0,0.83182,0.83206
1747751577336.0,0.83183,0.83207
1747751579192.0,0.83184,0.83208
1747751583363.0,0.83183,0.83207
1747751583612.0,0.83184,0.83208
1747751584732.0,0.83178,0.83202
1747751586797.0,0.83178,0.83202
1747751587047.0,0.8318,0.83204
1747751587358.0,0.83181,0.83205
1747751587484.0,0.8318,0.83204
1747751587889.0,0.83176,0.832
1747751588013.0,0.83177,0.83201
1747751588421.0,0.83178,0.83202
1747751588547.0,0.83179,0.83203
1747751591375.0,0.83178,0.83202
1747751591618.0,0.83178,0.83202
1747751593643.0,0.83179,0.83203
1747751594430.0,0.83181,0.83205
1747751598713.0,0.8318,0.83204
1747751598839.0,0.83178,0.83202
1747751601858.0,0.83179,0.83203
1747751602687.0,0.83178,0.83202
1747751604679.0,0.83179,0.83203
1747751609018.0,0.8318,0.83204
1747751609518.0,0.83181,0.83205
1747751610129.0,0.8318,0.83204
1747751611356.0,0.83181,0.83205
1747751612106.0,0.83183,0.83207
1747751612482.0,0.83184,0.83208
1747751613182.0,0.83185,0.83209
1747751613654.0,0.83184,0.83208
1747751616358.0,0.8319,0.83214
1747751616610.0,0.83191,0.83215
1747751616742.0,0.83194,0.83218
1747751617595.0,0.83195,0.83219
1747751618569.0,0.83195,0.83219
1747751618820.0,0.83194,0.83218
1747751621109.0,0.83196,0.8322
1747751621229.0,0.83197,0.83221
1747751621355.0,0.83196,0.8322
1747751622390.0,0.83198,0.83222
1747751622640.0,0.83199,0.83223
1747751623986.0,0.83199,0.83223
1747751626910.0,0.832,0.83224
1747751628086.0,0.83202,0.83226
1747751628212.0,0.83203,0.83227
1747751628764.0,0.83201,0.83225
1747751629719.0,0.83202,0.83226
1747751630092.0,0.83205,0.83229
1747751630349.0,0.83207,0.83231
1747751630718.0,0.83204,0.83228
1747751631614.0,0.83205,0.83229
1747751631863.0,0.83205,0.83229
1747751632114.0,0.83207,0.83231
1747751632927.0,0.83208,0.83232
1747751633175.0,0.83207,0.83231
1747751635084.0,0.8321,0.83234
1747751635213.0,0.83215,0.83239
1747751635585.0,0.83216,0.8324
1747751635834.0,0.83215,0.83239
1747751636341.0,0.83216,0.8324
1747751636721.0,0.83219,0.83243
1747751637214.0,0.83221,0.83245
1747751637465.0,0.8322,0.83244
1747751638241.0,0.83223,0.83247
1747751639249.0,0.83222,0.83246
1747751640293.0,0.83216,0.8324
1747751640680.0,0.83217,0.83241
1747751640918.0,0.83218,0.83242
1747751642016.0,0.83217,0.83241
1747751642709.0,0.83215,0.83239
1747751642958.0,0.83217,0.83241
1747751644234.0,0.83216,0.8324
1747751645498.0,0.83215,0.83239
1747751645749.0,0.83212,0.83236
1747751645999.0,0.83215,0.83239
1747751646226.0,0.83216,0.8324
1747751646346.0,0.83218,0.83242
1747751646596.0,0.8322,0.83244
1747751646720.0,0.83219,0.83243
1747751647443.0,0.83218,0.83242
1747751648515.0,0.83219,0.83243
1747751649509.0,0.83216,0.8324
1747751649756.0,0.83217,0.83241
1747751649963.0,0.83215,0.83239
1747751651629.0,0.83214,0.83238
1747751652527.0,0.83215,0.83239
1747751652782.0,0.83214,0.83238
1747751655217.0,0.83216,0.8324
1747751655716.0,0.83218,0.83242
1747751656859.0,0.83219,0.83243
1747751657691.0,0.83218,0.83242
1747751657815.0,0.83219,0.83243
1747751659290.0,0.83222,0.83246
1747751662010.0,0.83223,0.83247
1747751662254.0,0.83226,0.8325
1747751662503.0,0.83228,0.83252
1747751663277.0,0.83225,0.83249
1747751663650.0,0.83224,0.83248
1747751664494.0,0.83225,0.83249
1747751665889.0,0.83226,0.8325
1747751666559.0,0.83228,0.83252
1747751666942.0,0.83227,0.83251
1747751667433.0,0.83228,0.83252
1747751667943.0,0.83229,0.83253
1747751668187.0,0.83232,0.83256
1747751668438.0,0.83232,0.83256
1747751669005.0,0.83229,0.83253
1747751669134.0,0.83231,0.83255
1747751669998.0,0.8323,0.83254
1747751670249.0,0.83231,0.83255
1747751670913.0,0.83228,0.83252
1747751671621.0,0.83227,0.83251
1747751672784.0,0.83228,0.83252
1747751672910.0,0.83229,0.83253
1747751674380.0,0.8323,0.83254
1747751675543.0,0.8323,0.83254
1747751675793.0,0.83229,0.83253
1747751676044.0,0.8323,0.83254
1747751676969.0,0.83229,0.83253
1747751677716.0,0.83233,0.83257
1747751678465.0,0.83232,0.83256
1747751679340.0,0.83231,0.83255
1747751679590.0,0.83229,0.83253
1747751679714.0,0.83227,0.83251
1747751680429.0,0.83226,0.8325
1747751681441.0,0.83229,0.83253
1747751682158.0,0.83228,0.83252
1747751684010.0,0.83227,0.83251
1747751684261.0,0.83229,0.83253
1747751685180.0,0.83228,0.83252
1747751686485.0,0.83229,0.83253
1747751688121.0,0.8323,0.83254
1747751690176.0,0.8323,0.83254
1747751690720.0,0.83231,0.83255
1747751690840.0,0.83232,0.83256
1747751691557.0,0.83229,0.83253
1747751692465.0,0.8323,0.83254
1747751692919.0,0.83233,0.83257
1747751693467.0,0.83232,0.83256
1747751694244.0,0.83233,0.83257
1747751694365.0,0.83234,0.83258
1747751695021.0,0.83235,0.83259
1747751695133.0,0.83236,0.8326
1747751696677.0,0.83234,0.83258
1747751696925.0,0.83231,0.83255
1747751697224.0,0.83232,0.83256
1747751697870.0,0.83231,0.83255
1747751698870.0,0.83232,0.83256
1747751699509.0,0.83231,0.83255
1747751701355.0,0.83233,0.83257
1747751701481.0,0.83234,0.83258
1747751702171.0,0.83236,0.8326
1747751706155.0,0.83235,0.83259
1747751706280.0,0.83237,0.83261
1747751707203.0,0.83238,0.83262
1747751707329.0,0.8324,0.83264
1747751708033.0,0.83239,0.83263
1747751708156.0,0.8323,0.83254
1747751709119.0,0.83229,0.83253
1747751709379.0,0.8323,0.83254
1747751710035.0,0.83231,0.83255
1747751711077.0,0.83238,0.83262
1747751712720.0,0.83232,0.83256
1747751712966.0,0.83233,0.83257
1747751716557.0,0.83225,0.83249
1747751716806.0,0.83223,0.83247
1747751717623.0,0.83224,0.83248
1747751720844.0,0.83226,0.8325
1747751720973.0,0.83225,0.83249
1747751721625.0,0.83226,0.8325
1747751721875.0,0.83231,0.83255
1747751722754.0,0.83231,0.83255
1747751724135.0,0.83233,0.83257
1747751724384.0,0.83235,0.83259
1747751724636.0,0.83234,0.83258
1747751726486.0,0.83235,0.83259
1747751728505.0,0.83234,0.83258
1747751729379.0,0.83235,0.83259
1747751730071.0,0.83235,0.83259
1747751730205.0,0.83234,0.83258
1747751730452.0,0.83235,0.83259
1747751731579.0,0.83234,0.83258
1747751731954.0,0.83228,0.83252
1747751732204.0,0.83226,0.8325
1747751732704.0,0.83227,0.83251
1747751733079.0,0.83229,0.83253
1747751734976.0,0.8323,0.83254
1747751735221.0,0.8323,0.83254
1747751736481.0,0.83233,0.83257
1747751738498.0,0.83234,0.83258
1747751740254.0,0.83235,0.83259
1747751741275.0,0.83238,0.83262
1747751741525.0,0.8324,0.83264
1747751742556.0,0.83243,0.83267
1747751743809.0,0.83242,0.83266
1747751745382.0,0.83238,0.83262
1747751745624.0,0.83239,0.83263
1747751745747.0,0.83238,0.83262
1747751745998.0,0.83227,0.83251
1747751746372.0,0.83229,0.83253
1747751750169.0,0.83234,0.83258
1747751750694.0,0.83236,0.8326
1747751750820.0,0.83238,0.83262
1747751751445.0,0.83239,0.83263
1747751752809.0,0.83238,0.83262
1747751752936.0,0.83239,0.83263
1747751753422.0,0.83239,0.83263
1747751754235.0,0.83238,0.83262
1747751754359.0,0.83239,0.83263
1747751756432.0,0.8324,0.83264
1747751759081.0,0.83241,0.83265
1747751760440.0,0.83245,0.83269
1747751760690.0,0.83246,0.8327
1747751760821.0,0.83244,0.83268
1747751761155.0,0.83245,0.83269
1747751761778.0,0.83243,0.83267
1747751762583.0,0.83243,0.83267
1747751763706.0,0.83242,0.83266
1747751763830.0,0.8324,0.83264
1747751764866.0,0.83241,0.83265
1747751764989.0,0.83242,0.83266
1747751765294.0,0.83241,0.83265
1747751766843.0,0.8324,0.83264
1747751768009.0,0.83241,0.83265
1747751768266.0,0.83243,0.83267
1747751769445.0,0.83242,0.83266
1747751769820.0,0.83241,0.83265
1747751771233.0,0.83239,0.83263
1747751772160.0,0.8324,0.83264
1747751772284.0,0.83244,0.83268
1747751773154.0,0.83245,0.83269
1747751774049.0,0.83246,0.8327
1747751775667.0,0.83245,0.83269
1747751777740.0,0.83246,0.8327
1747751779352.0,0.83247,0.83271
1747751780280.0,0.83248,0.83272
1747751782159.0,0.83244,0.83268
1747751782657.0,0.83246,0.8327
1747751782785.0,0.83247,0.83271
1747751782907.0,0.83248,0.83272
1747751784601.0,0.83248,0.83272
1747751785016.0,0.83247,0.83271
1747751787129.0,0.83246,0.8327
1747751788132.0,0.83244,0.83268
1747751788381.0,0.83239,0.83263
1747751791381.0,0.8324,0.83264
1747751800877.0,0.83239,0.83263
1747751801293.0,0.8324,0.83264
1747751802301.0,0.83238,0.83262
1747751802551.0,0.83237,0.83261
1747751804727.0,0.83236,0.8326
1747751805743.0,0.83242,0.83266
1747751805872.0,0.83243,0.83267
1747751807784.0,0.83247,0.83271
1747751808952.0,0.8326,0.83284
1747751809202.0,0.83264,0.83288
1747751809451.0,0.83263,0.83287
1747751811695.0,0.83264,0.83288
1747751811939.0,0.83265,0.83289
1747751812189.0,0.83264,0.83288
1747751814164.0,0.83268,0.83292
1747751814415.0,0.83267,0.83291
1747751814541.0,0.83271,0.83295
1747751815040.0,0.83272,0.83296
1747751815289.0,0.83271,0.83295
1747751815415.0,0.83272,0.83296
1747751816924.0,0.83271,0.83295
1747751818736.0,0.8327,0.83294
1747751819380.0,0.83271,0.83295
1747751819503.0,0.8327,0.83294
1747751820410.0,0.8326,0.83284
1747751820537.0,0.83261,0.83285
1747751820786.0,0.83262,0.83286
1747751821202.0,0.83265,0.83289
1747751822241.0,0.83266,0.8329
1747751822615.0,0.83268,0.83292
1747751823449.0,0.83269,0.83293
1747751823995.0,0.8327,0.83294
1747751824244.0,0.83268,0.83292
1747751824498.0,0.83268,0.83292
1747751824620.0,0.83269,0.83293
1747751825072.0,0.8327,0.83294
1747751825868.0,0.83267,0.83291
1747751826116.0,0.83268,0.83292
1747751826242.0,0.83266,0.8329
1747751827133.0,0.83266,0.8329
1747751829035.0,0.83269,0.83293
1747751829530.0,0.83268,0.83292
1747751830595.0,0.83269,0.83293
1747751830850.0,0.83268,0.83292
1747751831220.0,0.83266,0.8329
1747751831545.0,0.83267,0.83291
1747751831919.0,0.83268,0.83292
1747751832670.0,0.83269,0.83293
1747751832799.0,0.8327,0.83294
1747751834595.0,0.83269,0.83293
1747751834844.0,0.8327,0.83294
1747751835667.0,0.83269,0.83293
1747751836581.0,0.8327,0.83294
1747751837157.0,0.83269,0.83293
1747751837484.0,0.83268,0.83292
1747751839177.0,0.83269,0.83293
1747751839304.0,0.83266,0.8329
1747751840172.0,0.83268,0.83292
1747751841539.0,0.83267,0.83291
1747751841663.0,0.83266,0.8329
1747751841793.0,0.83267,0.83291
1747751842430.0,0.83268,0.83292
1747751843181.0,0.83267,0.83291
1747751843304.0,0.8327,0.83285
1747751844495.0,0.83272,0.83287
1747751845934.0,0.83271,0.83286
1747751847358.0,0.83272,0.83287
1747751847730.0,0.8327,0.83285
1747751847983.0,0.83271,0.83286
1747751849565.0,0.83262,0.83277
1747751849942.0,0.83258,0.83282
1747751850326.0,0.83259,0.83283
1747751850757.0,0.83258,0.83282
1747751850884.0,0.83259,0.83283
1747751851132.0,0.83257,0.83281
1747751851383.0,0.83258,0.83273
1747751851509.0,0.83257,0.83272
1747751851758.0,0.83257,0.83272
1747751851882.0,0.83258,0.83273
1747751853124.0,0.83253,0.83268
1747751853375.0,0.83249,0.83273
1747751853754.0,0.8325,0.83274
1747751854309.0,0.83249,0.83273
1747751854433.0,0.8325,0.83274
1747751854958.0,0.83249,0.83273
1747751855082.0,0.8325,0.83274
1747751856372.0,0.83243,0.83267
1747751856621.0,0.83244,0.83268
1747751857056.0,0.83243,0.83267
1747751859107.0,0.83244,0.83268
1747751859397.0,0.83242,0.83266
1747751859523.0,0.83243,0.83267
1747751860022.0,0.83242,0.83266
1747751860152.0,0.83241,0.83265
1747751860406.0,0.83243,0.83267
1747751861174.0,0.83241,0.83265
1747751861296.0,0.83239,0.83263
1747751862131.0,0.83238,0.83262
1747751862255.0,0.83239,0.83263
1747751862976.0,0.8324,0.83264
1747751863227.0,0.83239,0.83263
1747751863353.0,0.8324,0.83264
1747751864166.0,0.83239,0.83263
1747751864291.0,0.8324,0.83264
1747751865189.0,0.83239,0.83263
1747751866041.0,0.8324,0.83264
1747751866555.0,0.83239,0.83263
1747751866665.0,0.8324,0.83264
1747751867083.0,0.83239,0.83263
1747751868449.0,0.83238,0.83262
1747751868574.0,0.83234,0.83258
1747751869263.0,0.83235,0.83259
1747751869677.0,0.83233,0.83257
1747751869801.0,0.83234,0.83258
1747751870052.0,0.83232,0.83256
1747751870708.0,0.83233,0.83257
1747751870959.0,0.83232,0.83256
1747751872721.0,0.83231,0.83255
1747751874612.0,0.83232,0.83256
1747751874733.0,0.83231,0.83255
1747751874982.0,0.83232,0.83256
1747751875233.0,0.83233,0.83257
1747751876769.0,0.83232,0.83256
1747751876895.0,0.8323,0.83254
1747751877487.0,0.83228,0.83252
1747751877612.0,0.83229,0.83253
1747751878411.0,0.83228,0.83252
1747751878654.0,0.83229,0.83253
1747751878906.0,0.83226,0.8325
1747751879984.0,0.83223,0.83247
1747751881650.0,0.83229,0.83253
1747751882033.0,0.83227,0.83251
1747751882970.0,0.83226,0.8325
1747751883218.0,0.83229,0.83253
1747751886090.0,0.83228,0.83252
1747751886210.0,0.83229,0.83253
1747751887217.0,0.83228,0.83252
1747751887341.0,0.83229,0.83253
1747751887927.0,0.83232,0.83256
1747751891095.0,0.83231,0.83255
1747751891965.0,0.83232,0.83256
1747751895331.0,0.83231,0.83255
1747751895829.0,0.83229,0.83253
1747751898439.0,0.8323,0.83254
1747751899878.0,0.83231,0.83255
1747751900125.0,0.83232,0.83256
1747751901146.0,0.8323,0.83254
1747751904123.0,0.83229,0.83253
1747751904375.0,0.83227,0.83251
1747751905601.0,0.83228,0.83252
1747751906040.0,0.83227,0.83251
1747751906163.0,0.83228,0.83252
1747751908251.0,0.83234,0.83258
1747751911384.0,0.83243,0.83267
1747751911635.0,0.83243,0.83267
1747751912572.0,0.83244,0.83268
1747751912697.0,0.83245,0.83269
1747751914948.0,0.83241,0.83265
1747751915605.0,0.83242,0.83266
1747751915848.0,0.83243,0.83267
1747751916647.0,0.83244,0.83268
1747751917304.0,0.83243,0.83267
1747751917940.0,0.83242,0.83266
1747751919846.0,0.83241,0.83265
1747751920219.0,0.83242,0.83266
1747751920342.0,0.83243,0.83267
1747751920846.0,0.83242,0.83266
1747751920971.0,0.83238,0.83262
1747751921096.0,0.83236,0.8326
1747751921991.0,0.83239,0.83263
1747751923177.0,0.83244,0.83259
1747751924413.0,0.83246,0.83261
1747751924906.0,0.83245,0.8326
1747751925682.0,0.83244,0.83259
1747751925934.0,0.83245,0.8326
1747751926077.0,0.83246,0.83261
1747751927960.0,0.83247,0.83262
1747751930035.0,0.83248,0.83263
1747751932048.0,0.83249,0.83264
1747751932168.0,0.8325,0.83265
1747751934246.0,0.83252,0.83267
1747751934494.0,0.8325,0.83265
1747751937519.0,0.83251,0.83266
1747751941466.0,0.8325,0.83265
1747751942044.0,0.83252,0.83267
1747751942432.0,0.83253,0.83268
1747751944430.0,0.83252,0.83267
1747751944946.0,0.83253,0.83268
1747751945196.0,0.83255,0.8327
1747751946141.0,0.83254,0.83269
1747751947158.0,0.83253,0.83268
1747751947487.0,0.83252,0.83267
1747751950953.0,0.83254,0.83269
1747751952218.0,0.83254,0.83269
1747751952593.0,0.83253,0.83268
1747751953805.0,0.83254,0.83269
1747751954062.0,0.83249,0.83273
1747751955212.0,0.83249,0.83273
1747751956090.0,0.83248,0.83272
1747751956218.0,0.83249,0.83273
1747751957707.0,0.8325,0.83274
1747751957829.0,0.83258,0.83282
1747751958204.0,0.83257,0.83281
1747751958579.0,0.83255,0.83279
1747751958835.0,0.83254,0.83278
1747751959596.0,0.83254,0.83278
1747751959856.0,0.83252,0.83276
1747751960109.0,0.83252,0.83276
1747751960224.0,0.83253,0.83277
1747751960907.0,0.8325,0.83274
1747751961415.0,0.83253,0.83277
1747751962093.0,0.83255,0.83279
1747751962217.0,0.83258,0.83282
1747751962344.0,0.83257,0.83281
1747751962725.0,0.83258,0.83282
1747751963145.0,0.83256,0.8328
1747751963269.0,0.83257,0.83281
1747751964554.0,0.83253,0.83277
1747751964986.0,0.83254,0.83278
1747751965108.0,0.83255,0.83279
1747751965521.0,0.83254,0.83278
1747751966648.0,0.83253,0.83277
1747751971670.0,0.83254,0.83278
1747751973676.0,0.83253,0.83277
1747751974209.0,0.83253,0.83277
1747751975586.0,0.83251,0.83275
1747751975700.0,0.83244,0.83268
1747751976223.0,0.83245,0.83269
1747751977449.0,0.83238,0.83262
1747751977827.0,0.83239,0.83263
1747751979904.0,0.83241,0.83265
1747751981199.0,0.83239,0.83263
1747751981322.0,0.8324,0.83264
1747751983141.0,0.83246,0.83261
1747751983259.0,0.83248,0.83263
1747751983508.0,0.83247,0.83262
1747751983636.0,0.83248,0.83263
1747751985052.0,0.83243,0.83267
1747751985302.0,0.83247,0.83271
1747751987371.0,0.83246,0.8327
1747751989287.0,0.83245,0.83269
1747751990570.0,0.83246,0.8327
1747751992087.0,0.83244,0.83268
1747751992209.0,0.83249,0.83264
1747751994298.0,0.83248,0.83263
1747751994548.0,0.83243,0.83267
1747751995775.0,0.83241,0.83265
1747751996025.0,0.83242,0.83266
1747751998384.0,0.83243,0.83267
1747752000327.0,0.83242,0.83266
1747752001684.0,0.83243,0.83267
1747752004154.0,0.83242,0.83266
1747752004396.0,0.83243,0.83267
1747752009452.0,0.83241,0.83265
1747752012974.0,0.83239,0.83263
1747752014146.0,0.83238,0.83262
1747752014397.0,0.83237,0.83261
1747752014521.0,0.83238,0.83262
1747752018269.0,0.83237,0.83261
1747752020161.0,0.83238,0.83262
1747752021168.0,0.83237,0.83261
1747752022420.0,0.83235,0.83259
1747752022573.0,0.83232,0.83256
1747752022671.0,0.83233,0.83257
1747752024101.0,0.83235,0.83259
1747752025267.0,0.83234,0.83258
1747752025396.0,0.83233,0.83257
1747752026016.0,0.83232,0.83256
1747752029268.0,0.83233,0.83257
1747752029518.0,0.83238,0.83262
1747752030021.0,0.83237,0.83261
1747752035488.0,0.83235,0.83259
1747752035613.0,0.83236,0.8326
1747752036266.0,0.83236,0.8326
1747752039322.0,0.83237,0.83261
1747752040422.0,0.83238,0.83262
1747752041922.0,0.83237,0.83261
1747752042055.0,0.83235,0.83259
1747752043339.0,0.83236,0.8326
1747752043459.0,0.83237,0.83261
1747752044670.0,0.83238,0.83262
1747752044795.0,0.83237,0.83261
1747752047319.0,0.83238,0.83262
1747752050955.0,0.83237,0.83261
1747752051070.0,0.83236,0.8326
1747752051445.0,0.83236,0.8326
1747752051580.0,0.83237,0.83261
1747752051695.0,0.83236,0.8326
1747752053001.0,0.83234,0.83258
1747752053252.0,0.83235,0.83259
1747752053502.0,0.83239,0.83254
1747752055433.0,0.83245,0.8326
1747752056559.0,0.83244,0.83259
1747752056936.0,0.83239,0.83263
1747752058560.0,0.83233,0.83257
1747752058698.0,0.83234,0.83258
1747752060241.0,0.83235,0.83259
1747752061563.0,0.83234,0.83258
1747752062970.0,0.83235,0.83259
1747752065054.0,,0.8325
1747752065181.0,0.83231,0.83255
1747752065430.0,0.83232,0.83256
1747752066385.0,0.83221,0.83245
1747752066634.0,0.83222,0.83246
1747752067028.0,0.83227,0.83251
1747752067277.0,0.83229,0.83253
1747752067528.0,0.83229,0.83253
1747752068027.0,0.8323,0.83254
1747752069405.0,0.83229,0.83253
1747752071200.0,0.8323,0.83254
1747752073144.0,0.83227,0.83251
1747752073388.0,0.83228,0.83252
1747752073763.0,0.83229,0.83253
1747752075118.0,0.83221,0.83245
1747752075229.0,0.83223,0.83247
1747752075857.0,0.83222,0.83246
1747752076234.0,0.83221,0.83245
1747752076659.0,0.83222,0.83246
1747752077283.0,0.83221,0.83245
1747752078233.0,0.83218,0.83242
1747752078960.0,0.83222,0.83246
1747752083699.0,0.8322,0.83244
1747752083945.0,0.83221,0.83245
1747752084191.0,0.83223,0.83247
1747752084825.0,0.83224,0.83248
1747752084948.0,0.83227,0.83251
1747752085591.0,0.8323,0.83254
1747752089961.0,0.83229,0.83253
1747752090848.0,0.8323,0.83254
1747752094098.0,0.83225,0.83249
1747752094598.0,0.83227,0.83251
1747752095182.0,0.83227,0.83251
1747752095334.0,0.83225,0.83249
1747752096545.0,0.83226,0.8325
1747752097300.0,0.83226,0.8325
1747752098085.0,0.83224,0.83248
1747752098474.0,0.83222,0.83246
1747752102229.0,0.83221,0.83245
1747752102467.0,0.83216,0.8324
1747752102718.0,0.83215,0.83239
1747752105720.0,0.83214,0.83238
1747752106031.0,0.83215,0.83239
1747752106156.0,0.8322,0.83244
1747752106535.0,0.83223,0.83247
1747752106660.0,0.83226,0.8325
1747752106907.0,0.83225,0.83249
1747752108182.0,0.83224,0.83248
1747752109044.0,0.83225,0.83249
1747752109292.0,0.83224,0.83248
1747752110377.0,0.83225,0.83249
1747752114601.0,0.83222,0.83246
1747752115985.0,0.83221,0.83245
1747752117346.0,0.83222,0.83246
1747752120954.0,0.83233,0.83248
1747752121203.0,0.8324,0.83255
1747752122405.0,0.83236,0.8326
1747752123285.0,0.83235,0.83259
1747752124232.0,0.83233,0.83257
1747752124353.0,0.83234,0.83258
1747752124965.0,0.83235,0.83259
1747752126654.0,0.83237,0.83261
1747752126903.0,0.83236,0.8326
1747752127284.0,0.83235,0.83259
1747752129068.0,0.83234,0.83258
1747752130571.0,0.83233,0.83257
1747752130987.0,0.83231,0.83255
1747752131575.0,0.83236,0.83251
1747752132375.0,0.83234,0.83249
1747752133124.0,0.83233,0.83248
1747752134277.0,0.83233,0.83248
1747752134952.0,0.83232,0.83247
1747752135349.0,0.83231,0.83246
1747752135475.0,0.8323,0.83245
1747752135771.0,0.83231,0.83246
1747752136266.0,0.8323,0.83245
