1747749485752.0,0.93758,0.93778
1747749488466.0,0.9376,0.9378
1747749490834.0,0.93761,0.93781
1747749493111.0,0.9376,0.9378
1747749496049.0,0.93758,0.93778
1747749497775.0,0.93761,0.93781
1747749499195.0,0.93759,0.93779
1747749503463.0,0.93761,0.93781
1747749503713.0,0.9376,0.9378
1747749508197.0,0.93762,0.93782
1747749508978.0,0.93761,0.93781
1747749510326.0,0.9376,0.9378
1747749512957.0,0.93761,0.93781
1747749515386.0,0.93762,0.93782
1747749516264.0,0.93763,0.93783
1747749517106.0,0.93764,0.93784
1747749517689.0,0.93766,0.93786
1747749518036.0,0.93765,0.93785
1747749518159.0,0.93764,0.93784
1747749519394.0,0.93763,0.93783
1747749520547.0,0.9376,0.9378
1747749520800.0,0.93759,0.93779
1747749521561.0,0.93758,0.93778
1747749521686.0,0.93759,0.93779
1747749522534.0,0.93758,0.93778
1747749523625.0,0.93759,0.93779
1747749524220.0,0.93761,0.93781
1747749524470.0,0.9376,0.9378
1747749526209.0,0.93759,0.93779
1747749527223.0,0.93758,0.93778
1747749527472.0,0.93759,0.93779
1747749527718.0,0.93758,0.93778
1747749528075.0,0.93757,0.93777
1747749528551.0,0.93758,0.93778
1747749528676.0,0.93759,0.93779
1747749529914.0,0.9376,0.9378
1747749530045.0,0.93759,0.93779
1747749532199.0,0.9376,0.9378
1747749535391.0,0.93758,0.93778
1747749536331.0,0.93757,0.93777
1747749538402.0,0.93758,0.93778
1747749538779.0,0.93757,0.93777
1747749539662.0,0.93756,0.93776
1747749543662.0,0.93755,0.93775
1747749546871.0,0.93753,0.93773
1747749549383.0,0.93754,0.93774
1747749549635.0,0.93746,0.93776
1747749549902.0,0.93745,0.93775
1747749550598.0,0.93749,0.93769
1747749552441.0,0.93748,0.93768
1747749556594.0,0.9375,0.9377
1747749556976.0,0.93747,0.93767
1747749558796.0,0.93746,0.93766
1747749560013.0,0.93745,0.93765
1747749562575.0,0.93746,0.93766
1747749564576.0,0.93747,0.93767
1747749569592.0,0.93748,0.93768
1747749572063.0,0.93749,0.93769
1747749574127.0,0.9375,0.9377
1747749575480.0,0.93749,0.93769
1747749575603.0,0.9375,0.9377
1747749575854.0,0.93749,0.93769
1747749581072.0,0.9375,0.9377
1747749581672.0,0.93749,0.93769
1747749583672.0,0.93747,0.93767
1747749583922.0,0.93748,0.93768
1747749585230.0,0.93747,0.93767
1747749585353.0,0.93746,0.93766
1747749587100.0,0.93747,0.93767
1747749587218.0,0.93748,0.93768
1747749591030.0,0.93749,0.93769
1747749594550.0,0.9375,0.9377
1747749599561.0,0.93751,0.93771
1747749600115.0,0.9375,0.9377
1747749600456.0,0.93749,0.93769
1747749600707.0,0.93747,0.93767
1747749600845.0,0.93745,0.93765
1747749601098.0,0.93746,0.93766
1747749603942.0,0.93744,0.93764
1747749605362.0,0.93745,0.93765
1747749610208.0,0.93747,0.93767
1747749611252.0,0.93745,0.93765
1747749611376.0,0.93743,0.93763
1747749615160.0,0.93744,0.93764
1747749615673.0,0.93743,0.93763
1747749616524.0,0.93745,0.93765
1747749619169.0,0.93746,0.93766
1747749620666.0,0.93743,0.93763
1747749621003.0,0.93744,0.93764
1747749621252.0,0.93747,0.93767
1747749621648.0,0.93748,0.93768
1747749622571.0,0.93748,0.93768
1747749623147.0,0.93743,0.93763
1747749624750.0,0.93745,0.93765
1747749625868.0,0.93742,0.93762
1747749626122.0,0.93744,0.93764
1747749626372.0,0.93747,0.93767
1747749627723.0,0.93745,0.93765
1747749628102.0,0.93744,0.93764
1747749628223.0,0.93745,0.93765
1747749628354.0,0.93744,0.93764
1747749629052.0,0.93745,0.93765
1747749632615.0,0.93746,0.93766
1747749632740.0,0.93748,0.93768
1747749632987.0,0.93747,0.93767
1747749636173.0,0.93749,0.93769
1747749636455.0,0.9375,0.9377
1747749636580.0,0.93751,0.93771
1747749636829.0,0.93752,0.93772
1747749636955.0,0.93751,0.93771
1747749637542.0,0.93752,0.93772
1747749637911.0,0.93743,0.93763
1747749638035.0,0.93744,0.93764
1747749638693.0,0.93743,0.93763
1747749640343.0,0.93741,0.93761
1747749640999.0,0.93742,0.93762
1747749642406.0,0.93744,0.93764
1747749643642.0,0.93743,0.93763
1747749643892.0,0.93745,0.93765
1747749644141.0,0.93747,0.93767
1747749644629.0,0.93746,0.93766
1747749644878.0,0.93742,0.93762
1747749645203.0,0.93744,0.93764
1747749645454.0,0.93749,0.93769
1747749645576.0,0.9375,0.9377
1747749646147.0,0.93749,0.93769
1747749646517.0,0.93744,0.93774
1747749646764.0,0.93743,0.93773
1747749647780.0,0.93749,0.93769
1747749648102.0,0.9375,0.9377
1747749648351.0,0.93749,0.93769
1747749649051.0,0.93748,0.93768
1747749649302.0,0.93742,0.93762
1747749649424.0,0.93743,0.93763
1747749650326.0,0.93747,0.93767
1747749650576.0,0.93743,0.93773
1747749650826.0,0.93744,0.93774
1747749651198.0,0.93745,0.93775
1747749652722.0,0.93744,0.93774
1747749654681.0,0.93749,0.93769
1747749654930.0,0.93751,0.93771
1747749655749.0,0.93751,0.93771
1747749656273.0,0.93745,0.93775
1747749656601.0,0.93747,0.93777
1747749657126.0,0.93752,0.93772
1747749657517.0,0.9375,0.9377
1747749657944.0,0.93751,0.93771
1747749658439.0,0.93754,0.93774
1747749659099.0,0.93752,0.93772
1747749659784.0,0.93754,0.93774
1747749660289.0,0.93753,0.93773
1747749660655.0,0.93752,0.93772
1747749661152.0,0.93748,0.93768
1747749661400.0,0.93747,0.93767
1747749661915.0,0.93748,0.93768
1747749662741.0,0.93749,0.93769
1747749664155.0,0.93747,0.93767
1747749665473.0,0.93741,0.93761
1747749665723.0,0.9374,0.9376
1747749667019.0,0.93741,0.93761
1747749667269.0,0.9374,0.9376
1747749667520.0,0.93741,0.93761
1747749668286.0,0.9374,0.9376
1747749668535.0,0.93741,0.93761
1747749668665.0,0.9374,0.9376
1747749669034.0,0.93739,0.93759
1747749669160.0,0.93736,0.93756
1747749670825.0,0.93738,0.93758
1747749671808.0,0.93736,0.93756
1747749672844.0,0.93738,0.93758
1747749672960.0,0.9374,0.9376
1747749675899.0,0.93741,0.93761
1747749676036.0,0.93739,0.93759
1747749679170.0,0.93738,0.93758
1747749679293.0,0.93739,0.93759
1747749682941.0,0.9374,0.9376
1747749686397.0,0.93741,0.93761
1747749686783.0,0.9374,0.9376
1747749688807.0,0.93742,0.93762
1747749689905.0,0.93742,0.93762
1747749690781.0,0.93743,0.93763
1747749691765.0,0.93741,0.93761
1747749694917.0,0.93743,0.93763
1747749697203.0,0.93744,0.93764
1747749697452.0,0.93742,0.93762
1747749700222.0,0.9374,0.9376
1747749701714.0,0.93741,0.93761
1747749703133.0,0.93737,0.93757
1747749703382.0,0.93735,0.93755
1747749703945.0,0.93736,0.93756
1747749705097.0,0.9374,0.9376
1747749707256.0,0.93739,0.93759
1747749707369.0,0.93737,0.93757
1747749709524.0,0.93736,0.93756
1747749709652.0,0.93738,0.93758
1747749710961.0,0.93747,0.93767
1747749711577.0,0.93745,0.93765
1747749711702.0,0.93743,0.93763
1747749712720.0,0.93742,0.93762
1747749713841.0,0.93745,0.93765
1747749714123.0,0.93743,0.93763
1747749714373.0,0.93744,0.93764
1747749714496.0,0.93743,0.93763
1747749715117.0,0.93744,0.93764
1747749715439.0,0.93743,0.93763
1747749716504.0,0.93745,0.93765
1747749716754.0,0.93744,0.93764
1747749718271.0,0.93745,0.93765
1747749718666.0,0.93745,0.93765
1747749718915.0,0.93744,0.93764
1747749719040.0,0.93745,0.93765
1747749721936.0,0.93744,0.93764
1747749722477.0,0.93745,0.93765
1747749722603.0,0.93744,0.93764
1747749723569.0,0.93745,0.93765
1747749724488.0,0.93744,0.93764
1747749725135.0,0.93743,0.93763
1747749725259.0,0.93741,0.93761
1747749726067.0,0.93742,0.93762
1747749726195.0,0.93744,0.93764
1747749726318.0,0.93742,0.93762
1747749728182.0,0.93747,0.93767
1747749728561.0,0.93746,0.93766
1747749729245.0,0.93745,0.93765
1747749729863.0,0.93744,0.93764
1747749730417.0,0.93745,0.93765
1747749731270.0,0.93743,0.93763
1747749732414.0,0.93745,0.93765
1747749735126.0,0.93746,0.93766
1747749735926.0,0.93745,0.93765
1747749738194.0,0.93744,0.93764
1747749739626.0,0.93742,0.93762
1747749741040.0,0.93744,0.93764
1747749744126.0,0.93745,0.93765
1747749744764.0,0.93746,0.93766
1747749745141.0,0.93745,0.93765
1747749747974.0,0.93744,0.93764
1747749748095.0,0.93746,0.93766
1747749749697.0,0.93747,0.93767
1747749750080.0,0.93749,0.93769
1747749750210.0,0.93748,0.93768
1747749756567.0,0.93746,0.93766
1747749756933.0,0.93746,0.93766
1747749757064.0,0.93748,0.93768
1747749760921.0,0.93746,0.93766
1747749764428.0,0.93744,0.93764
1747749765207.0,0.93745,0.93765
1747749766142.0,0.93744,0.93764
1747749769382.0,0.93745,0.93765
1747749770493.0,0.93745,0.93765
1747749770621.0,0.93747,0.93767
1747749771488.0,0.93744,0.93764
1747749772349.0,0.93743,0.93763
1747749773703.0,0.93746,0.93766
1747749774567.0,0.93745,0.93765
1747749774833.0,0.93744,0.93764
1747749775084.0,0.93744,0.93764
1747749775457.0,0.93743,0.93763
1747749775867.0,0.93743,0.93763
1747749775991.0,0.93741,0.93761
1747749776486.0,0.93742,0.93762
1747749776735.0,0.93737,0.93757
1747749778478.0,0.93736,0.93756
1747749779955.0,0.93738,0.93758
1747749780469.0,0.93735,0.93755
1747749780597.0,0.93736,0.93756
1747749780961.0,0.93737,0.93757
1747749781085.0,0.93736,0.93756
1747749785254.0,0.93737,0.93757
1747749786189.0,0.93735,0.93755
1747749786318.0,0.93737,0.93757
1747749787429.0,0.93732,0.93752
1747749787598.0,0.93733,0.93753
1747749788726.0,0.93732,0.93752
1747749789728.0,0.93735,0.93755
1747749796508.0,0.93732,0.93752
1747749798253.0,0.93733,0.93753
1747749801955.0,0.93735,0.93755
1747749802204.0,0.93732,0.93752
1747749802331.0,0.93733,0.93753
1747749808371.0,0.93735,0.93755
1747749810809.0,0.93736,0.93756
1747749811430.0,0.93733,0.93753
1747749812283.0,0.93732,0.93752
1747749812533.0,0.93734,0.93754
1747749813607.0,0.93735,0.93755
1747749814295.0,0.93736,0.93756
1747749819022.0,0.93735,0.93755
1747749822526.0,0.93733,0.93753
1747749822973.0,0.93732,0.93752
1747749825019.0,0.93735,0.93755
1747749826252.0,0.93735,0.93755
1747749826540.0,0.93736,0.93756
1747749827124.0,0.93735,0.93755
1747749831087.0,0.93734,0.93754
1747749832047.0,0.93733,0.93753
1747749832169.0,0.93734,0.93754
1747749836129.0,0.93735,0.93755
1747749840534.0,0.93736,0.93756
1747749841835.0,0.93737,0.93757
1747749842309.0,0.93736,0.93756
1747749843460.0,0.93735,0.93755
1747749843855.0,0.93736,0.93756
1747749844543.0,0.93735,0.93755
1747749845269.0,0.93736,0.93756
1747749856503.0,0.93732,0.93752
1747749856628.0,0.93731,0.93751
1747749857679.0,0.93732,0.93752
1747749859134.0,0.93732,0.93752
1747749861098.0,0.93734,0.93754
1747749861225.0,0.9373,0.9375
1747749861789.0,0.93731,0.93751
1747749866712.0,0.9373,0.9375
1747749868594.0,0.93729,0.93749
1747749870188.0,0.93728,0.93748
1747749870313.0,0.93725,0.93745
1747749870921.0,0.93726,0.93746
1747749871172.0,0.93723,0.93743
1747749871421.0,0.93724,0.93744
1747749873685.0,0.93725,0.93745
1747749873936.0,0.93726,0.93746
1747749877095.0,0.93729,0.93749
1747749878255.0,0.9373,0.9375
1747749879788.0,0.93728,0.93748
1747749881346.0,0.93726,0.93746
1747749882348.0,0.93723,0.93743
1747749882627.0,0.93729,0.93749
1747749882760.0,0.93727,0.93747
1747749884657.0,0.93728,0.93748
1747749884781.0,0.93733,0.93753
1747749885034.0,0.93734,0.93754
1747749887493.0,0.93735,0.93755
1747749890965.0,0.93736,0.93756
1747749897680.0,0.93737,0.93757
1747749898876.0,0.93736,0.93756
1747749899751.0,0.93738,0.93758
1747749900464.0,0.93736,0.93756
1747749901009.0,0.93735,0.93755
1747749901259.0,0.93735,0.93755
1747749914555.0,0.93736,0.93756
1747749916567.0,0.93737,0.93757
1747749917906.0,0.93736,0.93756
1747749920476.0,0.93737,0.93757
1747749920603.0,0.93736,0.93756
1747749928091.0,0.93735,0.93755
1747749928217.0,0.93736,0.93756
1747749930303.0,0.93739,0.93759
1747749931129.0,0.93736,0.93756
1747749931618.0,0.93735,0.93755
1747749931743.0,0.93734,0.93754
1747749933488.0,0.93735,0.93755
1747749933609.0,0.93734,0.93754
1747749934511.0,0.93732,0.93752
1747749936071.0,0.93733,0.93753
1747749936335.0,0.93735,0.93755
1747749937604.0,0.93734,0.93754
1747749938863.0,0.93732,0.93752
1747749939008.0,0.93735,0.93755
1747749939867.0,0.93731,0.93751
1747749941495.0,0.93732,0.93752
1747749942345.0,0.9373,0.9375
1747749942642.0,0.93732,0.93752
1747749944220.0,0.9373,0.9375
1747749945249.0,0.93729,0.93749
1747749945785.0,0.9373,0.9375
1747749946304.0,0.93731,0.93751
1747749947595.0,0.9373,0.9375
1747749947845.0,0.93733,0.93753
1747749948840.0,0.93735,0.93755
1747749949476.0,0.93734,0.93754
1747749950088.0,0.93731,0.93751
1747749950211.0,0.93732,0.93752
1747749950332.0,0.93729,0.93749
1747749951837.0,0.9373,0.9375
1747749952657.0,0.93733,0.93753
1747749952842.0,0.93734,0.93754
1747749953583.0,0.93733,0.93753
1747749953707.0,0.93732,0.93752
1747749954411.0,0.93731,0.93751
1747749955055.0,0.9373,0.9375
1747749959897.0,0.93728,0.93748
1747749961950.0,0.93727,0.93747
1747749962206.0,0.93728,0.93748
1747749963230.0,0.93729,0.93749
1747749963358.0,0.93726,0.93746
1747749963918.0,0.93725,0.93745
1747749964580.0,0.93725,0.93745
1747749964705.0,0.93726,0.93746
1747749966823.0,0.9373,0.9375
1747749967073.0,0.93729,0.93749
1747749967618.0,0.93726,0.93746
1747749968582.0,0.93727,0.93747
1747749973121.0,0.93725,0.93745
1747749973948.0,0.93721,0.93741
1747749974073.0,0.93718,0.93738
1747749974323.0,0.9372,0.9374
1747749974573.0,0.93721,0.93741
1747749975635.0,0.9372,0.9374
1747749977144.0,0.93721,0.93741
1747749977540.0,0.93719,0.93739
1747749977658.0,0.93718,0.93738
1747749978227.0,0.93719,0.93739
1747749979324.0,0.93716,0.93736
1747749979575.0,0.93714,0.93734
1747749979827.0,0.9371,0.9373
1747749980076.0,0.93712,0.93732
1747749980458.0,0.93716,0.93736
1747749980579.0,0.93715,0.93735
1747749981406.0,0.93713,0.93733
1747749982377.0,0.93711,0.93731
1747749982627.0,0.9371,0.9373
1747749983877.0,0.93711,0.93731
1747749985614.0,0.9371,0.9373
1747749986722.0,0.93709,0.93729
1747749987722.0,0.9371,0.9373
1747749988639.0,0.93709,0.93729
1747749991489.0,0.93707,0.93727
1747749991609.0,0.93709,0.93729
1747749992935.0,0.9371,0.9373
1747749996213.0,0.93711,0.93731
1747749999754.0,0.93709,0.93729
1747750001332.0,0.9371,0.9373
1747750003744.0,0.93709,0.93729
1747750005711.0,0.9371,0.9373
1747750007020.0,0.93711,0.93731
1747750007270.0,0.9371,0.9373
1747750012405.0,0.93705,0.93725
1747750013083.0,0.93701,0.93721
1747750013334.0,0.93704,0.93724
1747750013674.0,0.93705,0.93725
1747750013923.0,0.93709,0.93729
1747750014048.0,0.9371,0.9373
1747750015504.0,0.93709,0.93729
1747750016913.0,0.9371,0.9373
1747750021796.0,0.93709,0.93729
1747750022721.0,0.93708,0.93728
1747750022842.0,0.93705,0.93725
1747750024018.0,0.93703,0.93723
1747750024907.0,0.93704,0.93724
1747750025162.0,0.93701,0.93721
1747750025283.0,0.93702,0.93722
1747750025987.0,0.93704,0.93724
1747750027110.0,0.937,0.9372
1747750027795.0,0.93699,0.93719
1747750027917.0,0.937,0.9372
1747750028721.0,0.93701,0.93721
1747750029111.0,0.93702,0.93722
1747750029573.0,0.93704,0.93724
1747750030562.0,0.93703,0.93723
1747750030810.0,0.93704,0.93724
1747750031202.0,0.93702,0.93722
1747750032595.0,0.93702,0.93722
1747750033166.0,0.93703,0.93723
1747750033663.0,0.93702,0.93722
1747750037355.0,0.93701,0.93721
1747750038753.0,0.93702,0.93722
1747750039070.0,0.93701,0.93721
1747750039323.0,0.937,0.9372
1747750039444.0,0.93699,0.93719
1747750039965.0,0.93697,0.93717
1747750040256.0,0.93696,0.93716
1747750041063.0,0.93691,0.93711
1747750041187.0,0.93692,0.93712
1747750041312.0,0.9369,0.9371
1747750041445.0,0.93689,0.93709
1747750041710.0,0.9369,0.9371
1747750041833.0,0.93692,0.93712
1747750042082.0,0.93694,0.93714
1747750045697.0,0.93696,0.93716
1747750045810.0,0.93694,0.93714
1747750046476.0,0.93696,0.93716
1747750047282.0,0.93694,0.93714
1747750048117.0,0.93693,0.93713
1747750048882.0,0.93694,0.93714
1747750049621.0,0.93689,0.93719
1747750050284.0,0.93695,0.93715
1747750051041.0,0.93689,0.93709
1747750051426.0,0.93688,0.93708
1747750052290.0,0.93689,0.93709
1747750053596.0,0.93688,0.93708
1747750055829.0,0.93687,0.93707
1747750056687.0,0.93686,0.93706
1747750058165.0,0.93684,0.93704
1747750059218.0,0.93685,0.93705
1747750061585.0,0.93684,0.93704
1747750062717.0,0.93686,0.93706
1747750064388.0,0.9368,0.937
1747750064764.0,0.93682,0.93702
1747750065455.0,0.93682,0.93702
1747750066300.0,0.93681,0.93701
1747750066426.0,0.9368,0.937
1747750066680.0,0.93683,0.93703
1747750067052.0,0.93682,0.93702
1747750067220.0,0.93683,0.93703
1747750068241.0,0.93685,0.93705
1747750069466.0,0.93686,0.93706
1747750070283.0,0.93685,0.93705
1747750070661.0,0.93685,0.93705
1747750071844.0,0.93686,0.93706
1747750071969.0,0.93684,0.93704
1747750072099.0,0.93685,0.93705
1747750073227.0,0.93683,0.93703
1747750074236.0,0.93684,0.93704
1747750074546.0,0.93683,0.93703
1747750075141.0,0.93684,0.93704
1747750075594.0,0.93683,0.93703
1747750075716.0,0.93682,0.93702
1747750077348.0,0.93683,0.93703
1747750077598.0,0.93684,0.93704
1747750078189.0,0.93685,0.93705
1747750078315.0,0.93682,0.93702
1747750080844.0,0.93683,0.93703
1747750082725.0,0.93682,0.93702
1747750083468.0,0.93681,0.93701
1747750085755.0,0.93678,0.93698
1747750087791.0,0.9368,0.937
1747750092048.0,0.93679,0.93699
1747750092169.0,0.93677,0.93697
1747750093176.0,0.93678,0.93698
1747750093449.0,0.9368,0.937
1747750094257.0,0.93682,0.93702
1747750094388.0,0.93681,0.93701
1747750095144.0,0.93678,0.93698
1747750098288.0,0.93676,0.93696
1747750099724.0,0.93678,0.93698
1747750099974.0,0.93679,0.93699
1747750101061.0,0.93678,0.93698
1747750103108.0,0.93677,0.93697
1747750108021.0,0.93676,0.93696
1747750108273.0,0.93672,0.93692
1747750108522.0,0.93671,0.93691
1747750108773.0,0.9367,0.9369
1747750110111.0,0.93669,0.93689
1747750111924.0,0.93667,0.93687
1747750112178.0,0.93671,0.93691
1747750112570.0,0.93669,0.93689
1747750112925.0,0.9367,0.9369
1747750113359.0,0.93669,0.93689
1747750114064.0,0.9367,0.9369
1747750115705.0,0.93666,0.93686
1747750115800.0,0.93668,0.93688
1747750117789.0,0.93667,0.93687
1747750118036.0,0.93668,0.93688
1747750118415.0,0.93669,0.93689
1747750122168.0,0.93668,0.93688
1747750122417.0,0.93666,0.93686
1747750123027.0,0.93661,0.93681
1747750123278.0,0.93663,0.93683
1747750124171.0,0.93662,0.93682
1747750125201.0,0.93663,0.93683
1747750126014.0,0.93661,0.93681
1747750126613.0,0.93662,0.93682
1747750126874.0,0.93663,0.93683
1747750128158.0,0.93665,0.93685
1747750128410.0,0.93664,0.93684
1747750130395.0,0.93665,0.93685
1747750131029.0,0.93664,0.93684
1747750133795.0,0.93665,0.93685
1747750134656.0,0.93664,0.93684
1747750135064.0,0.93666,0.93686
1747750135412.0,0.93664,0.93684
1747750135975.0,0.93664,0.93684
1747750137348.0,0.93663,0.93683
1747750140691.0,0.93664,0.93684
1747750140941.0,0.9366,0.9368
1747750141064.0,0.93661,0.93681
1747750141746.0,0.9366,0.9368
1747750142593.0,0.93661,0.93681
1747750145145.0,0.93662,0.93682
1747750145728.0,0.93661,0.93681
1747750146731.0,0.93662,0.93682
1747750147153.0,0.93663,0.93683
1747750148788.0,0.9366,0.9368
1747750150181.0,0.93662,0.93682
1747750150564.0,0.9366,0.9368
1747750151377.0,0.93659,0.93679
1747750153357.0,0.9366,0.9368
1747750153855.0,0.93659,0.93679
1747750154307.0,0.9366,0.9368
1747750155789.0,0.93659,0.93679
1747750159251.0,0.9366,0.9368
1747750159625.0,0.93662,0.93682
1747750161472.0,0.9366,0.9368
1747750161599.0,0.93662,0.93682
1747750161848.0,0.93661,0.93681
1747750162104.0,0.93656,0.93686
1747750163179.0,0.93655,0.93685
1747750163304.0,0.93654,0.93684
1747750164372.0,0.93655,0.93685
1747750171209.0,0.93654,0.93684
1747750171499.0,0.93653,0.93683
1747750171750.0,0.93654,0.93684
1747750172932.0,0.93653,0.93683
1747750177120.0,0.93654,0.93684
1747750178098.0,0.93655,0.93685
1747750179287.0,0.93661,0.93681
1747750179659.0,0.93663,0.93683
1747750180450.0,0.93664,0.93684
1747750181006.0,0.93662,0.93682
1747750184392.0,0.93659,0.93679
1747750184892.0,0.93658,0.93678
1747750185578.0,0.93659,0.93679
1747750186573.0,0.93654,0.93684
1747750186832.0,0.93657,0.93687
1747750187196.0,0.93653,0.93683
1747750187573.0,0.93652,0.93682
1747750187695.0,0.93653,0.93683
1747750187948.0,0.9365,0.9368
1747750188888.0,0.93657,0.93677
1747750189013.0,0.93654,0.93674
1747750189263.0,0.93652,0.93682
1747750189514.0,0.93651,0.93681
1747750189912.0,0.93656,0.93676
1747750190674.0,0.9365,0.9368
1747750191089.0,0.93651,0.93681
1747750191667.0,0.93652,0.93682
1747750191788.0,0.93655,0.93685
1747750191917.0,0.93654,0.93684
1747750192168.0,0.93652,0.93682
1747750192676.0,0.93654,0.93684
1747750192878.0,0.93655,0.93685
1747750192999.0,0.93656,0.93686
1747750193504.0,0.93657,0.93687
1747750193753.0,0.93658,0.93688
1747750194487.0,0.93657,0.93687
1747750194740.0,0.93658,0.93688
1747750194998.0,0.93664,0.93684
1747750196106.0,0.93667,0.93687
1747750197091.0,0.93666,0.93686
1747750197367.0,0.93665,0.93685
1747750197607.0,0.93666,0.93686
1747750199319.0,0.93665,0.93685
1747750200459.0,0.93664,0.93684
1747750200600.0,0.9366,0.9368
1747750201098.0,0.93664,0.93684
1747750201209.0,0.93661,0.93681
1747750201460.0,0.93657,0.93677
1747750201760.0,0.93651,0.93681
1747750202193.0,0.93657,0.93677
1747750202793.0,0.9366,0.9368
1747750203861.0,0.93658,0.93678
1747750204819.0,0.93659,0.93679
1747750204945.0,0.93658,0.93678
1747750206278.0,0.93657,0.93677
1747750206527.0,0.93658,0.93678
1747750207027.0,0.93656,0.93676
1747750207830.0,0.93653,0.93673
1747750208081.0,0.93656,0.93676
1747750208455.0,0.93652,0.93672
1747750210041.0,0.93653,0.93673
1747750210642.0,0.93652,0.93672
1747750211614.0,0.93653,0.93673
1747750211864.0,0.93651,0.93671
1747750212114.0,0.93656,0.93676
1747750212241.0,0.93651,0.93681
1747750212489.0,0.93648,0.93678
1747750213221.0,0.93646,0.93676
1747750213348.0,0.93647,0.93677
1747750213850.0,0.93648,0.93678
1747750214101.0,0.93647,0.93677
1747750214352.0,0.93648,0.93678
1747750214668.0,0.93649,0.93679
1747750215521.0,0.93647,0.93677
1747750217620.0,0.93655,0.93685
1747750218155.0,0.93656,0.93686
1747750218407.0,0.93657,0.93687
1747750218986.0,0.93656,0.93686
1747750219702.0,0.93655,0.93685
1747750219952.0,0.93657,0.93677
1747750220362.0,0.93658,0.93678
1747750220983.0,0.93657,0.93677
1747750221490.0,0.93656,0.93676
1747750221616.0,0.93658,0.93678
1747750221742.0,0.93657,0.93677
1747750221865.0,0.93658,0.93678
1747750222115.0,0.93657,0.93677
1747750222385.0,0.93658,0.93678
1747750224360.0,0.93657,0.93677
1747750225291.0,0.93656,0.93676
1747750225400.0,0.93657,0.93677
1747750225790.0,0.93656,0.93676
1747750226025.0,0.93658,0.93678
1747750226314.0,0.93654,0.93674
1747750227499.0,0.93655,0.93675
1747750230270.0,0.93652,0.93672
1747750237773.0,0.93653,0.93673
1747750238023.0,0.93654,0.93674
1747750238729.0,0.93653,0.93673
1747750238854.0,0.93652,0.93672
1747750239371.0,0.93653,0.93673
1747750239978.0,0.93654,0.93674
1747750240652.0,0.93653,0.93673
1747750241768.0,0.93652,0.93672
1747750241897.0,0.93653,0.93673
1747750242761.0,0.93651,0.93671
1747750242888.0,0.9365,0.9367
1747750243140.0,0.93648,0.93668
1747750243752.0,0.93647,0.93667
1747750244645.0,0.93648,0.93668
1747750245508.0,0.93647,0.93667
1747750247891.0,0.93646,0.93666
1747750248263.0,0.93648,0.93668
1747750248771.0,0.93649,0.93669
1747750249614.0,0.93647,0.93667
1747750250400.0,0.93646,0.93666
1747750250867.0,0.93647,0.93667
1747750251524.0,0.93646,0.93666
1747750251773.0,0.93647,0.93667
1747750253010.0,0.93645,0.93665
1747750255226.0,0.93646,0.93666
1747750256242.0,0.93645,0.93665
1747750256491.0,0.93646,0.93666
1747750256869.0,0.93647,0.93667
1747750257119.0,0.93647,0.93667
1747750259650.0,0.93647,0.93667
1747750259901.0,0.93648,0.93668
1747750260021.0,0.9365,0.9367
1747750260419.0,0.93655,0.93675
1747750260793.0,0.93658,0.93678
1747750262302.0,0.93661,0.93681
1747750262428.0,0.93662,0.93682
1747750263206.0,0.93661,0.93681
1747750263330.0,0.93662,0.93682
1747750263671.0,0.9366,0.9368
1747750264212.0,0.93659,0.93679
1747750264589.0,0.93658,0.93678
1747750264921.0,0.93659,0.93679
1747750266358.0,0.93662,0.93682
1747750267171.0,0.93663,0.93683
1747750267289.0,0.93662,0.93682
1747750268088.0,0.93661,0.93681
1747750268212.0,0.93659,0.93679
1747750270463.0,0.93657,0.93677
1747750270767.0,0.93656,0.93676
1747750271721.0,0.93654,0.93674
1747750272571.0,0.93653,0.93673
1747750272949.0,0.93651,0.93671
1747750273197.0,0.93653,0.93673
1747750273784.0,0.93654,0.93674
1747750274002.0,0.93655,0.93675
1747750274583.0,0.93657,0.93677
1747750275277.0,0.93656,0.93676
1747750282897.0,0.93654,0.93674
1747750287236.0,0.93655,0.93675
1747750293035.0,0.93654,0.93674
1747750293293.0,0.93656,0.93676
1747750293408.0,0.93655,0.93675
1747750294694.0,0.93656,0.93676
1747750295210.0,0.93654,0.93674
1747750296054.0,0.93656,0.93676
1747750296807.0,0.93654,0.93674
1747750296929.0,0.93653,0.93673
1747750298135.0,0.93652,0.93672
1747750298260.0,0.93653,0.93673
1747750303836.0,0.93654,0.93674
1747750304225.0,0.93653,0.93673
1747750305220.0,0.93653,0.93673
1747750306296.0,0.93653,0.93673
1747750306727.0,0.93651,0.93671
1747750306847.0,0.93652,0.93672
1747750307096.0,0.93654,0.93674
1747750310865.0,0.93654,0.93674
1747750313388.0,0.93655,0.93675
1747750314099.0,0.93654,0.93674
1747750317306.0,0.93655,0.93675
1747750317981.0,0.93654,0.93674
1747750318230.0,0.93653,0.93673
1747750320421.0,0.93654,0.93674
1747750320891.0,0.93653,0.93673
1747750323805.0,0.93654,0.93674
1747750325400.0,0.93657,0.93677
1747750325942.0,0.93655,0.93675
1747750327621.0,0.93654,0.93674
1747750328070.0,0.93655,0.93675
1747750330611.0,0.93647,0.93667
1747750330734.0,0.93645,0.93665
1747750333002.0,0.93644,0.93664
1747750333253.0,0.93643,0.93663
1747750334784.0,0.93644,0.93664
1747750335161.0,0.93643,0.93663
1747750335959.0,0.93642,0.93662
1747750338761.0,0.93636,0.93656
1747750339205.0,0.93637,0.93657
1747750340404.0,0.93639,0.93659
1747750340905.0,0.93637,0.93657
1747750343133.0,0.93636,0.93656
1747750345572.0,0.93637,0.93657
1747750346501.0,0.93636,0.93656
1747750347790.0,0.93635,0.93655
1747750348986.0,0.93636,0.93656
1747750351288.0,0.93634,0.93654
1747750351944.0,0.93638,0.93658
1747750352829.0,0.93637,0.93657
1747750353080.0,0.93638,0.93658
1747750354285.0,0.93639,0.93659
1747750355650.0,0.9364,0.9366
1747750355898.0,0.93639,0.93659
1747750356160.0,0.93638,0.93658
1747750359424.0,0.93639,0.93659
1747750359777.0,0.9364,0.9366
1747750360642.0,0.93639,0.93659
1747750361219.0,0.93638,0.93658
1747750363114.0,0.93637,0.93657
1747750363672.0,0.93636,0.93656
1747750364112.0,0.93637,0.93657
1747750364794.0,0.93636,0.93656
1747750366452.0,0.93639,0.93659
1747750367460.0,0.93638,0.93658
1747750374691.0,0.93636,0.93656
1747750376077.0,0.93637,0.93657
1747750378971.0,0.93636,0.93656
1747750379839.0,0.93635,0.93655
1747750380498.0,0.93636,0.93656
1747750380748.0,0.93636,0.93656
1747750380873.0,0.93637,0.93657
1747750381261.0,0.93638,0.93658
1747750381905.0,0.93638,0.93658
1747750383297.0,0.9364,0.9366
1747750383421.0,0.93641,0.93661
1747750383797.0,0.93643,0.93663
1747750384046.0,0.93644,0.93664
1747750384182.0,0.93643,0.93663
1747750384554.0,0.93641,0.93661
1747750384679.0,0.93642,0.93662
1747750384850.0,0.93641,0.93661
1747750385487.0,0.93643,0.93663
1747750385612.0,0.93644,0.93664
1747750385864.0,0.93642,0.93662
1747750386740.0,0.93643,0.93663
1747750386864.0,0.93644,0.93664
1747750388485.0,0.93645,0.93665
1747750389253.0,0.93644,0.93664
1747750389530.0,0.93645,0.93665
1747750390240.0,0.93642,0.93662
1747750390363.0,0.93643,0.93663
1747750391863.0,0.93644,0.93664
1747750392537.0,0.93647,0.93667
1747750393758.0,0.93645,0.93665
1747750396688.0,0.93646,0.93666
1747750397746.0,0.93648,0.93668
1747750398369.0,0.93646,0.93666
1747750400882.0,0.9365,0.9367
1747750401006.0,0.93651,0.93671
1747750403603.0,0.9365,0.9367
1747750403852.0,0.93652,0.93672
1747750403976.0,0.93651,0.93671
1747750404905.0,0.9365,0.9367
1747750406010.0,0.93649,0.93669
1747750406140.0,0.93648,0.93668
1747750408159.0,0.93647,0.93667
1747750410141.0,0.93646,0.93666
1747750412540.0,0.93647,0.93667
1747750412786.0,0.93647,0.93667
1747750413814.0,0.93648,0.93668
1747750414189.0,0.93647,0.93667
1747750414608.0,0.93648,0.93668
1747750415025.0,0.93647,0.93667
1747750415153.0,0.93648,0.93668
1747750415527.0,0.93645,0.93665
1747750416336.0,0.93647,0.93667
1747750416461.0,0.9365,0.9367
1747750416851.0,0.93652,0.93672
1747750420805.0,0.93651,0.93671
1747750421183.0,0.9365,0.9367
1747750424058.0,0.93649,0.93669
1747750425135.0,0.93648,0.93668
1747750426131.0,0.93647,0.93667
1747750426254.0,0.93646,0.93666
1747750428150.0,0.93645,0.93665
1747750429393.0,0.93646,0.93666
1747750429519.0,0.93645,0.93665
1747750430189.0,0.93646,0.93666
1747750433769.0,0.93645,0.93665
1747750435553.0,0.93647,0.93667
1747750435909.0,0.93648,0.93668
1747750437494.0,0.93649,0.93669
1747750439736.0,0.93651,0.93671
1747750440959.0,0.93654,0.93674
1747750441208.0,0.93648,0.93668
1747750441583.0,0.9365,0.9367
1747750442373.0,0.93652,0.93672
1747750444445.0,0.93651,0.93671
1747750445916.0,0.93649,0.93669
1747750446165.0,0.93648,0.93668
1747750446290.0,0.93647,0.93667
1747750446841.0,0.93646,0.93666
1747750448093.0,0.93644,0.93664
1747750448344.0,0.93646,0.93666
1747750448474.0,0.93647,0.93667
1747750449184.0,0.93646,0.93666
1747750449306.0,0.93643,0.93663
1747750450232.0,0.93645,0.93665
1747750450483.0,0.93644,0.93664
1747750450983.0,0.93645,0.93665
1747750452009.0,0.93644,0.93664
1747750452790.0,0.93645,0.93665
1747750455903.0,0.93646,0.93666
1747750456028.0,0.93645,0.93665
1747750457628.0,0.93649,0.93669
1747750458290.0,0.93648,0.93668
1747750458917.0,0.93647,0.93667
1747750459471.0,0.93648,0.93668
1747750460151.0,0.93649,0.93669
1747750460567.0,0.93648,0.93668
1747750460817.0,0.93646,0.93666
1747750460944.0,0.93647,0.93667
1747750461307.0,0.93646,0.93666
1747750462009.0,0.93647,0.93667
1747750464780.0,0.93646,0.93666
1747750467364.0,0.93647,0.93667
1747750467615.0,0.93648,0.93668
1747750468128.0,0.93649,0.93669
1747750468854.0,0.9365,0.9367
1747750469617.0,0.93649,0.93669
1747750470640.0,0.93648,0.93668
1747750470755.0,0.93647,0.93667
1747750474223.0,0.93649,0.93669
1747750475197.0,0.93647,0.93667
1747750479761.0,0.93646,0.93666
1747750479885.0,0.93645,0.93665
1747750480140.0,0.93648,0.93668
1747750480386.0,0.9365,0.9367
1747750481448.0,0.93651,0.93671
1747750482111.0,0.9365,0.9367
1747750482529.0,0.93652,0.93672
1747750483650.0,0.9365,0.9367
1747750484482.0,0.93652,0.93672
1747750486912.0,0.9365,0.9367
1747750489775.0,0.93654,0.93674
1747750490026.0,0.93655,0.93675
1747750491774.0,0.93656,0.93676
1747750491901.0,0.93658,0.93678
1747750492334.0,0.9366,0.9368
1747750493829.0,0.93658,0.93678
1747750495456.0,0.93657,0.93677
1747750499414.0,0.93658,0.93678
1747750499848.0,0.93656,0.93676
1747750500171.0,0.93658,0.93678
1747750500295.0,0.93657,0.93677
1747750500548.0,0.93659,0.93679
1747750501552.0,0.93658,0.93678
1747750507198.0,0.93659,0.93679
1747750507448.0,0.93656,0.93676
1747750507571.0,0.93658,0.93678
1747750508267.0,0.93657,0.93677
1747750509287.0,0.93655,0.93675
1747750509871.0,0.93657,0.93677
1747750510810.0,0.93658,0.93678
1747750512375.0,0.93656,0.93676
1747750513790.0,0.93655,0.93675
1747750515331.0,0.93653,0.93673
1747750516347.0,0.93648,0.93678
1747750516626.0,0.93647,0.93677
1747750517202.0,0.93652,0.93672
1747750517702.0,0.9365,0.9367
1747750517953.0,0.93651,0.93671
1747750519544.0,0.93648,0.93668
1747750520451.0,0.93651,0.93671
1747750520699.0,0.9365,0.9367
1747750521463.0,0.93648,0.93668
1747750522877.0,0.93653,0.93673
1747750524491.0,0.93652,0.93672
1747750525037.0,0.93653,0.93673
1747750525162.0,0.93652,0.93672
1747750528527.0,0.93651,0.93671
1747750528648.0,0.9365,0.9367
1747750531639.0,0.93649,0.93669
1747750533204.0,0.9365,0.9367
1747750533747.0,0.93649,0.93669
1747750534122.0,0.9365,0.9367
1747750534372.0,0.93651,0.93671
1747750536686.0,0.93652,0.93672
1747750536808.0,0.9365,0.9367
1747750537494.0,0.93651,0.93671
1747750539129.0,0.93651,0.93671
1747750539936.0,0.9365,0.9367
1747750540061.0,0.93648,0.93668
1747750540483.0,0.93647,0.93667
1747750540680.0,0.93648,0.93668
1747750541664.0,0.93649,0.93669
1747750542244.0,0.9365,0.9367
1747750543180.0,0.93649,0.93669
1747750548141.0,0.93652,0.93672
1747750549741.0,0.93656,0.93676
1747750550235.0,0.93655,0.93675
1747750550484.0,0.93656,0.93676
1747750553140.0,0.93655,0.93675
1747750560599.0,0.93656,0.93676
1747750560848.0,0.93654,0.93674
1747750560970.0,0.93653,0.93673
1747750561195.0,0.93655,0.93675
1747750561445.0,0.93653,0.93673
1747750562258.0,0.93654,0.93674
1747750564163.0,0.93653,0.93673
1747750564283.0,0.93655,0.93675
1747750570677.0,0.93656,0.93676
1747750570798.0,0.93657,0.93677
1747750575781.0,0.93656,0.93676
1747750576806.0,0.93655,0.93675
1747750579729.0,0.93656,0.93676
1747750581226.0,0.93658,0.93678
1747750582047.0,0.93657,0.93677
1747750589812.0,0.93656,0.93676
1747750590825.0,0.93657,0.93677
1747750591284.0,0.93656,0.93676
1747750595398.0,0.93657,0.93677
1747750596424.0,0.93666,0.93686
1747750596673.0,0.93665,0.93685
1747750597085.0,0.93666,0.93686
1747750597655.0,0.93665,0.93685
1747750600651.0,0.93664,0.93684
1747750600896.0,0.93663,0.93683
1747750604155.0,0.93661,0.93681
1747750604589.0,0.93664,0.93684
1747750604802.0,0.93663,0.93683
1747750605554.0,0.93662,0.93682
1747750606421.0,0.93667,0.93687
1747750606545.0,0.93666,0.93686
1747750609693.0,0.93665,0.93685
1747750610112.0,0.93667,0.93687
1747750610362.0,0.93666,0.93686
1747750611413.0,0.93667,0.93687
1747750611540.0,0.93666,0.93686
1747750611664.0,0.93667,0.93687
1747750614457.0,0.93665,0.93685
1747750615863.0,0.93664,0.93684
1747750616158.0,0.93662,0.93682
1747750616408.0,0.93661,0.93681
1747750616657.0,0.93662,0.93682
1747750618515.0,0.93663,0.93683
1747750618635.0,0.93667,0.93687
1747750619408.0,0.93666,0.93686
1747750620032.0,0.93667,0.93687
1747750620954.0,0.93668,0.93688
1747750621204.0,0.9367,0.9369
1747750622083.0,0.93669,0.93689
1747750622881.0,0.93668,0.93688
1747750623379.0,0.93665,0.93685
1747750623505.0,0.93668,0.93688
1747750623630.0,0.93666,0.93686
1747750625113.0,0.93665,0.93685
1747750626799.0,0.93666,0.93686
1747750627666.0,0.93665,0.93685
1747750634224.0,0.93664,0.93684
1747750634723.0,0.93662,0.93682
1747750634984.0,0.93661,0.93681
1747750635109.0,0.93659,0.93679
1747750636093.0,0.9366,0.9368
1747750636342.0,0.93661,0.93681
1747750636685.0,0.9366,0.9368
1747750640065.0,0.93661,0.93681
1747750640191.0,0.93662,0.93682
1747750640958.0,0.93666,0.93686
1747750641789.0,0.93665,0.93685
1747750652396.0,0.93666,0.93686
1747750652520.0,0.93665,0.93685
1747750652645.0,0.93667,0.93687
1747750653721.0,0.93668,0.93688
1747750653850.0,0.93667,0.93687
1747750654188.0,0.93666,0.93686
1747750655880.0,0.93665,0.93685
1747750656352.0,0.93666,0.93686
1747750656476.0,0.93668,0.93688
1747750659088.0,0.93669,0.93689
1747750659213.0,0.93671,0.93691
1747750659340.0,0.93675,0.93695
1747750659713.0,0.93676,0.93696
1747750660173.0,0.93678,0.93698
1747750660875.0,0.93676,0.93696
1747750661001.0,0.93678,0.93698
1747750661617.0,0.93679,0.93699
1747750661997.0,0.93677,0.93697
1747750662116.0,0.93676,0.93696
1747750663953.0,0.93677,0.93697
1747750665573.0,0.93675,0.93695
1747750668761.0,0.93673,0.93693
1747750669607.0,0.93674,0.93694
1747750670782.0,0.93675,0.93695
1747750670905.0,0.93673,0.93693
1747750671157.0,0.93675,0.93695
1747750672650.0,0.93677,0.93697
1747750672900.0,0.93675,0.93695
1747750674046.0,0.93677,0.93697
1747750674296.0,0.93665,0.93685
1747750677799.0,0.9367,0.9369
1747750677923.0,0.93669,0.93689
1747750678820.0,0.9367,0.9369
1747750681237.0,0.93669,0.93689
1747750682142.0,0.93668,0.93688
1747750682266.0,0.93669,0.93689
1747750683659.0,0.93668,0.93688
1747750684015.0,0.93667,0.93687
1747750684433.0,0.93668,0.93688
1747750685109.0,0.93667,0.93687
1747750685242.0,0.93669,0.93689
1747750686376.0,0.93667,0.93687
1747750686497.0,0.93668,0.93688
1747750687690.0,0.93662,0.93692
1747750687816.0,0.93663,0.93693
1747750688086.0,0.93669,0.93689
1747750690736.0,0.93668,0.93688
1747750691417.0,0.93669,0.93689
1747750692379.0,0.9367,0.9369
1747750693434.0,0.93671,0.93691
1747750693905.0,0.93672,0.93692
1747750694417.0,0.93671,0.93691
1747750694825.0,0.93672,0.93692
1747750694952.0,0.93671,0.93691
1747750697006.0,0.9367,0.9369
1747750697620.0,0.93671,0.93691
1747750699161.0,0.9367,0.9369
1747750700640.0,0.93673,0.93693
1747750702464.0,0.93671,0.93691
1747750704471.0,0.9367,0.9369
1747750704719.0,0.93672,0.93692
1747750705111.0,0.93673,0.93693
1747750705235.0,0.93668,0.93698
1747750705955.0,0.93669,0.93699
1747750706205.0,0.9367,0.937
1747750706331.0,0.93669,0.93699
1747750706453.0,0.9367,0.937
1747750707171.0,0.93669,0.93699
1747750708614.0,0.93674,0.93694
1747750710066.0,0.93675,0.93695
1747750710191.0,0.93677,0.93697
1747750710845.0,0.93678,0.93698
1747750713179.0,0.93677,0.93697
1747750713429.0,0.93676,0.93696
1747750714455.0,0.93675,0.93695
1747750715949.0,0.93676,0.93696
1747750717364.0,0.93677,0.93697
1747750717863.0,0.93676,0.93696
1747750718366.0,0.93675,0.93695
1747750719627.0,0.93677,0.93697
1747750719876.0,0.93676,0.93696
1747750720540.0,0.93677,0.93697
1747750722514.0,0.93676,0.93696
1747750722790.0,0.93677,0.93697
1747750723204.0,0.93676,0.93696
1747750725108.0,0.93677,0.93697
1747750726476.0,0.93676,0.93696
1747750726976.0,0.93677,0.93697
1747750727225.0,0.93676,0.93696
1747750734022.0,0.93678,0.93698
1747750735129.0,0.93676,0.93696
1747750737013.0,0.93677,0.93697
1747750738706.0,0.93676,0.93696
1747750740142.0,0.93677,0.93697
1747750741153.0,0.93678,0.93698
1747750741400.0,0.93674,0.93704
1747750741657.0,0.93677,0.93707
1747750742186.0,0.93679,0.93709
1747750742435.0,0.93682,0.93702
1747750742563.0,0.93683,0.93703
1747750744031.0,0.93682,0.93702
1747750744280.0,0.9368,0.9371
1747750745264.0,0.93687,0.93707
1747750748767.0,0.93686,0.93706
1747750749236.0,0.93688,0.93708
1747750749831.0,0.93686,0.93706
1747750749957.0,0.93684,0.93704
1747750752306.0,0.93683,0.93703
1747750752431.0,0.93685,0.93705
1747750755232.0,0.93688,0.93708
1747750755986.0,0.93688,0.93708
1747750756370.0,0.93687,0.93707
1747750756486.0,0.93686,0.93706
1747750756861.0,0.93681,0.93701
1747750757940.0,0.93682,0.93702
1747750758216.0,0.93681,0.93701
1747750758993.0,0.9368,0.937
1747750759242.0,0.93681,0.93701
1747750759935.0,0.93678,0.93698
1747750763132.0,0.93677,0.93697
1747750763254.0,0.93679,0.93699
1747750764378.0,0.9368,0.937
1747750764481.0,0.93679,0.93699
1747750770374.0,0.93677,0.93697
1747750771906.0,0.93678,0.93698
1747750773575.0,0.93677,0.93697
1747750774057.0,0.93679,0.93699
1747750774305.0,0.93677,0.93697
1747750775980.0,0.93678,0.93698
1747750776878.0,0.93677,0.93697
1747750777003.0,0.93676,0.93696
1747750781471.0,0.93677,0.93697
1747750781823.0,0.93678,0.93698
1747750783443.0,0.9368,0.937
1747750783719.0,0.93681,0.93701
1747750783966.0,0.93683,0.93703
1747750785127.0,0.93682,0.93702
1747750785252.0,0.9368,0.937
1747750786904.0,0.93685,0.93705
1747750787029.0,0.93683,0.93703
1747750787154.0,0.93684,0.93704
1747750787528.0,0.9368,0.937
1747750787785.0,0.93674,0.93704
1747750789427.0,0.93673,0.93703
1747750789554.0,0.93675,0.93705
1747750790144.0,0.93681,0.93701
1747750790654.0,0.93676,0.93706
1747750791701.0,0.93674,0.93704
1747750792907.0,0.93675,0.93705
1747750794289.0,0.93678,0.93708
1747750794417.0,0.93676,0.93706
1747750795928.0,0.93673,0.93703
1747750796449.0,0.93674,0.93704
1747750800333.0,0.93675,0.93705
1747750800458.0,0.93672,0.93702
1747750800708.0,0.93674,0.93704
1747750801811.0,0.93675,0.93705
1747750804840.0,0.93681,0.93701
1747750805220.0,0.93682,0.93702
1747750805906.0,0.93683,0.93703
1747750806036.0,0.93676,0.93696
1747750806285.0,0.93678,0.93698
1747750808804.0,0.9368,0.937
1747750809142.0,0.93675,0.93705
1747750809263.0,0.93674,0.93704
1747750809944.0,0.93679,0.93699
1747750812476.0,0.93681,0.93701
1747750812601.0,0.93682,0.93702
1747750814065.0,0.93681,0.93701
1747750814720.0,0.93682,0.93702
1747750815148.0,0.93677,0.93707
1747750815273.0,0.93679,0.93709
1747750820108.0,0.93678,0.93708
1747750820231.0,0.93676,0.93706
1747750820481.0,0.93677,0.93707
1747750822795.0,0.93677,0.93707
1747750823698.0,0.93678,0.93708
1747750824436.0,0.93683,0.93713
1747750824557.0,0.93689,0.93709
1747750825215.0,0.93684,0.93714
1747750832899.0,0.93681,0.93711
1747750833804.0,0.93683,0.93713
1747750836153.0,0.93684,0.93714
1747750837153.0,0.93683,0.93713
1747750838110.0,0.93682,0.93712
1747750842239.0,0.93687,0.93707
1747750842703.0,0.93688,0.93708
1747750844716.0,0.93687,0.93707
1747750844840.0,0.93685,0.93705
1747750845196.0,0.93684,0.93704
1747750845445.0,0.93685,0.93705
1747750850726.0,0.93684,0.93704
1747750850852.0,0.93682,0.93702
1747750851295.0,0.93683,0.93703
1747750853409.0,0.9368,0.937
1747750853534.0,0.93681,0.93701
1747750853785.0,0.93679,0.93699
1747750854243.0,0.9368,0.937
1747750854848.0,0.93678,0.93698
1747750855348.0,0.93678,0.93698
1747750856283.0,0.93679,0.93699
1747750856728.0,0.9368,0.937
1747750857084.0,0.93674,0.93704
1747750859506.0,0.93679,0.93699
1747750860050.0,0.93681,0.93701
1747750860466.0,0.93683,0.93703
1747750860717.0,0.93682,0.93702
1747750861234.0,0.93683,0.93703
1747750861360.0,0.93687,0.93707
1747750862544.0,0.93686,0.93706
1747750865077.0,0.93684,0.93704
1747750865326.0,0.93683,0.93703
1747750871098.0,0.93684,0.93704
1747750871213.0,0.93683,0.93703
1747750874587.0,0.93687,0.93707
1747750879709.0,0.93686,0.93706
1747750879839.0,0.93685,0.93705
1747750880480.0,0.93682,0.93702
1747750880742.0,0.93681,0.93701
1747750880992.0,0.9368,0.937
1747750881340.0,0.93682,0.93702
1747750882011.0,0.93683,0.93703
1747750882472.0,0.93684,0.93704
1747750883041.0,0.93683,0.93703
1747750883780.0,0.93684,0.93704
1747750883900.0,0.93683,0.93703
1747750884488.0,0.93684,0.93704
1747750886799.0,0.93686,0.93706
1747750889646.0,0.93684,0.93704
1747750896209.0,0.93684,0.93704
1747750896347.0,0.93683,0.93703
1747750898925.0,0.93682,0.93702
1747750899239.0,0.93683,0.93703
1747750899486.0,0.93681,0.93701
1747750902251.0,0.9368,0.937
1747750903333.0,0.93676,0.93696
1747750903585.0,0.93677,0.93697
1747750904413.0,0.93678,0.93698
1747750904926.0,0.93677,0.93697
1747750905885.0,0.93678,0.93698
1747750908316.0,0.93679,0.93699
1747750909858.0,0.93679,0.93699
1747750912015.0,0.93678,0.93698
1747750916763.0,0.93676,0.93696
1747750918253.0,0.93675,0.93695
1747750920008.0,0.93676,0.93696
1747750920410.0,0.93675,0.93695
1747750921285.0,0.93674,0.93694
1747750923421.0,0.93677,0.93697
1747750925109.0,0.93678,0.93698
1747750926421.0,0.93677,0.93697
1747750932825.0,0.93678,0.93698
1747750932950.0,0.93679,0.93699
1747750933327.0,0.93681,0.93701
1747750940985.0,0.93682,0.93702
1747750941117.0,0.93683,0.93703
1747750944509.0,0.93684,0.93704
1747750944758.0,0.93684,0.93704
1747750945009.0,0.93685,0.93705
1747750946393.0,0.93687,0.93707
1747750946641.0,0.93682,0.93702
1747750946755.0,0.93681,0.93701
1747750951540.0,0.93683,0.93703
1747750952084.0,0.93681,0.93701
1747750955365.0,0.93682,0.93702
1747750960206.0,0.9368,0.937
1747750960332.0,0.93673,0.93693
1747750961189.0,0.93674,0.93694
1747750963827.0,0.93676,0.93696
1747750963953.0,0.93677,0.93697
1747750964426.0,0.93675,0.93695
1747750964906.0,0.93676,0.93696
1747750965031.0,0.93675,0.93695
1747750965553.0,0.93676,0.93696
1747750966184.0,0.93674,0.93694
1747750967317.0,0.93668,0.93688
1747750973055.0,0.93667,0.93687
1747750973764.0,0.93668,0.93688
1747750977633.0,0.93669,0.93689
1747750977753.0,0.93668,0.93688
1747750978167.0,0.93666,0.93686
1747750983563.0,0.93665,0.93685
1747750986689.0,0.93664,0.93684
1747750989256.0,0.93666,0.93686
1747750989508.0,0.93665,0.93685
1747750989756.0,0.93666,0.93686
1747750991499.0,0.93661,0.93681
1747750992491.0,0.9366,0.9368
1747750992740.0,0.93659,0.93679
1747750993798.0,0.9366,0.9368
1747750994220.0,0.93661,0.93681
1747750994974.0,0.93664,0.93684
1747750996289.0,0.93665,0.93685
1747751002302.0,0.93663,0.93683
1747751004181.0,0.93664,0.93684
1747751004431.0,0.93662,0.93682
1747751006059.0,0.93661,0.93681
1747751006559.0,0.93662,0.93682
1747751007913.0,0.93662,0.93682
1747751008276.0,0.9366,0.9368
1747751009087.0,0.93662,0.93682
1747751009336.0,0.93661,0.93681
1747751009462.0,0.93662,0.93682
1747751009837.0,0.93663,0.93683
1747751011520.0,0.93662,0.93682
1747751017414.0,0.93663,0.93683
1747751017640.0,0.93664,0.93684
1747751018040.0,0.93663,0.93683
1747751018805.0,0.93664,0.93684
1747751020285.0,0.93663,0.93683
1747751024506.0,0.93665,0.93685
1747751025059.0,0.93664,0.93684
1747751029454.0,0.93665,0.93685
1747751029957.0,0.93666,0.93686
1747751030201.0,0.93665,0.93685
1747751030472.0,0.93666,0.93686
1747751030597.0,0.93664,0.93684
1747751031375.0,0.93666,0.93686
1747751036440.0,0.93665,0.93685
1747751036561.0,0.93663,0.93683
1747751038104.0,0.93664,0.93684
1747751039399.0,0.93665,0.93685
1747751041303.0,0.93667,0.93687
1747751043133.0,0.93668,0.93688
1747751043383.0,0.93666,0.93686
1747751044746.0,0.93664,0.93684
1747751045656.0,0.93666,0.93686
1747751045767.0,0.93664,0.93684
1747751049498.0,0.93665,0.93685
1747751050811.0,0.93666,0.93686
1747751051059.0,0.93667,0.93687
1747751053775.0,0.93665,0.93685
1747751053893.0,0.93664,0.93684
1747751056504.0,0.93661,0.93681
1747751056753.0,0.93662,0.93682
1747751059947.0,0.93663,0.93683
1747751065155.0,0.93663,0.93683
1747751072769.0,0.93665,0.93685
1747751072898.0,0.93666,0.93686
1747751073485.0,0.93665,0.93685
1747751073733.0,0.93664,0.93684
1747751077124.0,0.93659,0.93689
1747751079012.0,0.93664,0.93684
1747751080076.0,0.93664,0.93684
1747751080331.0,0.93663,0.93683
1747751080474.0,0.9366,0.9368
1747751080726.0,0.93661,0.93681
1747751080966.0,0.93662,0.93682
1747751081572.0,0.93664,0.93684
1747751098497.0,0.93663,0.93683
1747751099446.0,0.93666,0.93686
1747751099797.0,0.93664,0.93684
1747751100745.0,0.93666,0.93686
1747751103821.0,0.93668,0.93688
1747751104592.0,0.93667,0.93687
1747751105799.0,0.93666,0.93686
1747751111083.0,0.93667,0.93687
1747751111480.0,0.93669,0.93689
1747751114231.0,0.93668,0.93688
1747751114479.0,0.9367,0.9369
1747751115346.0,0.93671,0.93691
1747751116276.0,0.9367,0.9369
1747751117478.0,0.93664,0.93684
1747751117611.0,0.93662,0.93682
1747751118050.0,0.93663,0.93683
1747751118975.0,0.93662,0.93682
1747751119517.0,0.93663,0.93683
1747751122722.0,0.93664,0.93684
1747751129704.0,0.93663,0.93683
1747751131595.0,0.93665,0.93685
1747751133447.0,0.93664,0.93684
1747751133923.0,0.93665,0.93685
1747751141466.0,0.93663,0.93683
1747751142679.0,0.93667,0.93687
1747751143239.0,0.93665,0.93685
1747751144617.0,0.93661,0.93681
1747751144891.0,0.9366,0.9368
1747751151081.0,0.93657,0.93677
1747751153340.0,0.9366,0.9368
1747751154186.0,0.93659,0.93679
1747751154561.0,0.9366,0.9368
1747751156531.0,0.93662,0.93682
1747751157158.0,0.9366,0.9368
1747751160525.0,0.93658,0.93678
1747751161479.0,0.93657,0.93677
1747751166607.0,0.93658,0.93678
1747751166857.0,0.93655,0.93675
1747751167498.0,0.93656,0.93676
1747751167909.0,0.93655,0.93675
1747751168160.0,0.93656,0.93676
1747751168684.0,0.93655,0.93675
1747751169881.0,0.93656,0.93676
1747751171576.0,0.93655,0.93675
1747751173023.0,0.93655,0.93675
1747751175369.0,0.93656,0.93676
1747751177177.0,0.93657,0.93677
1747751177427.0,0.93659,0.93679
1747751177790.0,0.93658,0.93678
1747751179751.0,0.93659,0.93679
1747751180126.0,0.93657,0.93677
1747751180257.0,0.93656,0.93676
1747751180987.0,0.93657,0.93677
1747751181694.0,0.93658,0.93678
1747751181823.0,0.93657,0.93677
1747751182194.0,0.93656,0.93676
1747751183172.0,0.93657,0.93677
1747751183572.0,0.93656,0.93676
1747751184120.0,0.93657,0.93677
1747751185756.0,0.93658,0.93678
1747751186424.0,0.93659,0.93679
1747751187315.0,0.93658,0.93678
1747751189542.0,0.9366,0.9368
1747751193134.0,0.93661,0.93681
1747751193377.0,0.93658,0.93678
1747751195329.0,0.9366,0.9368
1747751196372.0,0.93659,0.93679
1747751198869.0,0.93661,0.93681
1747751201417.0,0.9366,0.9368
1747751201685.0,0.93661,0.93681
1747751203395.0,0.93661,0.93681
1747751204613.0,0.9366,0.9368
1747751204734.0,0.93661,0.93681
1747751204862.0,0.93663,0.93683
1747751204985.0,0.93662,0.93682
1747751205364.0,0.93661,0.93681
1747751206969.0,0.93662,0.93682
1747751207493.0,0.93661,0.93681
1747751207744.0,0.9366,0.9368
1747751208811.0,0.93663,0.93683
1747751209059.0,0.93663,0.93683
1747751209588.0,0.93662,0.93682
1747751209717.0,0.93661,0.93681
1747751210191.0,0.9366,0.9368
1747751213694.0,0.9366,0.9368
1747751213814.0,0.93661,0.93681
1747751217049.0,0.93659,0.93679
1747751217176.0,0.93655,0.93675
1747751217549.0,0.93656,0.93676
1747751217799.0,0.93657,0.93677
1747751217924.0,0.93656,0.93676
1747751218557.0,0.93658,0.93678
1747751218809.0,0.93662,0.93682
1747751220955.0,0.9366,0.9368
1747751221541.0,0.93662,0.93682
1747751221974.0,0.93663,0.93683
1747751222225.0,0.93661,0.93681
1747751223876.0,0.93662,0.93682
1747751224281.0,0.93663,0.93683
1747751227974.0,0.93662,0.93682
1747751228475.0,0.93664,0.93684
1747751229197.0,0.93662,0.93682
1747751229318.0,0.93661,0.93681
1747751230306.0,0.93659,0.93679
1747751230557.0,0.93661,0.93681
1747751231955.0,0.9366,0.9368
1747751238504.0,0.93655,0.93675
1747751239028.0,0.93656,0.93676
1747751239545.0,0.93654,0.93674
1747751240057.0,0.93656,0.93676
1747751240434.0,0.93658,0.93678
1747751240878.0,0.93655,0.93675
1747751241004.0,0.93656,0.93676
1747751241296.0,0.93657,0.93677
1747751242612.0,0.93659,0.93679
1747751245443.0,0.93657,0.93677
1747751246153.0,0.93659,0.93679
1747751247210.0,0.93658,0.93678
1747751250666.0,0.93659,0.93679
1747751251640.0,0.9366,0.9368
1747751253221.0,0.93661,0.93681
1747751253894.0,0.9366,0.9368
1747751254635.0,0.93661,0.93681
1747751267221.0,0.93662,0.93682
1747751267468.0,0.93661,0.93681
1747751268010.0,0.93662,0.93682
1747751268134.0,0.93663,0.93683
1747751270080.0,0.93662,0.93682
1747751271307.0,0.93663,0.93683
1747751274559.0,0.93664,0.93684
1747751275735.0,0.93662,0.93682
1747751278662.0,0.93663,0.93683
1747751279229.0,0.93662,0.93682
1747751279889.0,0.93665,0.93685
1747751280015.0,0.93664,0.93684
1747751280377.0,0.93665,0.93685
1747751280780.0,0.93661,0.93681
1747751281781.0,0.93662,0.93682
1747751282052.0,0.93661,0.93681
1747751282176.0,0.9366,0.9368
1747751282913.0,0.93661,0.93681
1747751283030.0,0.93662,0.93682
1747751284416.0,0.93669,0.93689
1747751284689.0,0.93667,0.93687
1747751287970.0,0.93666,0.93686
1747751288222.0,0.93667,0.93687
1747751290787.0,0.93666,0.93686
1747751291163.0,0.93665,0.93685
1747751294864.0,0.93666,0.93686
1747751294988.0,0.93664,0.93684
1747751296780.0,0.93664,0.93684
1747751297029.0,0.93666,0.93686
1747751298153.0,0.93665,0.93685
1747751298278.0,0.93666,0.93686
1747751299361.0,0.93665,0.93685
1747751300429.0,0.93666,0.93686
1747751300802.0,0.93667,0.93687
1747751301054.0,0.93666,0.93686
1747751301804.0,0.9366,0.9369
1747751303421.0,0.93665,0.93685
1747751304303.0,0.93662,0.93682
1747751304561.0,0.9366,0.9369
1747751305097.0,0.93662,0.93692
1747751305347.0,0.93663,0.93693
1747751305473.0,0.93665,0.93695
1747751305852.0,0.93671,0.93691
1747751307677.0,0.93669,0.93689
1747751310375.0,0.9367,0.9369
1747751310500.0,0.93671,0.93691
1747751310627.0,0.93672,0.93692
1747751311913.0,0.93671,0.93691
1747751316836.0,0.93672,0.93692
1747751316966.0,0.93669,0.93689
1747751317747.0,0.93668,0.93688
1747751317995.0,0.93666,0.93686
1747751319093.0,0.93665,0.93685
1747751320281.0,0.93664,0.93684
1747751320406.0,0.93665,0.93685
1747751321188.0,0.93664,0.93684
1747751321761.0,0.93662,0.93682
1747751322970.0,0.93661,0.93681
1747751323341.0,0.93656,0.93686
1747751323824.0,0.93657,0.93687
1747751325308.0,0.93656,0.93686
1747751328013.0,0.93657,0.93687
1747751328262.0,0.93656,0.93686
1747751328393.0,0.93657,0.93687
1747751329047.0,0.93658,0.93688
1747751329476.0,0.93664,0.93684
1747751330480.0,0.93663,0.93683
1747751331461.0,0.93664,0.93684
1747751338077.0,0.93658,0.93678
1747751338906.0,0.93657,0.93677
1747751339322.0,0.93658,0.93678
1747751340640.0,0.93655,0.93685
1747751340765.0,0.93659,0.93679
1747751342395.0,0.9366,0.9368
1747751343025.0,0.93661,0.93681
1747751347714.0,0.93663,0.93683
1747751349614.0,0.93662,0.93682
1747751349862.0,0.93663,0.93683
1747751349981.0,0.93662,0.93682
1747751350870.0,0.93661,0.93681
1747751354524.0,0.93662,0.93682
1747751364560.0,0.93661,0.93681
1747751364927.0,0.93656,0.93676
1747751367469.0,0.93657,0.93677
1747751368406.0,0.93656,0.93676
1747751370450.0,0.93655,0.93675
1747751371097.0,0.93653,0.93673
1747751374201.0,0.93655,0.93675
1747751375711.0,0.93656,0.93676
1747751376676.0,0.93655,0.93675
1747751389077.0,0.93653,0.93673
1747751389196.0,0.9365,0.9367
1747751391996.0,0.9365,0.9367
1747751394352.0,0.93651,0.93671
1747751397732.0,0.93652,0.93672
1747751397995.0,0.93654,0.93674
1747751400083.0,0.93652,0.93672
1747751400482.0,0.93653,0.93673
1747751401254.0,0.93652,0.93672
1747751404142.0,0.93651,0.93671
1747751404392.0,0.93652,0.93672
1747751404800.0,0.93653,0.93673
1747751405214.0,0.93652,0.93672
1747751408105.0,0.93653,0.93683
1747751408229.0,0.93655,0.93685
1747751410675.0,0.93654,0.93684
1747751410798.0,0.93655,0.93685
1747751411570.0,0.93663,0.93683
1747751411696.0,0.93659,0.93679
1747751412717.0,0.9366,0.9368
1747751415070.0,0.93661,0.93681
1747751415320.0,0.93654,0.93674
1747751415445.0,0.93656,0.93676
1747751417025.0,0.93659,0.93679
1747751419059.0,0.93657,0.93677
1747751419891.0,0.93658,0.93678
1747751420140.0,0.9366,0.9368
1747751420515.0,0.93658,0.93678
1747751420639.0,0.93659,0.93679
1747751422253.0,0.93658,0.93678
1747751422659.0,0.93659,0.93679
1747751423175.0,0.93658,0.93678
1747751425083.0,0.93657,0.93677
1747751427962.0,0.93658,0.93678
1747751430418.0,0.93659,0.93679
1747751430666.0,0.9366,0.9368
1747751431105.0,0.93659,0.93679
1747751432733.0,0.93658,0.93678
1747751434167.0,0.93659,0.93679
1747751436023.0,0.93658,0.93678
1747751437619.0,0.9366,0.9368
1747751438353.0,0.93658,0.93678
1747751438601.0,0.93655,0.93675
1747751443146.0,0.93656,0.93676
1747751444406.0,0.93654,0.93674
1747751444521.0,0.93653,0.93673
1747751445562.0,0.93652,0.93672
1747751448140.0,0.93653,0.93673
1747751448417.0,0.93654,0.93674
1747751448713.0,0.93652,0.93672
1747751449310.0,0.93654,0.93674
1747751449563.0,0.93654,0.93674
1747751450832.0,0.93653,0.93673
1747751451943.0,0.93654,0.93674
1747751453313.0,0.93653,0.93673
1747751453999.0,0.93652,0.93672
1747751454497.0,0.93653,0.93673
1747751456768.0,0.93652,0.93672
1747751457854.0,0.93653,0.93673
1747751458484.0,0.93652,0.93672
1747751458896.0,0.93654,0.93674
1747751459851.0,0.93653,0.93673
1747751464735.0,0.93655,0.93675
1747751465241.0,0.93653,0.93673
1747751470145.0,0.93654,0.93674
1747751475350.0,0.93657,0.93677
1747751475688.0,0.93656,0.93676
1747751477099.0,0.93655,0.93675
1747751478142.0,0.93654,0.93674
1747751483141.0,0.93653,0.93673
1747751483264.0,0.93654,0.93674
1747751486658.0,0.9366,0.9368
1747751491111.0,0.93659,0.93679
1747751491772.0,0.93661,0.93681
1747751492066.0,0.9366,0.9368
1747751494090.0,0.93661,0.93681
1747751494469.0,0.93662,0.93682
1747751494971.0,0.93667,0.93687
1747751497701.0,0.93668,0.93688
1747751502009.0,0.93666,0.93686
1747751503216.0,0.93668,0.93688
1747751505432.0,0.93666,0.93686
1747751506409.0,0.93667,0.93687
1747751506535.0,0.9367,0.9369
1747751506786.0,0.93673,0.93693
1747751506910.0,0.93674,0.93694
1747751507494.0,0.93673,0.93693
1747751507873.0,0.93674,0.93694
1747751512188.0,0.93673,0.93693
1747751512298.0,0.93671,0.93691
1747751518555.0,0.9367,0.9369
1747751519340.0,0.93669,0.93689
1747751519940.0,0.93671,0.93691
1747751522248.0,0.9367,0.9369
1747751526176.0,0.93671,0.93691
1747751526427.0,0.93672,0.93692
1747751527976.0,0.93671,0.93691
1747751528286.0,0.9367,0.9369
1747751533121.0,0.93671,0.93691
1747751533788.0,0.93672,0.93692
1747751535158.0,0.93671,0.93691
1747751535771.0,0.93674,0.93694
1747751536022.0,0.93673,0.93693
1747751536306.0,0.93672,0.93692
1747751536887.0,0.93665,0.93695
1747751537013.0,0.93666,0.93696
1747751539358.0,0.93665,0.93695
1747751540922.0,0.93672,0.93692
1747751541163.0,0.93673,0.93693
1747751543095.0,0.93674,0.93694
1747751543893.0,0.93673,0.93693
1747751544016.0,0.93672,0.93692
1747751544907.0,0.93673,0.93693
1747751545434.0,0.93672,0.93692
1747751545807.0,0.93673,0.93693
1747751546179.0,0.93672,0.93692
1747751546969.0,0.93673,0.93693
1747751551768.0,0.93675,0.93695
1747751552328.0,0.93677,0.93697
1747751552643.0,0.93676,0.93696
1747751552894.0,0.93677,0.93697
1747751553156.0,0.93676,0.93696
1747751553802.0,0.93675,0.93695
1747751555353.0,0.93679,0.93699
1747751555483.0,0.93678,0.93698
1747751558018.0,0.93676,0.93696
1747751558146.0,0.93675,0.93695
1747751558472.0,0.93676,0.93696
1747751560723.0,0.93675,0.93695
1747751563195.0,0.93674,0.93694
1747751563924.0,0.93675,0.93695
1747751564176.0,0.93674,0.93694
1747751566116.0,0.93676,0.93696
1747751568918.0,0.93678,0.93698
1747751569042.0,0.93675,0.93695
1747751569764.0,0.93673,0.93693
1747751570013.0,0.93674,0.93694
1747751570722.0,0.93673,0.93693
1747751570858.0,0.93672,0.93692
1747751570972.0,0.93673,0.93693
1747751571401.0,0.93672,0.93692
1747751571522.0,0.93675,0.93695
1747751572207.0,0.93676,0.93696
1747751572725.0,0.93674,0.93694
1747751573751.0,0.93673,0.93693
1747751574127.0,0.93674,0.93694
1747751574258.0,0.93675,0.93695
1747751574911.0,0.9367,0.937
1747751575440.0,0.93676,0.93696
1747751576803.0,0.93677,0.93697
1747751576935.0,0.93672,0.93702
1747751577284.0,0.93673,0.93703
1747751578933.0,0.93678,0.93698
1747751579052.0,0.9368,0.937
1747751583216.0,0.93681,0.93701
1747751584648.0,0.9368,0.937
1747751584772.0,0.93677,0.93697
1747751586241.0,0.93672,0.93702
1747751586940.0,0.93679,0.93699
1747751587887.0,0.93675,0.93695
1747751588013.0,0.93676,0.93696
1747751588560.0,0.93675,0.93695
1747751591534.0,0.93671,0.93701
1747751591783.0,0.93676,0.93696
1747751593540.0,0.93675,0.93695
1747751593772.0,0.93676,0.93696
1747751594324.0,0.93675,0.93695
1747751594458.0,0.93676,0.93696
1747751595003.0,0.93677,0.93697
1747751595683.0,0.93676,0.93696
1747751596951.0,0.93675,0.93695
1747751599022.0,0.93676,0.93696
1747751600696.0,0.93675,0.93695
1747751612120.0,0.93678,0.93698
1747751613119.0,0.93679,0.93699
1747751614705.0,0.93681,0.93701
1747751616202.0,0.93678,0.93708
1747751616323.0,0.93677,0.93707
1747751616698.0,0.93684,0.93704
1747751618544.0,0.93683,0.93703
1747751621104.0,0.93685,0.93705
1747751621231.0,0.93686,0.93706
1747751622393.0,0.93688,0.93708
1747751622767.0,0.93689,0.93709
1747751626973.0,0.93688,0.93708
1747751628097.0,0.93689,0.93709
1747751628666.0,0.9369,0.9371
1747751628776.0,0.93691,0.93711
1747751629677.0,0.93692,0.93712
1747751629927.0,0.93693,0.93713
1747751630056.0,0.93686,0.93716
1747751630311.0,0.93685,0.93715
1747751630565.0,0.93692,0.93712
1747751630682.0,0.93694,0.93714
1747751630944.0,0.93695,0.93715
1747751631616.0,0.93693,0.93713
1747751631742.0,0.93692,0.93712
1747751631977.0,0.93687,0.93717
1747751632224.0,0.93688,0.93718
1747751632474.0,0.93689,0.93719
1747751632604.0,0.93694,0.93714
1747751632975.0,0.93687,0.93717
1747751633223.0,0.93688,0.93718
1747751633348.0,0.93689,0.93719
1747751634981.0,0.93693,0.93713
1747751635350.0,0.93694,0.93714
1747751635601.0,0.93695,0.93715
1747751635850.0,0.93696,0.93716
1747751637190.0,0.93695,0.93715
1747751637495.0,0.93696,0.93716
1747751638165.0,0.93697,0.93717
1747751638579.0,0.93691,0.93721
1747751639223.0,0.93692,0.93722
1747751640293.0,0.93697,0.93717
1747751640497.0,0.93691,0.93721
1747751641005.0,0.9369,0.9372
1747751641724.0,0.93691,0.93721
1747751642730.0,0.93688,0.93718
1747751642980.0,0.93693,0.93713
1747751643229.0,0.93688,0.93718
1747751643352.0,0.93689,0.93719
1747751644218.0,0.93695,0.93715
1747751645681.0,0.93693,0.93713
1747751645929.0,0.93695,0.93715
1747751646443.0,0.93694,0.93714
1747751646568.0,0.93689,0.93719
1747751646692.0,0.9369,0.9372
1747751646883.0,0.93689,0.93719
1747751648012.0,0.9369,0.9372
1747751648639.0,0.93689,0.93719
1747751649472.0,0.93689,0.93719
1747751651621.0,0.9369,0.9372
1747751653289.0,0.93689,0.93719
1747751655448.0,0.9369,0.9372
1747751655698.0,0.93695,0.93715
1747751655979.0,0.93694,0.93714
1747751657472.0,0.93695,0.93715
1747751658207.0,0.9369,0.9372
1747751659198.0,0.93691,0.93721
1747751659817.0,0.9369,0.9372
1747751662099.0,0.93692,0.93722
1747751662370.0,0.93693,0.93723
1747751663298.0,0.93697,0.93717
1747751665317.0,0.93693,0.93723
1747751665830.0,0.93691,0.93721
1747751666082.0,0.93692,0.93722
1747751666467.0,0.93693,0.93723
1747751666967.0,0.93692,0.93722
1747751667716.0,0.93693,0.93723
1747751668143.0,0.93692,0.93722
1747751668517.0,0.93691,0.93721
1747751669025.0,0.9369,0.9372
1747751670318.0,0.93691,0.93721
1747751671183.0,0.93696,0.93716
1747751671847.0,0.93691,0.93721
1747751672895.0,0.93692,0.93722
1747751673020.0,0.93691,0.93721
1747751674251.0,0.93692,0.93722
1747751674502.0,0.93692,0.93722
1747751677757.0,0.93698,0.93718
1747751679749.0,0.93697,0.93717
1747751679998.0,0.93698,0.93718
1747751681069.0,0.93697,0.93717
1747751681318.0,0.93698,0.93718
1747751681571.0,0.93697,0.93717
1747751681742.0,0.93698,0.93718
1747751682448.0,0.93697,0.93717
1747751682823.0,0.93692,0.93722
1747751683299.0,0.93691,0.93721
1747751685853.0,0.93698,0.93718
1747751686522.0,0.93692,0.93722
1747751688072.0,0.93691,0.93721
1747751690774.0,0.93697,0.93717
1747751691024.0,0.9369,0.9372
1747751691540.0,0.93696,0.93716
1747751692552.0,0.93695,0.93715
1747751692936.0,0.93696,0.93716
1747751694282.0,0.93697,0.93717
1747751696116.0,0.93696,0.93716
1747751696492.0,0.93697,0.93717
1747751700849.0,0.93696,0.93716
1747751701480.0,0.93695,0.93715
1747751701854.0,0.93696,0.93716
1747751702103.0,0.93695,0.93715
1747751702355.0,0.9369,0.9372
1747751705974.0,0.93689,0.93719
1747751706098.0,0.9369,0.9372
1747751706475.0,0.93687,0.93717
1747751707170.0,0.93693,0.93713
1747751708168.0,0.93691,0.93711
1747751708572.0,0.93687,0.93707
1747751708687.0,0.93688,0.93708
1747751710236.0,0.93689,0.93709
1747751711111.0,0.93696,0.93716
1747751711235.0,0.93694,0.93714
1747751712715.0,0.93688,0.93708
1747751712966.0,0.93689,0.93709
1747751713240.0,0.93684,0.93714
1747751716552.0,0.93681,0.93701
1747751716798.0,0.93678,0.93698
1747751717392.0,0.93677,0.93697
1747751717665.0,0.93678,0.93698
1747751720905.0,0.93679,0.93699
1747751721469.0,0.93678,0.93698
1747751721846.0,0.93681,0.93701
1747751722096.0,0.93684,0.93704
1747751724313.0,0.93685,0.93705
1747751729792.0,0.93686,0.93706
1747751730355.0,0.93687,0.93707
1747751731441.0,0.93689,0.93709
1747751731940.0,0.9369,0.9371
1747751732188.0,0.93687,0.93707
1747751732573.0,0.93688,0.93708
1747751732951.0,0.9369,0.9371
1747751733406.0,0.93689,0.93709
1747751734949.0,0.93688,0.93708
1747751735075.0,0.93682,0.93712
1747751736584.0,0.93686,0.93706
1747751737082.0,0.93688,0.93708
1747751740200.0,0.93689,0.93709
1747751741170.0,0.93688,0.93708
1747751741420.0,0.93689,0.93709
1747751742579.0,0.93689,0.93709
1747751742712.0,0.9369,0.9371
1747751743883.0,0.93689,0.93709
1747751745468.0,0.93686,0.93706
1747751745833.0,0.93684,0.93704
1747751746083.0,0.93674,0.93694
1747751750170.0,0.93679,0.93699
1747751750418.0,0.93679,0.93699
1747751750701.0,0.93678,0.93698
1747751750952.0,0.9368,0.937
1747751756370.0,0.93681,0.93701
1747751760499.0,0.93684,0.93704
1747751760749.0,0.93686,0.93706
1747751762047.0,0.93684,0.93704
1747751762522.0,0.93679,0.93709
1747751763822.0,0.9368,0.9371
1747751764072.0,0.93685,0.93705
1747751766092.0,0.93684,0.93704
1747751766341.0,0.93685,0.93705
1747751766972.0,0.93679,0.93709
1747751768070.0,0.93682,0.93702
1747751768320.0,0.93679,0.93709
1747751769016.0,0.93678,0.93708
1747751769621.0,0.93684,0.93704
1747751772207.0,0.93688,0.93708
1747751772322.0,0.93689,0.93709
1747751772865.0,0.93683,0.93713
1747751773115.0,0.93685,0.93715
1747751777822.0,0.93686,0.93716
1747751779228.0,0.93687,0.93717
1747751782068.0,0.93688,0.93718
1747751782682.0,0.93686,0.93716
1747751782824.0,0.93691,0.93711
1747751783062.0,0.93693,0.93713
1747751784533.0,0.93692,0.93712
1747751785573.0,0.93693,0.93713
1747751785941.0,0.93692,0.93712
1747751786726.0,0.93693,0.93713
1747751787162.0,0.93692,0.93712
1747751788301.0,0.93689,0.93709
1747751790057.0,0.93688,0.93708
1747751791970.0,0.93687,0.93707
1747751795227.0,0.93688,0.93708
1747751796684.0,0.93687,0.93707
1747751796926.0,0.93688,0.93708
1747751799101.0,0.93683,0.93713
1747751800515.0,0.93682,0.93712
1747751801757.0,0.93683,0.93713
1747751802190.0,0.93681,0.93711
1747751802315.0,0.9368,0.9371
1747751803014.0,0.93685,0.93705
1747751804911.0,0.93685,0.93705
1747751805258.0,0.93686,0.93706
1747751805760.0,0.93682,0.93712
1747751806450.0,0.93683,0.93713
1747751807339.0,0.93684,0.93714
1747751807811.0,0.93689,0.93719
1747751808259.0,0.9369,0.9372
1747751808757.0,0.93694,0.93724
1747751809007.0,0.93695,0.93725
1747751809258.0,0.93699,0.93729
1747751809507.0,0.93698,0.93728
1747751810361.0,0.93699,0.93729
1747751811676.0,0.93697,0.93727
1747751814170.0,0.937,0.9373
1747751814291.0,0.93698,0.93728
1747751814541.0,0.93703,0.93733
1747751814789.0,0.93704,0.93734
1747751816653.0,0.93706,0.93736
1747751818077.0,0.93704,0.93734
1747751818301.0,0.93705,0.93735
1747751819379.0,0.93704,0.93734
1747751819505.0,0.93706,0.93736
1747751820422.0,0.93703,0.93723
1747751821254.0,0.93705,0.93725
1747751821854.0,0.93704,0.93724
1747751822196.0,0.93706,0.93726
1747751822448.0,0.93705,0.93725
1747751823145.0,0.93706,0.93726
1747751823647.0,0.93702,0.93732
1747751823769.0,0.93703,0.93733
1747751825054.0,0.93702,0.93732
1747751825923.0,0.937,0.9373
1747751826049.0,0.93701,0.93731
1747751828949.0,0.93706,0.93726
1747751829571.0,0.93705,0.93725
1747751831250.0,0.93704,0.93724
1747751831544.0,0.93705,0.93725
1747751831819.0,0.93706,0.93726
1747751831945.0,0.93707,0.93727
1747751832417.0,0.93708,0.93728
1747751836608.0,0.93707,0.93727
1747751836857.0,0.93708,0.93728
1747751837517.0,0.93707,0.93727
1747751837891.0,0.93708,0.93728
1747751838323.0,0.93703,0.93733
1747751838923.0,0.93701,0.93731
1747751839423.0,0.93705,0.93725
1747751840422.0,0.93707,0.93727
1747751841543.0,0.93706,0.93726
1747751844040.0,0.93707,0.93727
1747751844287.0,0.93708,0.93728
1747751844539.0,0.93708,0.93728
1747751844788.0,0.93707,0.93727
1747751845679.0,0.93701,0.93731
1747751845930.0,0.93702,0.93732
1747751846054.0,0.93701,0.93731
1747751849568.0,0.93699,0.93719
1747751849690.0,0.93698,0.93718
1747751849940.0,0.93699,0.93719
1747751850753.0,0.93699,0.93719
1747751850878.0,0.93698,0.93718
1747751851379.0,0.93694,0.93714
1747751853087.0,0.93693,0.93713
1747751853202.0,0.93691,0.93711
1747751853341.0,0.93692,0.93712
1747751853580.0,0.93691,0.93711
1747751853828.0,0.93692,0.93712
1747751856442.0,0.93689,0.93709
1747751856689.0,0.93691,0.93711
1747751856943.0,0.93689,0.93709
1747751857071.0,0.9369,0.9371
1747751860752.0,0.93693,0.93713
1747751860879.0,0.93691,0.93711
1747751861340.0,0.9369,0.9371
1747751866686.0,0.93686,0.93706
1747751868465.0,0.93689,0.93709
1747751868590.0,0.93681,0.93711
1747751868840.0,0.93682,0.93712
1747751869384.0,0.93683,0.93713
1747751870065.0,0.93688,0.93708
1747751870191.0,0.93689,0.93709
1747751870444.0,0.93681,0.93711
1747751870699.0,0.93682,0.93712
1747751870824.0,0.93687,0.93707
1747751872969.0,0.93686,0.93706
1747751873921.0,0.93687,0.93707
1747751875115.0,0.93686,0.93706
1747751876777.0,0.93687,0.93707
1747751878992.0,0.93685,0.93705
1747751881499.0,0.93684,0.93704
1747751881624.0,0.93686,0.93706
1747751881749.0,0.93687,0.93707
1747751881873.0,0.9369,0.9371
1747751883141.0,0.93691,0.93711
1747751887913.0,0.93687,0.93717
1747751888162.0,0.93686,0.93716
1747751891129.0,0.93685,0.93715
1747751891619.0,0.93687,0.93717
1747751895357.0,0.93686,0.93716
1747751899878.0,0.93685,0.93715
1747751900125.0,0.93685,0.93715
1747751900467.0,0.93686,0.93716
1747751901153.0,0.93688,0.93718
1747751904372.0,0.93686,0.93716
1747751904649.0,0.93687,0.93717
1747751905251.0,0.93688,0.93718
1747751908139.0,0.9369,0.9372
1747751908259.0,0.93689,0.93719
1747751908671.0,0.93688,0.93718
1747751908795.0,0.93689,0.93719
1747751911293.0,0.93688,0.93718
1747751911397.0,0.93695,0.93725
1747751911546.0,0.93696,0.93726
1747751911644.0,0.93701,0.93721
1747751912822.0,0.93699,0.93719
1747751914962.0,0.93697,0.93717
1747751915086.0,0.93698,0.93718
1747751915211.0,0.93697,0.93717
1747751915336.0,0.93698,0.93718
1747751917886.0,0.93699,0.93719
1747751918011.0,0.93698,0.93718
1747751920111.0,0.93699,0.93719
1747751921010.0,0.93698,0.93718
1747751921148.0,0.93696,0.93716
1747751921859.0,0.93697,0.93717
1747751922270.0,0.93696,0.93716
1747751922522.0,0.93697,0.93717
1747751923183.0,0.93698,0.93718
1747751923431.0,0.93697,0.93717
1747751924204.0,0.93696,0.93716
1747751924327.0,0.93697,0.93717
1747751924452.0,0.9369,0.9372
1747751925687.0,0.93689,0.93719
1747751925939.0,0.93691,0.93721
1747751926191.0,0.93692,0.93722
1747751926476.0,0.93691,0.93721
1747751927241.0,0.93692,0.93722
1747751928443.0,0.9369,0.9372
1747751928691.0,0.93692,0.93722
1747751928942.0,0.93691,0.93721
1747751929808.0,0.9369,0.9372
1747751929929.0,0.93691,0.93721
1747751930308.0,0.93697,0.93717
1747751932151.0,0.93699,0.93719
1747751934467.0,0.93697,0.93717
1747751934593.0,0.93699,0.93719
1747751937494.0,0.93697,0.93717
1747751938202.0,0.93696,0.93716
1747751938722.0,0.93697,0.93717
1747751944885.0,0.93696,0.93716
1747751945007.0,0.93695,0.93715
1747751945135.0,0.93694,0.93714
1747751945257.0,0.93693,0.93713
1747751947049.0,0.93694,0.93714
1747751950955.0,0.93691,0.93711
1747751952353.0,0.9369,0.9371
1747751954124.0,0.93692,0.93712
1747751957723.0,0.93693,0.93713
1747751957840.0,0.93697,0.93717
1747751958549.0,0.93694,0.93714
1747751958674.0,0.93696,0.93716
1747751958925.0,0.93694,0.93714
1747751960802.0,0.93695,0.93715
1747751961523.0,0.93698,0.93718
1747751962024.0,0.93699,0.93719
1747751962148.0,0.93703,0.93723
1747751962964.0,0.93704,0.93724
1747751964448.0,0.93705,0.93725
1747751964697.0,0.93703,0.93723
1747751965003.0,0.93701,0.93721
1747751965404.0,0.93703,0.93723
1747751966410.0,0.93702,0.93722
1747751968561.0,0.93703,0.93723
1747751968811.0,0.93702,0.93722
1747751969499.0,0.93701,0.93721
1747751969748.0,0.93702,0.93722
1747751972778.0,0.93703,0.93723
1747751973517.0,0.93702,0.93722
1747751975811.0,0.93697,0.93717
1747751977449.0,0.93691,0.93711
1747751977572.0,0.93692,0.93712
1747751978108.0,0.93693,0.93713
1747751978359.0,0.93692,0.93712
1747751979811.0,0.93693,0.93713
1747751983142.0,0.93695,0.93715
1747751983433.0,0.93697,0.93717
1747751984373.0,0.93696,0.93716
1747751986368.0,0.93695,0.93715
1747751990518.0,0.93694,0.93714
1747751994503.0,0.93689,0.93719
1747752001739.0,0.93687,0.93717
1747752004263.0,0.93689,0.93719
1747752009621.0,0.93688,0.93718
1747752012996.0,0.93687,0.93717
1747752013119.0,0.93688,0.93718
1747752014078.0,0.93687,0.93717
1747752015082.0,0.93688,0.93718
1747752017495.0,0.93687,0.93717
1747752018882.0,0.93689,0.93719
1747752020952.0,0.93688,0.93718
1747752022466.0,0.93688,0.93718
1747752022597.0,0.93689,0.93719
1747752022966.0,0.9369,0.9372
1747752023817.0,0.93688,0.93718
1747752023941.0,0.9369,0.9372
1747752025127.0,0.93691,0.93721
1747752025391.0,0.9369,0.9372
1747752025884.0,0.93689,0.93719
1747752029336.0,0.9369,0.9372
1747752029454.0,0.93687,0.93717
1747752030551.0,0.93687,0.93717
1747752032705.0,0.93686,0.93716
1747752035536.0,0.93685,0.93715
1747752035786.0,0.93686,0.93716
1747752035918.0,0.93687,0.93717
1747752036482.0,0.93685,0.93715
1747752038257.0,0.93686,0.93716
1747752038385.0,0.93691,0.93711
1747752043472.0,0.93692,0.93712
1747752048468.0,0.93693,0.93713
1747752051072.0,0.93692,0.93712
1747752051489.0,0.93694,0.93714
1747752051613.0,0.93693,0.93713
1747752053110.0,0.93692,0.93712
1747752055322.0,0.93694,0.93714
1747752055444.0,0.93693,0.93713
1747752058554.0,0.93691,0.93721
1747752061440.0,0.93696,0.93716
1747752062271.0,0.93697,0.93717
1747752063628.0,0.93696,0.93716
1747752064983.0,0.93697,0.93717
1747752065401.0,0.93698,0.93718
1747752066201.0,0.937,0.9372
1747752066310.0,0.93699,0.93719
1747752066450.0,0.93692,0.93712
1747752066966.0,0.93695,0.93715
1747752067170.0,0.93696,0.93716
1747752067419.0,0.93697,0.93717
1747752067952.0,0.93696,0.93716
1747752069456.0,0.93695,0.93715
1747752073010.0,0.93696,0.93716
1747752073135.0,0.93694,0.93714
1747752073386.0,0.93696,0.93716
1747752073807.0,0.93697,0.93717
1747752075365.0,0.93696,0.93716
1747752075773.0,0.93698,0.93718
1747752076753.0,0.93699,0.93719
1747752077085.0,0.93698,0.93718
1747752078112.0,0.93699,0.93719
1747752078897.0,0.937,0.9372
1747752079020.0,0.93702,0.93722
1747752079446.0,0.93703,0.93723
1747752081935.0,0.93702,0.93722
1747752082224.0,0.93701,0.93721
1747752082961.0,0.93696,0.93726
1747752083691.0,0.93697,0.93727
1747752083941.0,0.93696,0.93726
1747752084831.0,0.93703,0.93723
1747752085081.0,0.93698,0.93728
1747752085545.0,0.93701,0.93721
1747752086904.0,0.93703,0.93723
1747752089971.0,0.93704,0.93724
1747752090221.0,0.93702,0.93722
1747752090597.0,0.93703,0.93723
1747752093998.0,0.93704,0.93724
1747752097134.0,0.93705,0.93725
1747752098016.0,0.93706,0.93726
1747752098331.0,0.93708,0.93728
1747752098463.0,0.93706,0.93726
1747752100348.0,0.93708,0.93728
1747752102362.0,0.93704,0.93724
1747752102777.0,0.93706,0.93726
1747752106233.0,0.93707,0.93727
1747752106480.0,0.93708,0.93728
1747752106730.0,0.93707,0.93727
1747752106982.0,0.93708,0.93728
1747752109082.0,0.93709,0.93729
1747752110375.0,0.93708,0.93728
1747752110726.0,0.93707,0.93727
1747752114654.0,0.93707,0.93727
1747752115785.0,0.93708,0.93728
1747752115909.0,0.93709,0.93729
1747752116156.0,0.9371,0.9373
1747752117103.0,0.93709,0.93729
1747752120989.0,0.93708,0.93728
1747752121131.0,0.93712,0.93732
1747752122470.0,0.93713,0.93733
1747752123153.0,0.93712,0.93732
1747752130642.0,0.93714,0.93734
1747752130891.0,0.93713,0.93733
1747752132342.0,0.93712,0.93732
1747752132454.0,0.93713,0.93733
1747752132758.0,0.93711,0.93731
1747752134521.0,0.93706,0.93736
1747752134956.0,0.93707,0.93737
1747752135366.0,0.93706,0.93736
1747752135484.0,0.93707,0.93727
1747752135857.0,0.93708,0.93728
1747752136247.0,0.93709,0.93729
1747752136990.0,0.93706,0.93726
1747752137241.0,0.93708,0.93728
1747752139981.0,0.9371,0.9373
1747752141090.0,0.93704,0.93734
1747752144227.0,0.93709,0.93739
1747752144352.0,0.93708,0.93738
1747752144600.0,0.93709,0.93739
1747752144878.0,0.93708,0.93738
1747752145377.0,0.93705,0.93725
1747752145626.0,0.93705,0.93725
1747752148726.0,0.93704,0.93724
1747752149221.0,0.93703,0.93723
1747752150578.0,0.93702,0.93722
1747752150972.0,0.93703,0.93723
1747752157499.0,0.93704,0.93724
1747752159161.0,0.93703,0.93723
1747752159754.0,0.93705,0.93725
1747752160685.0,0.93704,0.93724
1747752164866.0,0.93705,0.93725
1747752166410.0,0.93706,0.93726
1747752166658.0,0.93707,0.93727
1747752166775.0,0.93708,0.93728
1747752168727.0,0.93707,0.93727
1747752168852.0,0.93708,0.93728
1747752170020.0,0.93707,0.93727
1747752170605.0,0.93706,0.93726
1747752171463.0,0.937,0.9372
1747752171591.0,0.93704,0.93724
1747752172088.0,0.93702,0.93722
1747752172341.0,0.93703,0.93723
1747752172632.0,0.93702,0.93722
1747752174469.0,0.93701,0.93721
1747752174720.0,0.93699,0.93719
1747752175224.0,0.93698,0.93718
1747752176172.0,0.93696,0.93716
1747752176302.0,0.93694,0.93714
1747752176424.0,0.93696,0.93716
1747752176943.0,0.93694,0.93714
1747752178291.0,0.93696,0.93716
1747752183345.0,0.93694,0.93714
1747752187135.0,0.93696,0.93716
1747752188949.0,0.93697,0.93717
1747752190479.0,0.937,0.9372
1747752190729.0,0.93697,0.93717
1747752190980.0,0.93698,0.93718
1747752193970.0,0.93697,0.93717
1747752201080.0,0.93698,0.93718
1747752201206.0,0.93697,0.93717
1747752201878.0,0.93698,0.93718
1747752204835.0,0.93699,0.93719
1747752207506.0,0.93701,0.93721
1747752210721.0,0.93702,0.93722
1747752217639.0,0.93701,0.93721
1747752218095.0,0.93702,0.93722
1747752219350.0,0.937,0.9372
1747752222099.0,0.93702,0.93722
1747752226092.0,0.93706,0.93726
1747752226343.0,0.93702,0.93722
1747752226602.0,0.93704,0.93724
1747752229056.0,0.93705,0.93725
1747752230195.0,0.93706,0.93726
1747752235501.0,0.93704,0.93724
1747752237495.0,0.93703,0.93723
1747752238251.0,0.93703,0.93723
1747752238693.0,0.93704,0.93724
1747752239494.0,0.93703,0.93723
1747752239899.0,0.93704,0.93724
1747752241512.0,0.93705,0.93725
1747752241761.0,0.93704,0.93724
1747752241886.0,0.93703,0.93723
1747752242136.0,0.93704,0.93724
1747752242836.0,0.93703,0.93723
1747752242965.0,0.93701,0.93721
1747752243330.0,0.93702,0.93722
1747752245881.0,0.93704,0.93724
1747752247008.0,0.93702,0.93722
1747752247507.0,0.93704,0.93724
1747752247883.0,0.937,0.9372
1747752248179.0,0.93701,0.93721
1747752249319.0,0.93702,0.93722
1747752250749.0,0.93701,0.93721
1747752251124.0,0.93702,0.93722
1747752251481.0,0.93701,0.93721
1747752253226.0,0.93702,0.93722
1747752253350.0,0.93701,0.93721
1747752262313.0,0.937,0.9372
1747752262432.0,0.93696,0.93716
1747752262562.0,0.93697,0.93717
1747752262932.0,0.93692,0.93722
1747752263981.0,0.93697,0.93717
1747752266081.0,0.93698,0.93718
1747752272509.0,0.93696,0.93716
1747752272634.0,0.93695,0.93715
1747752272884.0,0.93696,0.93716
1747752273295.0,0.93694,0.93714
1747752273420.0,0.93689,0.93709
1747752273543.0,0.93692,0.93712
1747752273669.0,0.93691,0.93711
1747752278497.0,0.93693,0.93713
1747752278752.0,0.93703,0.93723
1747752279360.0,0.93704,0.93724
1747752280069.0,0.93703,0.93723
1747752281101.0,0.93701,0.93721
1747752281351.0,0.93702,0.93722
1747752281851.0,0.93696,0.93726
1747752285457.0,0.93694,0.93724
1747752285562.0,0.93692,0.93722
1747752285712.0,0.93693,0.93723
1747752286202.0,0.93692,0.93722
1747752286777.0,0.93691,0.93721
1747752290515.0,0.9369,0.9372
1747752291587.0,0.93688,0.93718
1747752291707.0,0.93689,0.93719
1747752297578.0,0.9369,0.9372
1747752298021.0,0.93694,0.93714
1747752298495.0,0.93689,0.93719
1747752298744.0,0.93688,0.93718
1747752299381.0,0.93693,0.93713
1747752300096.0,0.93691,0.93711
1747752300206.0,0.93686,0.93716
1747752300486.0,0.93685,0.93715
1747752302609.0,0.9369,0.9371
1747752302723.0,0.93691,0.93711
1747752303365.0,0.93691,0.93711
1747752303489.0,0.93692,0.93712
1747752305222.0,0.93693,0.93713
1747752305920.0,0.93694,0.93714
1747752309643.0,0.93693,0.93713
1747752309765.0,0.93691,0.93711
1747752310863.0,0.93693,0.93713
1747752312085.0,0.93694,0.93714
1747752312452.0,0.93693,0.93713
1747752312585.0,0.93695,0.93715
1747752316817.0,0.93697,0.93717
1747752317069.0,0.93696,0.93716
1747752318198.0,0.93695,0.93715
1747752318459.0,0.93693,0.93713
1747752320172.0,0.93694,0.93714
1747752321713.0,0.93695,0.93715
1747752325262.0,0.93694,0.93714
1747752326050.0,0.93695,0.93715
1747752330200.0,0.93694,0.93714
1747752331431.0,0.93693,0.93713
1747752333692.0,0.93691,0.93711
1747752335408.0,0.93692,0.93712
1747752335662.0,0.93692,0.93712
1747752336378.0,0.93693,0.93713
1747752336633.0,0.93694,0.93714
1747752336881.0,0.93693,0.93713
1747752340267.0,0.93692,0.93712
1747752341724.0,0.93691,0.93711
1747752345623.0,0.9369,0.9371
1747752351485.0,0.93688,0.93708
1747752352443.0,0.93687,0.93707
1747752353962.0,0.93688,0.93708
1747752354343.0,0.93687,0.93707
1747752356513.0,0.93688,0.93708
1747752356640.0,0.93689,0.93709
1747752360201.0,0.9369,0.9371
1747752360479.0,0.93691,0.93711
1747752361095.0,0.9369,0.9371
1747752361346.0,0.93689,0.93709
1747752363855.0,0.93688,0.93708
1747752364328.0,0.93687,0.93707
1747752364812.0,0.93685,0.93705
1747752367845.0,0.93686,0.93706
1747752368828.0,0.93686,0.93706
1747752372388.0,0.93685,0.93705
1747752373096.0,0.93686,0.93706
1747752375964.0,0.93688,0.93708
1747752379519.0,0.93689,0.93709
1747752379884.0,0.9369,0.9371
1747752381446.0,0.93689,0.93709
1747752384108.0,0.9369,0.9371
1747752384759.0,0.93692,0.93712
1747752386483.0,0.93691,0.93711
1747752386608.0,0.93692,0.93712
1747752396846.0,0.93691,0.93711
1747752398754.0,0.9369,0.9371
1747752399067.0,0.93692,0.93712
1747752406858.0,0.93693,0.93713
1747752406982.0,0.9369,0.9371
1747752407108.0,0.93689,0.93709
1747752407495.0,0.9369,0.9371
1747752407968.0,0.93691,0.93711
1747752412123.0,0.93689,0.93709
1747752413181.0,0.93688,0.93708
1747752416501.0,0.93689,0.93709
1747752420389.0,0.93691,0.93711
1747752429164.0,0.9369,0.9371
1747752435080.0,0.93689,0.93709
1747752436336.0,0.9369,0.9371
1747752437344.0,0.93689,0.93709
1747752437593.0,0.9369,0.9371
1747752438329.0,0.93689,0.93709
1747752439616.0,0.9369,0.9371
1747752441195.0,0.93685,0.93715
1747752442256.0,0.93682,0.93712
1747752444787.0,0.93688,0.93708
1747752448558.0,0.93687,0.93707
1747752452374.0,0.93688,0.93708
1747752455073.0,0.93687,0.93707
1747752457623.0,0.93687,0.93707
1747752471358.0,0.93686,0.93706
1747752478407.0,0.9368,0.9371
1747752478526.0,0.93686,0.93706
1747752478776.0,0.93684,0.93704
1747752479339.0,0.93685,0.93705
1747752482242.0,0.93687,0.93707
1747752482486.0,0.93685,0.93705
1747752483255.0,0.93687,0.93707
1747752484026.0,0.93686,0.93706
1747752485813.0,0.93684,0.93704
1747752485940.0,0.93679,0.93709
1747752486063.0,0.93677,0.93707
1747752486441.0,0.93681,0.93701
1747752486691.0,0.9368,0.937
1747752487296.0,0.93679,0.93699
1747752487751.0,0.93678,0.93698
1747752488099.0,0.93679,0.93699
1747752492074.0,0.9368,0.937
1747752493161.0,0.93679,0.93699
1747752495567.0,0.93677,0.93697
1747752498579.0,0.93671,0.93691
1747752499722.0,0.93673,0.93693
1747752502561.0,0.93674,0.93694
1747752506543.0,0.93675,0.93695
1747752517898.0,0.93674,0.93694
1747752522111.0,0.93675,0.93695
1747752522883.0,0.93674,0.93694
1747752523981.0,0.93673,0.93693
1747752525079.0,0.93674,0.93694
1747752525200.0,0.93673,0.93693
1747752529407.0,0.93674,0.93694
1747752530406.0,0.93675,0.93695
1747752530657.0,0.93676,0.93696
1747752542392.0,0.93675,0.93695
1747752542641.0,0.93674,0.93694
1747752544999.0,0.93675,0.93695
1747752546345.0,0.93674,0.93694
1747752547860.0,0.93675,0.93695
1747752554378.0,0.93674,0.93694
1747752563260.0,0.93675,0.93695
1747752565119.0,0.93674,0.93694
1747752572822.0,0.93675,0.93695
1747752572946.0,0.93676,0.93696
1747752574257.0,0.93677,0.93697
1747752577997.0,0.93676,0.93696
1747752580870.0,0.93677,0.93697
1747752582794.0,0.93678,0.93698
1747752582914.0,0.93677,0.93697
1747752583960.0,0.93678,0.93698
1747752584398.0,0.93679,0.93699
1747752584649.0,0.93678,0.93698
1747752584765.0,0.93679,0.93699
1747752585020.0,0.9368,0.937
1747752585151.0,0.93681,0.93701
1747752586608.0,0.93682,0.93702
1747752590571.0,0.93683,0.93703
1747752592646.0,0.93684,0.93704
1747752596494.0,0.93685,0.93705
1747752597151.0,0.93686,0.93706
1747752597276.0,0.93687,0.93707
1747752599839.0,0.93685,0.93705
1747752601711.0,0.93682,0.93702
1747752601836.0,0.93681,0.93701
1747752605925.0,0.93687,0.93707
1747752607003.0,0.93686,0.93706
1747752607128.0,0.93685,0.93705
1747752607254.0,0.93686,0.93706
1747752607739.0,0.93687,0.93707
1747752608419.0,0.93685,0.93705
1747752608668.0,0.93684,0.93704
1747752609993.0,0.93685,0.93705
1747752610114.0,0.93691,0.93711
1747752610493.0,0.9369,0.9371
1747752610741.0,0.93691,0.93711
1747752612941.0,0.93691,0.93711
1747752613068.0,0.93688,0.93708
1747752613579.0,0.93687,0.93707
1747752615332.0,0.93689,0.93709
1747752618474.0,0.93687,0.93707
1747752620355.0,0.93686,0.93706
1747752620824.0,0.93687,0.93707
1747752621526.0,0.93688,0.93708
1747752621951.0,0.93687,0.93707
1747752623051.0,0.93685,0.93705
1747752623425.0,0.93687,0.93707
1747752623551.0,0.93685,0.93705
1747752623989.0,0.93686,0.93706
1747752624113.0,0.93685,0.93705
1747752627696.0,0.93686,0.93706
1747752631083.0,0.93684,0.93704
1747752631206.0,0.93685,0.93705
1747752633393.0,0.93686,0.93706
1747752636294.0,0.93681,0.93701
1747752636420.0,0.93678,0.93698
1747752638931.0,0.93679,0.93699
1747752640221.0,0.93678,0.93698
1747752640827.0,0.93679,0.93699
1747752641204.0,0.93678,0.93698
1747752642150.0,0.93673,0.93703
1747752642571.0,0.93674,0.93704
1747752643073.0,0.93679,0.93699
1747752643725.0,0.93678,0.93698
1747752643840.0,0.93679,0.93699
1747752643974.0,0.9368,0.937
1747752644406.0,0.93675,0.93705
1747752644655.0,0.93676,0.93706
1747752646021.0,0.93675,0.93705
1747752646728.0,0.93674,0.93704
1747752646853.0,0.93673,0.93703
1747752647589.0,0.93674,0.93704
1747752651846.0,0.93672,0.93702
1747752653390.0,0.93673,0.93703
1747752653846.0,0.93678,0.93698
1747752656835.0,0.93676,0.93696
1747752656962.0,0.93674,0.93694
1747752666762.0,0.93677,0.93697
1747752666888.0,0.93673,0.93693
1747752667602.0,0.93675,0.93695
1747752669601.0,0.93672,0.93692
1747752669724.0,0.93673,0.93693
1747752670361.0,0.93674,0.93694
1747752672314.0,0.93676,0.93696
1747752676692.0,0.93674,0.93694
1747752677222.0,0.93675,0.93695
1747752680615.0,0.93674,0.93694
1747752680736.0,0.93675,0.93695
1747752681331.0,0.93673,0.93693
1747752681456.0,0.93671,0.93691
1747752684366.0,0.93669,0.93689
1747752685779.0,0.93671,0.93691
1747752686150.0,0.93666,0.93686
1747752686542.0,0.93669,0.93689
1747752687074.0,0.9367,0.9369
1747752687899.0,0.93669,0.93689
1747752688150.0,0.93667,0.93687
1747752688401.0,0.93671,0.93691
1747752688523.0,0.9367,0.9369
1747752690558.0,0.93669,0.93689
1747752690807.0,0.9367,0.9369
1747752691059.0,0.93668,0.93688
1747752691344.0,0.9367,0.9369
1747752696744.0,0.93669,0.93689
1747752696867.0,0.9367,0.9369
1747752700098.0,0.93666,0.93686
1747752700349.0,0.93665,0.93685
1747752700599.0,0.93664,0.93684
1747752700724.0,0.93662,0.93682
1747752701786.0,0.93664,0.93684
1747752702448.0,0.93659,0.93679
1747752702698.0,0.93657,0.93677
1747752703065.0,0.93659,0.93679
1747752705386.0,0.9366,0.9368
1747752709248.0,0.93661,0.93681
1747752710031.0,0.93662,0.93682
1747752710414.0,0.93661,0.93681
1747752711125.0,0.9366,0.9368
1747752711247.0,0.93661,0.93681
1747752711555.0,0.93664,0.93684
1747752714115.0,0.93666,0.93686
1747752714232.0,0.93659,0.93679
1747752714544.0,0.9366,0.9368
1747752716462.0,0.93661,0.93681
1747752720340.0,0.93662,0.93682
1747752720593.0,0.93663,0.93683
1747752720845.0,0.93665,0.93685
1747752721593.0,0.93666,0.93686
1747752722456.0,0.93665,0.93685
1747752726569.0,0.93666,0.93686
1747752726925.0,0.93667,0.93687
1747752728023.0,0.93665,0.93685
1747752728636.0,0.93666,0.93686
1747752730141.0,0.93665,0.93685
1747752731595.0,0.93666,0.93686
1747752731852.0,0.93665,0.93685
1747752734791.0,0.93664,0.93684
1747752735871.0,0.93663,0.93683
1747752736947.0,0.93662,0.93682
1747752737197.0,0.93665,0.93685
1747752740073.0,0.93662,0.93682
1747752740448.0,0.93662,0.93682
1747752740568.0,0.9366,0.9368
1747752740817.0,0.93661,0.93681
1747752742290.0,0.93659,0.93679
1747752742808.0,0.9366,0.9368
1747752743789.0,0.93659,0.93679
1747752745636.0,0.9366,0.9368
1747752746636.0,0.93661,0.93681
1747752747009.0,0.93661,0.93681
1747752749069.0,0.93667,0.93687
1747752750101.0,0.93665,0.93685
1747752751603.0,0.93664,0.93684
1747752752980.0,0.93665,0.93685
1747752753105.0,0.93664,0.93684
1747752754202.0,0.93665,0.93685
1747752754720.0,0.93664,0.93684
1747752756205.0,0.93662,0.93682
1747752756453.0,0.93663,0.93683
1747752758445.0,0.93662,0.93682
1747752759055.0,0.93663,0.93683
1747752759425.0,0.93661,0.93681
1747752759676.0,0.9366,0.9368
1747752759803.0,0.93661,0.93681
1747752762022.0,0.9366,0.9368
1747752763241.0,0.93662,0.93682
1747752763367.0,0.93664,0.93684
1747752764369.0,0.93666,0.93686
1747752770590.0,0.93664,0.93684
1747752772061.0,0.93665,0.93685
1747752773770.0,0.93664,0.93684
1747752773881.0,0.93659,0.93679
1747752774874.0,0.93663,0.93683
1747752776019.0,0.93663,0.93683
1747752776145.0,0.93664,0.93684
1747752776883.0,0.93663,0.93683
1747752781959.0,0.93664,0.93684
1747752782088.0,0.93663,0.93683
1747752783411.0,0.93661,0.93681
1747752783540.0,0.9366,0.9368
1747752783660.0,0.93661,0.93681
1747752783929.0,0.9366,0.9368
1747752784282.0,0.93659,0.93679
1747752784573.0,0.9366,0.9368
1747752784828.0,0.93659,0.93679
1747752785059.0,0.9366,0.9368
1747752785185.0,0.93654,0.93674
1747752785310.0,0.93655,0.93675
1747752785852.0,0.93659,0.93679
1747752786104.0,0.9366,0.9368
1747752786380.0,0.93661,0.93681
1747752786757.0,0.9366,0.9368
1747752787313.0,0.93659,0.93679
1747752788269.0,0.9366,0.9368
1747752788926.0,0.93661,0.93681
1747752789297.0,0.9366,0.9368
1747752789546.0,0.93659,0.93679
1747752791314.0,0.93661,0.93681
1747752791910.0,0.9366,0.9368
1747752794195.0,0.93659,0.93679
1747752794466.0,0.93657,0.93677
1747752794714.0,0.93657,0.93677
1747752794966.0,0.93652,0.93672
1747752795215.0,0.93655,0.93675
1747752795341.0,0.93654,0.93674
1747752796192.0,0.9365,0.9367
1747752796563.0,0.93652,0.93672
1747752796685.0,0.93649,0.93669
1747752798254.0,0.93648,0.93668
1747752798505.0,0.93651,0.93671
1747752799343.0,0.93652,0.93672
1747752800512.0,0.93651,0.93671
1747752802977.0,0.9365,0.9367
1747752803100.0,0.93649,0.93669
1747752803953.0,0.93645,0.93665
1747752804204.0,0.93647,0.93667
1747752806382.0,0.93647,0.93667
1747752806509.0,0.93649,0.93669
1747752809382.0,0.93646,0.93666
1747752810939.0,0.93642,0.93662
1747752811504.0,0.93644,0.93664
1747752812087.0,0.93643,0.93663
1747752812211.0,0.93642,0.93662
1747752812589.0,0.9364,0.9366
1747752812882.0,0.93642,0.93662
1747752814212.0,0.9364,0.9366
1747752814778.0,0.93641,0.93661
1747752817020.0,0.9364,0.9366
1747752817991.0,0.93642,0.93662
1747752819939.0,0.9364,0.9366
1747752822306.0,0.93642,0.93662
1747752822648.0,0.93641,0.93661
1747752822777.0,0.9364,0.9366
1747752823491.0,0.93638,0.93658
1747752824545.0,0.93637,0.93657
1747752824796.0,0.93638,0.93658
1747752826030.0,0.93639,0.93659
1747752827316.0,0.93639,0.93659
1747752827443.0,0.93637,0.93657
1747752827884.0,0.93632,0.93652
1747752828005.0,0.93633,0.93653
1747752828611.0,0.93636,0.93656
1747752829875.0,0.93635,0.93655
1747752830213.0,0.93634,0.93654
1747752832680.0,0.93632,0.93652
1747752833592.0,0.93635,0.93655
1747752833717.0,0.93625,0.93645
1747752833841.0,0.93627,0.93647
1747752834093.0,0.9363,0.9365
1747752834216.0,0.93627,0.93647
1747752834502.0,0.93629,0.93649
1747752835330.0,0.93628,0.93648
1747752835592.0,0.93627,0.93647
1747752837926.0,0.93625,0.93645
1747752838420.0,0.93623,0.93643
1747752840340.0,0.93624,0.93644
1747752845062.0,0.93623,0.93643
1747752845183.0,0.93626,0.93646
1747752847493.0,0.93625,0.93645
1747752847619.0,0.93624,0.93644
1747752848401.0,0.93625,0.93645
1747752849856.0,0.93622,0.93642
1747752851504.0,0.93623,0.93643
1747752851618.0,0.93619,0.93639
1747752852049.0,0.93618,0.93638
1747752852174.0,0.93617,0.93637
1747752852916.0,0.93616,0.93636
1747752853698.0,0.93617,0.93637
1747752853950.0,0.93616,0.93636
1747752854216.0,0.93617,0.93637
1747752858245.0,0.93616,0.93636
1747752858960.0,0.93612,0.93632
1747752861094.0,0.93613,0.93633
1747752861218.0,0.93612,0.93632
1747752861676.0,0.93613,0.93633
1747752862192.0,0.93614,0.93634
1747752863518.0,0.93613,0.93633
1747752863640.0,0.93624,0.93644
1747752863889.0,0.93622,0.93642
1747752864020.0,0.93623,0.93643
1747752864141.0,0.93628,0.93648
1747752864389.0,0.93627,0.93647
1747752865474.0,0.93624,0.93644
1747752866127.0,0.93623,0.93643
1747752866251.0,0.93616,0.93636
1747752866500.0,0.93614,0.93634
1747752867036.0,0.93616,0.93636
1747752867790.0,0.93613,0.93633
1747752868682.0,0.93615,0.93635
1747752871361.0,0.93617,0.93637
1747752871485.0,0.93615,0.93635
1747752871941.0,0.93614,0.93634
1747752872190.0,0.93615,0.93635
1747752873326.0,0.93613,0.93633
1747752875157.0,0.93611,0.93631
1747752875407.0,0.93607,0.93627
1747752877601.0,0.93609,0.93629
1747752879999.0,0.9361,0.9363
1747752880249.0,0.93608,0.93628
1747752880974.0,0.93609,0.93629
1747752881650.0,0.93611,0.93631
1747752882719.0,0.93605,0.93635
1747752883028.0,0.93604,0.93634
1747752883289.0,0.93603,0.93633
1747752884205.0,0.9361,0.9363
1747752884454.0,0.93609,0.93629
1747752884579.0,0.93608,0.93628
1747752884705.0,0.93604,0.93624
1747752884836.0,0.93602,0.93622
1747752885082.0,0.936,0.9362
1747752885567.0,0.93599,0.93619
1747752886116.0,0.936,0.9362
1747752886242.0,0.93602,0.93622
1747752886970.0,0.93599,0.93619
1747752887410.0,0.93598,0.93618
1747752887566.0,0.93599,0.93619
1747752888252.0,0.936,0.9362
1747752888675.0,0.93598,0.93618
1747752889178.0,0.93599,0.93619
1747752889301.0,0.93601,0.93621
1747752889655.0,0.93603,0.93623
1747752889780.0,0.93604,0.93624
1747752890809.0,0.93605,0.93625
1747752891542.0,0.93605,0.93625
1747752892756.0,0.93602,0.93622
1747752893006.0,0.93604,0.93624
1747752893382.0,0.93602,0.93622
1747752893710.0,0.93604,0.93624
1747752894499.0,0.93605,0.93625
1747752896163.0,0.93606,0.93626
1747752896413.0,0.93604,0.93624
1747752897440.0,0.93607,0.93627
1747752898322.0,0.93602,0.93632
1747752898446.0,0.93608,0.93628
1747752900283.0,0.93606,0.93626
1747752901885.0,0.93603,0.93623
1747752902818.0,0.93604,0.93624
1747752903185.0,0.93601,0.93621
1747752903436.0,0.93607,0.93627
1747752903686.0,0.93608,0.93628
1747752906700.0,0.93607,0.93627
1747752906959.0,0.93605,0.93625
1747752907213.0,0.93604,0.93624
1747752908710.0,0.93605,0.93625
1747752909460.0,0.93608,0.93628
1747752909708.0,0.9361,0.9363
1747752910893.0,0.93611,0.93631
1747752911018.0,0.93613,0.93633
1747752913004.0,0.93614,0.93634
1747752913131.0,0.93612,0.93632
1747752913607.0,0.93614,0.93634
1747752914106.0,0.93614,0.93634
1747752914648.0,0.93611,0.93631
1747752914899.0,0.93612,0.93632
1747752915149.0,0.93614,0.93634
1747752915742.0,0.93612,0.93632
1747752916741.0,0.93611,0.93631
1747752917373.0,0.93614,0.93634
1747752917543.0,0.93615,0.93635
1747752918310.0,0.93611,0.93631
1747752919041.0,0.9361,0.9363
1747752920828.0,0.93608,0.93628
1747752920952.0,0.93609,0.93629
1747752921986.0,0.93606,0.93626
1747752924156.0,0.93607,0.93627
1747752924608.0,0.93608,0.93628
1747752924884.0,0.93603,0.93633
1747752925008.0,0.93602,0.93632
1747752925423.0,0.93609,0.93629
1747752925548.0,0.9361,0.9363
1747752926002.0,0.93613,0.93633
1747752926251.0,0.93615,0.93635
1747752927947.0,0.9361,0.9363
1747752928472.0,0.9361,0.9363
1747752930071.0,0.93609,0.93629
1747752931135.0,0.9361,0.9363
1747752933112.0,0.93615,0.93635
1747752933365.0,0.93612,0.93632
1747752934348.0,0.93611,0.93631
1747752935026.0,0.93612,0.93632
1747752935277.0,0.93612,0.93632
1747752935932.0,0.93608,0.93628
1747752936868.0,0.93612,0.93632
1747752937175.0,0.93613,0.93633
1747752937301.0,0.93617,0.93637
1747752937550.0,0.93619,0.93639
1747752937800.0,0.9362,0.9364
1747752938572.0,0.93619,0.93639
1747752938962.0,0.9362,0.9364
1747752939325.0,0.93622,0.93642
1747752939570.0,0.93624,0.93644
1747752940093.0,0.93622,0.93642
1747752940340.0,0.93623,0.93643
1747752941007.0,0.93624,0.93644
1747752941760.0,0.93624,0.93644
1747752942062.0,0.93625,0.93645
1747752942579.0,0.93624,0.93644
1747752944488.0,0.93623,0.93643
1747752944766.0,0.93623,0.93643
1747752945817.0,0.93625,0.93645
1747752946586.0,0.93624,0.93644
1747752947156.0,0.93621,0.93641
1747752947408.0,0.93624,0.93644
1747752948197.0,0.93626,0.93646
1747752950019.0,0.93627,0.93647
1747752950141.0,0.93629,0.93649
1747752950658.0,0.93628,0.93648
1747752951298.0,0.93628,0.93648
1747752952401.0,0.93627,0.93647
1747752952514.0,0.93631,0.93651
1747752952764.0,0.93633,0.93653
1747752953966.0,0.93632,0.93652
1747752954206.0,0.93631,0.93651
1747752954931.0,0.9363,0.9365
1747752955056.0,0.93628,0.93648
1747752955306.0,0.9363,0.9365
1747752956179.0,0.93628,0.93648
1747752957185.0,0.93627,0.93647
1747752957493.0,0.93623,0.93643
1747752957744.0,0.93628,0.93648
1747752957995.0,0.93629,0.93649
1747752958309.0,0.93629,0.93649
1747752958436.0,0.9363,0.9365
1747752959307.0,0.93629,0.93649
1747752959809.0,0.9363,0.9365
1747752961142.0,0.93628,0.93648
1747752961606.0,0.93627,0.93647
1747752963749.0,0.93627,0.93647
1747752964263.0,0.93628,0.93648
1747752964474.0,0.93627,0.93647
1747752965058.0,0.93628,0.93648
1747752968846.0,0.93629,0.93649
1747752969246.0,0.93628,0.93648
1747752969367.0,0.93626,0.93646
1747752972391.0,0.93627,0.93647
1747752972642.0,0.93626,0.93646
1747752974769.0,0.93625,0.93645
1747752975545.0,0.93626,0.93646
1747752975795.0,0.93627,0.93647
1747752976959.0,0.93628,0.93648
1747752977085.0,0.93629,0.93649
1747752977247.0,0.93628,0.93648
1747752977829.0,0.93633,0.93653
1747752978081.0,0.93632,0.93652
1747752978359.0,0.9363,0.9365
1747752978483.0,0.93629,0.93649
1747752978611.0,0.93628,0.93648
1747752979021.0,0.93625,0.93645
1747752980076.0,0.93624,0.93644
1747752980197.0,0.93627,0.93647
1747752980906.0,0.93631,0.93651
1747752981557.0,0.93632,0.93652
1747752981932.0,0.93633,0.93653
1747752982586.0,0.93631,0.93651
1747752984335.0,0.9363,0.9365
1747752984589.0,0.93634,0.93654
1747752985025.0,0.93633,0.93653
1747752985149.0,0.93631,0.93651
1747752986617.0,0.93635,0.93655
1747752987288.0,0.93633,0.93653
1747752989271.0,0.93634,0.93654
1747752989912.0,0.93633,0.93653
1747752990275.0,0.93634,0.93654
1747752991197.0,0.93632,0.93652
1747752991983.0,0.93634,0.93654
1747752992234.0,0.93635,0.93655
1747752993393.0,0.93634,0.93654
1747752994096.0,0.93635,0.93655
1747752994340.0,0.93631,0.93651
1747752995246.0,0.93633,0.93653
1747752995371.0,0.93634,0.93654
1747752996163.0,0.9363,0.9365
1747752997485.0,0.93631,0.93651
1747752998011.0,0.9363,0.9365
1747752998261.0,0.93629,0.93649
1747752998728.0,0.93628,0.93648
1747753000217.0,0.93629,0.93649
1747753001020.0,0.93623,0.93653
1747753001644.0,0.93624,0.93654
1747753002346.0,0.93619,0.93649
1747753003079.0,0.9362,0.9365
1747753003582.0,0.93625,0.93645
1747753005076.0,0.93626,0.93646
1747753005199.0,0.93629,0.93649
1747753007221.0,0.93627,0.93647
1747753007347.0,0.93626,0.93646
1747753009150.0,0.93628,0.93648
1747753009588.0,0.93626,0.93646
1747753010728.0,0.93628,0.93648
1747753011296.0,0.93626,0.93646
1747753011422.0,0.93627,0.93647
1747753012113.0,0.93626,0.93646
1747753012362.0,0.93622,0.93642
1747753012639.0,0.93622,0.93642
1747753013013.0,0.93625,0.93645
1747753013647.0,0.9363,0.9365
1747753014570.0,0.93631,0.93651
1747753014693.0,0.93628,0.93648
1747753015184.0,0.93623,0.93653
1747753015558.0,0.93624,0.93654
1747753015684.0,0.93629,0.93649
1747753015935.0,0.9363,0.9365
1747753017340.0,0.93631,0.93651
1747753018405.0,0.93629,0.93649
1747753018529.0,0.93628,0.93648
1747753020185.0,0.93627,0.93647
1747753020434.0,0.93626,0.93646
1747753020931.0,0.93624,0.93644
1747753021056.0,0.93628,0.93648
1747753021533.0,0.93627,0.93647
1747753022196.0,0.93626,0.93646
1747753022324.0,0.93625,0.93645
1747753022573.0,0.93626,0.93646
1747753023436.0,0.93623,0.93643
1747753024690.0,0.93624,0.93644
1747753025992.0,0.93625,0.93645
1747753027975.0,0.93626,0.93646
1747753028103.0,0.93625,0.93645
1747753029566.0,0.93624,0.93644
1747753029690.0,0.93626,0.93646
1747753029950.0,0.93624,0.93644
1747753031798.0,0.93626,0.93646
1747753031923.0,0.93623,0.93653
1747753032172.0,0.93632,0.93662
1747753032603.0,0.93634,0.93664
1747753033384.0,0.93635,0.93665
1747753033807.0,0.93637,0.93667
1747753034250.0,0.93636,0.93666
1747753034499.0,0.93637,0.93667
1747753034749.0,0.93638,0.93668
1747753037292.0,0.93639,0.93669
1747753037417.0,0.93638,0.93668
1747753037947.0,0.9364,0.9367
1747753038072.0,0.93641,0.93671
1747753038984.0,0.93642,0.93672
1747753039361.0,0.9364,0.9367
1747753043806.0,0.93641,0.93671
1747753043931.0,0.9364,0.9367
1747753044181.0,0.93645,0.93675
1747753044306.0,0.93644,0.93674
1747753046731.0,0.93651,0.93681
1747753050243.0,0.9365,0.9368
1747753050367.0,0.93649,0.93679
1747753050864.0,0.93647,0.93677
1747753051540.0,0.93646,0.93676
1747753052444.0,0.93645,0.93675
1747753052564.0,0.93644,0.93674
1747753052695.0,0.93643,0.93673
1747753054213.0,0.9364,0.9367
1747753055034.0,0.93639,0.93669
1747753055284.0,0.93636,0.93666
1747753056228.0,0.93638,0.93668
1747753056354.0,0.93639,0.93669
1747753056728.0,0.93636,0.93666
1747753056978.0,0.93635,0.93665
1747753057228.0,0.93628,0.93658
1747753057604.0,0.9363,0.9366
1747753057854.0,0.93632,0.93662
1747753058334.0,0.93631,0.93661
1747753059114.0,0.93632,0.93662
1747753059361.0,0.93635,0.93665
1747753059610.0,0.93631,0.93661
1747753060277.0,0.93629,0.93659
1747753060402.0,0.93627,0.93657
1747753060527.0,0.93628,0.93658
1747753060776.0,0.93627,0.93657
1747753061107.0,0.93629,0.93659
1747753061357.0,0.93627,0.93657
1747753061554.0,0.93629,0.93659
1747753061804.0,0.93627,0.93657
1747753062178.0,0.93622,0.93652
1747753062427.0,0.93624,0.93654
1747753062555.0,0.93625,0.93655
1747753062680.0,0.93622,0.93652
1747753062928.0,0.93624,0.93654
1747753063820.0,0.93625,0.93655
1747753063945.0,0.93633,0.93663
1747753064190.0,0.93631,0.93661
1747753064440.0,0.93633,0.93663
1747753064689.0,0.93633,0.93663
1747753065629.0,0.9363,0.9366
1747753065754.0,0.93629,0.93659
1747753066329.0,0.93628,0.93658
1747753067191.0,0.93629,0.93659
1747753067819.0,0.9363,0.9366
1747753067944.0,0.93629,0.93659
1747753069182.0,0.93628,0.93658
1747753069532.0,0.93629,0.93659
1747753070721.0,0.93628,0.93658
1747753071097.0,0.93625,0.93655
1747753071661.0,0.93624,0.93654
1747753071785.0,0.93625,0.93655
1747753072419.0,0.93624,0.93654
1747753073042.0,0.93625,0.93655
1747753073293.0,0.93626,0.93656
1747753074403.0,0.93627,0.93657
1747753075069.0,0.93628,0.93658
1747753075443.0,0.93627,0.93657
1747753075572.0,0.93628,0.93658
1747753075692.0,0.93629,0.93659
1747753075821.0,0.9363,0.9366
1747753076247.0,0.93629,0.93659
1747753077501.0,0.9363,0.9366
1747753077778.0,0.93631,0.93661
1747753079525.0,0.9363,0.9366
1747753080149.0,0.93631,0.93661
1747753080728.0,0.93629,0.93659
1747753081293.0,0.93628,0.93658
1747753081619.0,0.93629,0.93659
1747753081743.0,0.93628,0.93658
1747753081869.0,0.93629,0.93659
1747753083456.0,0.9363,0.9366
1747753083768.0,0.93629,0.93659
1747753085092.0,0.9363,0.9366
1747753085342.0,0.93629,0.93659
