1747749487364.0,1.33595,1.33604
1747749488386.0,1.33596,1.33605
1747749489598.0,1.33595,1.33604
1747749490022.0,1.33593,1.33602
1747749490464.0,1.33592,1.33601
1747749493834.0,1.33591,1.336
1747749494733.0,1.33592,1.33601
1747749495150.0,1.33591,1.336
1747749495365.0,1.33591,1.336
1747749498839.0,1.33592,1.33601
1747749503569.0,1.33592,1.33601
1747749510360.0,1.33591,1.336
1747749511145.0,1.33592,1.33601
1747749512520.0,1.33591,1.336
1747749513512.0,1.33592,1.33601
1747749513924.0,1.33591,1.336
1747749516359.0,1.33591,1.336
1747749516855.0,1.33592,1.33601
1747749517510.0,1.33591,1.336
1747749518162.0,1.33592,1.33601
1747749519499.0,1.33586,1.33595
1747749520421.0,1.33585,1.33594
1747749520528.0,1.33577,1.33586
1747749520746.0,1.33576,1.33585
1747749521505.0,1.33576,1.33585
1747749522308.0,1.33571,1.3358
1747749522419.0,1.33568,1.33577
1747749522636.0,1.33567,1.33576
1747749523699.0,1.33571,1.3358
1747749527987.0,1.33569,1.33578
1747749528662.0,1.33572,1.33581
1747749529321.0,1.33572,1.33581
1747749530113.0,1.33569,1.33578
1747749530332.0,1.33571,1.3358
1747749534285.0,1.33569,1.33578
1747749534835.0,1.3357,1.33579
1747749535405.0,1.33568,1.33577
1747749538768.0,1.33567,1.33576
1747749539591.0,1.33565,1.33574
1747749541671.0,1.33566,1.33575
1747749543119.0,1.3357,1.33579
1747749543776.0,1.33569,1.33578
1747749544546.0,1.33568,1.33577
1747749545341.0,1.33569,1.33578
1747749545562.0,1.33569,1.33578
1747749546203.0,1.33571,1.3358
1747749546752.0,1.3357,1.33579
1747749546862.0,1.33564,1.33573
1747749548766.0,1.33563,1.33572
1747749549487.0,1.33558,1.33567
1747749549600.0,1.33563,1.33572
1747749554825.0,1.33565,1.33574
1747749555156.0,1.33565,1.33574
1747749556881.0,1.33563,1.33572
1747749558772.0,1.33565,1.33574
1747749560291.0,1.33564,1.33573
1747749561906.0,1.33567,1.33576
1747749562120.0,1.33568,1.33577
1747749563596.0,1.33571,1.3358
1747749566193.0,1.33572,1.33581
1747749570258.0,1.33572,1.33581
1747749572507.0,1.33572,1.33581
1747749573172.0,1.33571,1.3358
1747749574990.0,1.33572,1.33581
1747749575511.0,1.33568,1.33577
1747749575842.0,1.33567,1.33576
1747749576178.0,1.33566,1.33575
1747749576503.0,1.33566,1.33575
1747749576610.0,1.33567,1.33576
1747749577052.0,1.33566,1.33575
1747749579215.0,1.33567,1.33576
1747749579323.0,1.33568,1.33577
1747749579433.0,1.33569,1.33578
1747749579767.0,1.33568,1.33577
1747749579876.0,1.33569,1.33578
1747749580974.0,1.3357,1.33579
1747749581707.0,1.33572,1.33581
1747749581932.0,1.3357,1.33579
1747749584828.0,1.33568,1.33577
1747749585267.0,1.33569,1.33578
1747749585599.0,1.3357,1.33579
1747749586309.0,1.33569,1.33578
1747749586420.0,1.3357,1.33579
1747749587196.0,1.33571,1.3358
1747749587965.0,1.3357,1.33579
1747749588297.0,1.33569,1.33578
1747749588626.0,1.3357,1.33579
1747749589363.0,1.33569,1.33578
1747749590104.0,1.33568,1.33577
1747749591121.0,1.33571,1.3358
1747749591449.0,1.33571,1.3358
1747749591565.0,1.3357,1.33579
1747749591949.0,1.33571,1.3358
1747749595251.0,1.33565,1.33574
1747749596507.0,1.33566,1.33575
1747749598078.0,1.33565,1.33574
1747749598743.0,1.33566,1.33575
1747749598856.0,1.33565,1.33574
1747749599247.0,1.33566,1.33575
1747749600039.0,1.33569,1.33578
1747749600460.0,1.33572,1.33581
1747749600575.0,1.33574,1.33583
1747749600798.0,1.33573,1.33582
1747749601235.0,1.33571,1.3358
1747749601340.0,1.3357,1.33579
1747749602687.0,1.33568,1.33577
1747749602912.0,1.33569,1.33578
1747749603596.0,1.33573,1.33582
1747749603911.0,1.33574,1.33583
1747749604569.0,1.33573,1.33582
1747749605226.0,1.33572,1.33581
1747749614785.0,1.33571,1.3358
1747749619275.0,1.33575,1.33584
1747749619603.0,1.33578,1.33587
1747749619713.0,1.33581,1.3359
1747749619823.0,1.33582,1.33591
1747749620262.0,1.33581,1.3359
1747749621115.0,1.33584,1.33593
1747749621333.0,1.33583,1.33592
1747749621664.0,1.33584,1.33593
1747749621885.0,1.33589,1.33598
1747749621996.0,1.33588,1.33597
1747749622324.0,1.33589,1.33598
1747749622434.0,1.33588,1.33597
1747749623169.0,1.33586,1.33595
1747749623501.0,1.33585,1.33594
1747749623948.0,1.33589,1.33598
1747749624158.0,1.3359,1.33599
1747749625136.0,1.33591,1.336
1747749625464.0,1.3359,1.33599
1747749625921.0,1.33587,1.33596
1747749626137.0,1.33589,1.33598
1747749627058.0,1.33587,1.33596
1747749628308.0,1.33588,1.33597
1747749628410.0,1.33587,1.33596
1747749628631.0,1.33588,1.33597
1747749628851.0,1.33587,1.33596
1747749629079.0,1.33586,1.33595
1747749630463.0,1.33587,1.33596
1747749632669.0,1.33591,1.336
1747749632767.0,1.33594,1.33603
1747749633314.0,1.33593,1.33602
1747749636051.0,1.33601,1.3361
1747749636490.0,1.33602,1.33611
1747749639558.0,1.33607,1.33616
1747749642350.0,1.33608,1.33617
1747749643662.0,1.33611,1.3362
1747749644142.0,1.33612,1.33621
1747749645341.0,1.33613,1.33622
1747749646336.0,1.33616,1.33625
1747749646450.0,1.33617,1.33626
1747749647552.0,1.33618,1.33627
1747749647887.0,1.3362,1.33629
1747749648872.0,1.33619,1.33628
1747749649317.0,1.33619,1.33628
1747749649428.0,1.33618,1.33627
1747749649643.0,1.33621,1.3363
1747749650305.0,1.33623,1.33632
1747749650531.0,1.33624,1.33633
1747749651081.0,1.33623,1.33632
1747749654894.0,1.33622,1.33631
1747749655481.0,1.33623,1.33632
1747749657475.0,1.33616,1.33625
1747749657584.0,1.33614,1.33623
1747749657805.0,1.33615,1.33624
1747749658143.0,1.33616,1.33625
1747749660088.0,1.33611,1.3362
1747749660416.0,1.33605,1.33614
1747749661190.0,1.33601,1.3361
1747749661415.0,1.33597,1.33606
1747749661963.0,1.336,1.33609
1747749662286.0,1.33601,1.3361
1747749662507.0,1.33601,1.3361
1747749663166.0,1.33602,1.33611
1747749664104.0,1.33603,1.33612
1747749665476.0,1.33605,1.33614
1747749665808.0,1.33604,1.33613
1747749666359.0,1.33606,1.33615
1747749667128.0,1.33605,1.33614
1747749667242.0,1.33606,1.33615
1747749668005.0,1.33604,1.33613
1747749669172.0,1.33603,1.33612
1747749671232.0,1.33602,1.33611
1747749671563.0,1.33598,1.33607
1747749671671.0,1.33597,1.33606
1747749672004.0,1.33594,1.33603
1747749672465.0,1.33593,1.33602
1747749673015.0,1.33591,1.336
1747749673887.0,1.33592,1.33601
1747749675879.0,1.33592,1.33601
1747749675987.0,1.33591,1.336
1747749676867.0,1.3359,1.33599
1747749678219.0,1.33587,1.33596
1747749679057.0,1.33584,1.33593
1747749679278.0,1.33583,1.33592
1747749679499.0,1.33584,1.33593
1747749679940.0,1.33583,1.33592
1747749680410.0,1.33584,1.33593
1747749680519.0,1.33583,1.33592
1747749681089.0,1.33584,1.33593
1747749683089.0,1.33584,1.33593
1747749686443.0,1.33578,1.33587
1747749686659.0,1.33577,1.33586
1747749686772.0,1.33575,1.33584
1747749688852.0,1.33578,1.33587
1747749689402.0,1.33578,1.33587
1747749691661.0,1.33577,1.33586
1747749692895.0,1.33577,1.33586
1747749694266.0,1.33576,1.33585
1747749701853.0,1.3358,1.33589
1747749703164.0,1.33573,1.33582
1747749703275.0,1.33572,1.33581
1747749705387.0,1.33573,1.33582
1747749705496.0,1.33574,1.33583
1747749707338.0,1.33567,1.33576
1747749707555.0,1.33571,1.3358
1747749707770.0,1.33572,1.33581
1747749708104.0,1.33573,1.33582
1747749709653.0,1.33575,1.33584
1747749710920.0,1.33576,1.33585
1747749711983.0,1.33575,1.33584
1747749712738.0,1.3358,1.33589
1747749713076.0,1.33579,1.33588
1747749714342.0,1.33579,1.33588
1747749715281.0,1.33578,1.33587
1747749715609.0,1.33579,1.33588
1747749716269.0,1.33578,1.33587
1747749716489.0,1.33581,1.3359
1747749716819.0,1.33578,1.33587
1747749718243.0,1.33576,1.33585
1747749719775.0,1.33577,1.33586
1747749719993.0,1.33576,1.33585
1747749720335.0,1.33575,1.33584
1747749722168.0,1.33574,1.33583
1747749722278.0,1.33572,1.33581
1747749722498.0,1.33567,1.33576
1747749724151.0,1.33566,1.33575
1747749724380.0,1.33565,1.33574
1747749724806.0,1.33564,1.33573
1747749725139.0,1.33565,1.33574
1747749726280.0,1.33568,1.33577
1747749726394.0,1.33567,1.33576
1747749726837.0,1.33564,1.33573
1747749727050.0,1.33565,1.33574
1747749728150.0,1.33564,1.33573
1747749729188.0,1.33563,1.33572
1747749729857.0,1.33567,1.33576
1747749730185.0,1.33568,1.33577
1747749730405.0,1.33565,1.33574
1747749731281.0,1.33567,1.33576
1747749732050.0,1.33571,1.3358
1747749732489.0,1.33568,1.33577
1747749732715.0,1.33569,1.33578
1747749733041.0,1.3357,1.33579
1747749733574.0,1.33565,1.33574
1747749733969.0,1.33563,1.33572
1747749734437.0,1.33564,1.33573
1747749735515.0,1.33562,1.33571
1747749736069.0,1.33566,1.33575
1747749736284.0,1.33566,1.33575
1747749736615.0,1.33565,1.33574
1747749737253.0,1.33564,1.33573
1747749738147.0,1.3357,1.33579
1747749738368.0,1.33572,1.33581
1747749738590.0,1.33569,1.33578
1747749739615.0,1.33568,1.33577
1747749739835.0,1.33571,1.3358
1747749742493.0,1.33573,1.33582
1747749743197.0,1.33574,1.33583
1747749744189.0,1.33578,1.33587
1747749744408.0,1.3358,1.33589
1747749744737.0,1.33581,1.3359
1747749744850.0,1.3358,1.33589
1747749746032.0,1.33578,1.33587
1747749746138.0,1.33577,1.33586
1747749746248.0,1.33578,1.33587
1747749748779.0,1.33577,1.33586
1747749748999.0,1.33585,1.33594
1747749749218.0,1.33584,1.33593
1747749751228.0,1.3358,1.33589
1747749751451.0,1.33578,1.33587
1747749752545.0,1.33575,1.33584
1747749752873.0,1.33576,1.33585
1747749753586.0,1.33577,1.33586
1747749754145.0,1.33578,1.33587
1747749755224.0,1.33577,1.33586
1747749756677.0,1.33575,1.33584
1747749756891.0,1.33578,1.33587
1747749757217.0,1.33581,1.3359
1747749757745.0,1.3358,1.33589
1747749757859.0,1.33581,1.3359
1747749758306.0,1.33578,1.33587
1747749758653.0,1.33579,1.33588
1747749759873.0,1.33579,1.33588
1747749760203.0,1.33578,1.33587
1747749761026.0,1.33577,1.33586
1747749761468.0,1.33574,1.33583
1747749761816.0,1.33577,1.33586
1747749764390.0,1.33579,1.33588
1747749764906.0,1.33577,1.33586
1747749765131.0,1.33576,1.33585
1747749765234.0,1.33573,1.33582
1747749765458.0,1.33574,1.33583
1747749765964.0,1.33573,1.33582
1747749768638.0,1.33572,1.33581
1747749769899.0,1.33573,1.33582
1747749770427.0,1.33572,1.33581
1747749770545.0,1.33573,1.33582
1747749770660.0,1.33578,1.33587
1747749773635.0,1.33579,1.33588
1747749774145.0,1.3358,1.33589
1747749774597.0,1.33583,1.33592
1747749774697.0,1.33584,1.33593
1747749774917.0,1.33585,1.33594
1747749775497.0,1.3359,1.33599
1747749776719.0,1.33589,1.33598
1747749777828.0,1.33582,1.33591
1747749778543.0,1.33579,1.33588
1747749779879.0,1.33581,1.3359
1747749780427.0,1.33581,1.3359
1747749780756.0,1.33579,1.33588
1747749780986.0,1.33582,1.33591
1747749781306.0,1.33583,1.33592
1747749782691.0,1.3358,1.33589
1747749782797.0,1.33579,1.33588
1747749783361.0,1.33581,1.3359
1747749784942.0,1.33579,1.33588
1747749785396.0,1.33582,1.33591
1747749786503.0,1.33582,1.33591
1747749787417.0,1.33584,1.33593
1747749789156.0,1.33583,1.33592
1747749789375.0,1.33584,1.33593
1747749789597.0,1.33585,1.33594
1747749789933.0,1.33587,1.33596
1747749792812.0,1.33586,1.33595
1747749794868.0,1.33587,1.33596
1747749796217.0,1.33583,1.33592
1747749796437.0,1.33582,1.33591
1747749796767.0,1.33583,1.33592
1747749797257.0,1.33584,1.33593
1747749798185.0,1.33586,1.33595
1747749798730.0,1.33588,1.33597
1747749799878.0,1.33589,1.33598
1747749802127.0,1.33585,1.33594
1747749802237.0,1.33584,1.33593
1747749803684.0,1.33585,1.33594
1747749806586.0,1.33584,1.33593
1747749808207.0,1.33583,1.33592
1747749808427.0,1.33584,1.33593
1747749808891.0,1.33587,1.33596
1747749810882.0,1.33588,1.33597
1747749812570.0,1.33592,1.33601
1747749812790.0,1.33589,1.33598
1747749812903.0,1.33588,1.33597
1747749814385.0,1.33591,1.336
1747749814749.0,1.33592,1.33601
1747749816836.0,1.33592,1.33601
1747749818711.0,1.33591,1.336
1747749818821.0,1.33588,1.33597
1747749819753.0,1.33589,1.33598
1747749820220.0,1.33591,1.336
1747749821211.0,1.33588,1.33597
1747749821429.0,1.33587,1.33596
1747749821980.0,1.33591,1.336
1747749822419.0,1.33592,1.33601
1747749824309.0,1.33588,1.33597
1747749825054.0,1.33589,1.33598
1747749826104.0,1.3359,1.33599
1747749826215.0,1.33592,1.33601
1747749826427.0,1.33591,1.336
1747749827337.0,1.33588,1.33597
1747749827964.0,1.33586,1.33595
1747749828292.0,1.33585,1.33594
1747749829741.0,1.33584,1.33593
1747749832091.0,1.33586,1.33595
1747749833123.0,1.33589,1.33598
1747749833324.0,1.33589,1.33598
1747749833653.0,1.3359,1.33599
1747749833770.0,1.33591,1.336
1747749834561.0,1.3359,1.33599
1747749835220.0,1.33589,1.33598
1747749835861.0,1.33588,1.33597
1747749836077.0,1.33589,1.33598
1747749836408.0,1.33588,1.33597
1747749836627.0,1.33587,1.33596
1747749836745.0,1.33586,1.33595
1747749843361.0,1.33587,1.33596
1747749843582.0,1.3359,1.33599
1747749843803.0,1.33593,1.33602
1747749845361.0,1.33594,1.33603
1747749845464.0,1.33593,1.33602
1747749846219.0,1.33594,1.33603
1747749846449.0,1.33597,1.33606
1747749846549.0,1.33596,1.33605
1747749847740.0,1.33597,1.33606
1747749849079.0,1.33595,1.33604
1747749853907.0,1.33594,1.33603
1747749857760.0,1.33597,1.33606
1747749857981.0,1.33595,1.33604
1747749858529.0,1.33594,1.33603
1747749859083.0,1.33593,1.33602
1747749861131.0,1.33594,1.33603
1747749861236.0,1.33595,1.33604
1747749861738.0,1.33594,1.33603
1747749865834.0,1.33596,1.33605
1747749865937.0,1.33598,1.33607
1747749866814.0,1.33597,1.33606
1747749867843.0,1.33596,1.33605
1747749868786.0,1.33606,1.33615
1747749869925.0,1.3361,1.33619
1747749870398.0,1.33612,1.33621
1747749872016.0,1.33611,1.3362
1747749873952.0,1.33608,1.33617
1747749874171.0,1.33609,1.33618
1747749874391.0,1.33611,1.3362
1747749875339.0,1.33609,1.33618
1747749875783.0,1.33608,1.33617
1747749877073.0,1.33609,1.33618
1747749877734.0,1.33608,1.33617
1747749878237.0,1.33607,1.33616
1747749878460.0,1.33606,1.33615
1747749881321.0,1.33607,1.33616
1747749882652.0,1.33611,1.3362
1747749882760.0,1.33608,1.33617
1747749883094.0,1.33609,1.33618
1747749883199.0,1.3361,1.33619
1747749884796.0,1.33608,1.33617
1747749885573.0,1.33609,1.33618
1747749888117.0,1.33608,1.33617
1747749888871.0,1.33604,1.33613
1747749888980.0,1.33603,1.33612
1747749889939.0,1.33606,1.33615
1747749890448.0,1.3361,1.33619
1747749890819.0,1.33608,1.33617
1747749891811.0,1.33606,1.33615
1747749891920.0,1.33605,1.33614
1747749893294.0,1.33607,1.33616
1747749893405.0,1.33606,1.33615
1747749895251.0,1.33607,1.33616
1747749897213.0,1.33604,1.33613
1747749897726.0,1.33603,1.33612
1747749898783.0,1.33604,1.33613
1747749900337.0,1.33602,1.33611
1747749901119.0,1.33605,1.33614
1747749901330.0,1.33604,1.33613
1747749902014.0,1.33608,1.33617
1747749902657.0,1.33609,1.33618
1747749903213.0,1.33608,1.33617
1747749904225.0,1.33607,1.33616
1747749904444.0,1.33607,1.33616
1747749904773.0,1.33607,1.33616
1747749906547.0,1.33606,1.33615
1747749906906.0,1.33608,1.33617
1747749907458.0,1.33607,1.33616
1747749908181.0,1.33611,1.3362
1747749909636.0,1.3361,1.33619
1747749909749.0,1.33612,1.33621
1747749909854.0,1.33613,1.33622
1747749912468.0,1.33614,1.33623
1747749913940.0,1.33613,1.33622
1747749920587.0,1.33614,1.33623
1747749921361.0,1.33613,1.33622
1747749923872.0,1.33614,1.33623
1747749924196.0,1.33612,1.33621
1747749925221.0,1.33603,1.33612
1747749925657.0,1.33598,1.33607
1747749926836.0,1.336,1.33609
1747749927539.0,1.33603,1.33612
1747749928157.0,1.33602,1.33611
1747749928270.0,1.33603,1.33612
1747749929019.0,1.33602,1.33611
1747749930209.0,1.33603,1.33612
1747749931232.0,1.33604,1.33613
1747749931786.0,1.33598,1.33607
1747749931890.0,1.33599,1.33608
1747749933092.0,1.33598,1.33607
1747749933554.0,1.33599,1.33608
1747749934244.0,1.33601,1.3361
1747749934463.0,1.33602,1.33611
1747749935104.0,1.33594,1.33603
1747749935321.0,1.33597,1.33606
1747749936098.0,1.33596,1.33605
1747749936321.0,1.33597,1.33606
1747749936429.0,1.33598,1.33607
1747749936649.0,1.33599,1.33608
1747749936759.0,1.33595,1.33604
1747749938839.0,1.33592,1.33601
1747749938945.0,1.33593,1.33602
1747749939524.0,1.33592,1.33601
1747749939854.0,1.33588,1.33597
1747749939963.0,1.33589,1.33598
1747749940294.0,1.33587,1.33596
1747749941071.0,1.3359,1.33599
1747749942325.0,1.33585,1.33594
1747749942654.0,1.33587,1.33596
1747749942776.0,1.3359,1.33599
1747749943098.0,1.33591,1.336
1747749943219.0,1.3359,1.33599
1747749943784.0,1.33589,1.33598
1747749944319.0,1.33592,1.33601
1747749945252.0,1.33593,1.33602
1747749946247.0,1.33595,1.33604
1747749946345.0,1.33594,1.33603
1747749947531.0,1.33593,1.33602
1747749947860.0,1.33592,1.33601
1747749949832.0,1.33593,1.33602
1747749951291.0,1.33592,1.33601
1747749951711.0,1.33593,1.33602
1747749952481.0,1.33592,1.33601
1747749953144.0,1.33593,1.33602
1747749953835.0,1.33592,1.33601
1747749954587.0,1.33585,1.33594
1747749954704.0,1.33586,1.33595
1747749955030.0,1.33587,1.33596
1747749955514.0,1.33584,1.33593
1747749955623.0,1.33583,1.33592
1747749956177.0,1.33584,1.33593
1747749957059.0,1.33583,1.33592
1747749957699.0,1.33584,1.33593
1747749959980.0,1.33585,1.33594
1747749960674.0,1.33583,1.33592
1747749961246.0,1.33582,1.33591
1747749961945.0,1.33579,1.33588
1747749962054.0,1.3358,1.33589
1747749962167.0,1.33582,1.33591
1747749963431.0,1.33584,1.33593
1747749966883.0,1.33582,1.33591
1747749967104.0,1.33579,1.33588
1747749967654.0,1.33578,1.33587
1747749967876.0,1.33579,1.33588
1747749968443.0,1.33578,1.33587
1747749968774.0,1.33579,1.33588
1747749970115.0,1.33581,1.3359
1747749970992.0,1.33581,1.3359
1747749971909.0,1.33582,1.33591
1747749972592.0,1.33581,1.3359
1747749973066.0,1.33582,1.33591
1747749974154.0,1.33579,1.33588
1747749974483.0,1.3358,1.33589
1747749974704.0,1.3358,1.33589
1747749975893.0,1.33579,1.33588
1747749976923.0,1.33578,1.33587
1747749977142.0,1.3358,1.33589
1747749977484.0,1.33581,1.3359
1747749977582.0,1.33582,1.33591
1747749978750.0,1.33581,1.3359
1747749978972.0,1.33582,1.33591
1747749979308.0,1.33583,1.33592
1747749979633.0,1.33586,1.33595
1747749983938.0,1.33585,1.33594
1747749984617.0,1.33584,1.33593
1747749985525.0,1.33583,1.33592
1747749987764.0,1.33585,1.33594
1747749989611.0,1.33589,1.33598
1747749991914.0,1.3359,1.33599
1747749993051.0,1.33592,1.33601
1747749994181.0,1.33591,1.336
1747749995207.0,1.33592,1.33601
1747749997542.0,1.33595,1.33604
1747749999821.0,1.33592,1.33601
1747750000318.0,1.33593,1.33602
1747750001516.0,1.33595,1.33604
1747750001737.0,1.33596,1.33605
1747750003612.0,1.33595,1.33604
1747750003832.0,1.33592,1.33601
1747750005813.0,1.33593,1.33602
1747750006261.0,1.33592,1.33601
1747750007077.0,1.33588,1.33597
1747750007294.0,1.33588,1.33597
1747750007514.0,1.33587,1.33596
1747750008130.0,1.33588,1.33597
1747750008740.0,1.3359,1.33599
1747750009950.0,1.33589,1.33598
1747750010169.0,1.33591,1.336
1747750011903.0,1.3359,1.33599
1747750012483.0,1.33592,1.33601
1747750013172.0,1.33593,1.33602
1747750015116.0,1.33592,1.33601
1747750016488.0,1.33593,1.33602
1747750018714.0,1.33592,1.33601
1747750019207.0,1.33593,1.33602
1747750019828.0,1.33592,1.33601
1747750021781.0,1.33587,1.33596
1747750022113.0,1.33589,1.33598
1747750022694.0,1.3359,1.33599
1747750023021.0,1.33588,1.33597
1747750023948.0,1.33589,1.33598
1747750025386.0,1.3359,1.33599
1747750026124.0,1.33592,1.33601
1747750031120.0,1.33591,1.336
1747750032183.0,1.33592,1.33601
1747750032624.0,1.33595,1.33604
1747750033062.0,1.33593,1.33602
1747750034858.0,1.33591,1.336
1747750036617.0,1.33592,1.33601
1747750039640.0,1.33593,1.33602
1747750039750.0,1.33595,1.33604
1747750039973.0,1.33594,1.33603
1747750040984.0,1.33595,1.33604
1747750041204.0,1.33594,1.33603
1747750044838.0,1.33593,1.33602
1747750048238.0,1.33592,1.33601
1747750051019.0,1.33593,1.33602
1747750053567.0,1.33594,1.33603
1747750055904.0,1.33595,1.33604
1747750056407.0,1.33594,1.33603
1747750056739.0,1.33592,1.33601
1747750058148.0,1.33594,1.33603
1747750058262.0,1.33595,1.33604
1747750064293.0,1.33598,1.33607
1747750064735.0,1.33601,1.3361
1747750064956.0,1.33602,1.33611
1747750065509.0,1.33604,1.33613
1747750065720.0,1.33605,1.33614
1747750066318.0,1.33599,1.33608
1747750066428.0,1.33595,1.33604
1747750066648.0,1.33592,1.33601
1747750066990.0,1.3359,1.33599
1747750068297.0,1.33588,1.33597
1747750068404.0,1.33585,1.33594
1747750068622.0,1.33588,1.33597
1747750069397.0,1.33586,1.33595
1747750069509.0,1.33585,1.33594
1747750070089.0,1.33592,1.33601
1747750072170.0,1.33601,1.3361
1747750073304.0,1.336,1.33609
1747750075248.0,1.33602,1.33611
1747750075683.0,1.33603,1.33612
1747750077275.0,1.33602,1.33611
1747750078268.0,1.33601,1.3361
1747750079033.0,1.33602,1.33611
1747750080385.0,1.33601,1.3361
1747750083503.0,1.33604,1.33613
1747750084403.0,1.33607,1.33616
1747750085011.0,1.33608,1.33617
1747750085123.0,1.33611,1.3362
1747750086404.0,1.33609,1.33618
1747750087348.0,1.33608,1.33617
1747750088992.0,1.33611,1.3362
1747750092105.0,1.33608,1.33617
1747750092318.0,1.33611,1.3362
1747750094216.0,1.33617,1.33626
1747750095383.0,1.33615,1.33624
1747750095939.0,1.33614,1.33623
1747750096903.0,1.33612,1.33621
1747750098342.0,1.33606,1.33615
1747750098561.0,1.33606,1.33615
1747750100599.0,1.33607,1.33616
1747750101109.0,1.33608,1.33617
1747750101652.0,1.33611,1.3362
1747750102079.0,1.33609,1.33618
1747750102665.0,1.33608,1.33617
1747750103210.0,1.33609,1.33618
1747750103321.0,1.33608,1.33617
1747750103927.0,1.33606,1.33615
1747750106765.0,1.33607,1.33616
1747750108133.0,1.33608,1.33617
1747750108353.0,1.3361,1.33619
1747750108581.0,1.33613,1.33622
1747750108685.0,1.33612,1.33621
1747750112107.0,1.33626,1.33635
1747750112454.0,1.33625,1.33634
1747750112547.0,1.33626,1.33635
1747750113536.0,1.33626,1.33635
1747750113646.0,1.33627,1.33636
1747750113866.0,1.33626,1.33635
1747750114090.0,1.33629,1.33638
1747750114311.0,1.33627,1.33636
1747750114968.0,1.33625,1.33634
1747750115627.0,1.33627,1.33636
1747750115963.0,1.33628,1.33637
1747750116618.0,1.33627,1.33636
1747750117868.0,1.33624,1.33633
1747750117983.0,1.33623,1.33632
1747750118197.0,1.33624,1.33633
1747750119350.0,1.33625,1.33634
1747750123187.0,1.33627,1.33636
1747750123409.0,1.33625,1.33634
1747750124388.0,1.33624,1.33633
1747750126812.0,1.33625,1.33634
1747750130387.0,1.33627,1.33636
1747750131204.0,1.33626,1.33635
1747750135977.0,1.33617,1.33626
1747750136204.0,1.33612,1.33621
1747750137266.0,1.33614,1.33623
1747750140990.0,1.33612,1.33621
1747750141948.0,1.33613,1.33622
1747750142169.0,1.33611,1.3362
1747750142608.0,1.33613,1.33622
1747750142973.0,1.33611,1.3362
1747750143785.0,1.33613,1.33622
1747750145076.0,1.33614,1.33623
1747750147191.0,1.33612,1.33621
1747750148837.0,1.33613,1.33622
1747750149281.0,1.33614,1.33623
1747750150393.0,1.33623,1.33632
1747750150507.0,1.33625,1.33634
1747750151389.0,1.33626,1.33635
1747750153190.0,1.33625,1.33634
1747750155283.0,1.33628,1.33637
1747750155391.0,1.33629,1.33638
1747750155611.0,1.33628,1.33637
1747750155938.0,1.33627,1.33636
1747750159273.0,1.33629,1.33638
1747750159385.0,1.33626,1.33635
1747750161481.0,1.3363,1.33639
1747750163265.0,1.33629,1.33638
1747750163722.0,1.33631,1.3364
1747750165997.0,1.33632,1.33641
1747750171242.0,1.33638,1.33647
1747750171347.0,1.33637,1.33646
1747750171789.0,1.33642,1.33651
1747750172124.0,1.3364,1.33649
1747750173391.0,1.33637,1.33646
1747750173831.0,1.33636,1.33645
1747750174394.0,1.33635,1.33644
1747750175309.0,1.33636,1.33645
1747750177230.0,1.33631,1.3364
1747750177448.0,1.33626,1.33635
1747750178043.0,1.33624,1.33633
1747750178265.0,1.33625,1.33634
1747750180493.0,1.3363,1.33639
1747750181278.0,1.33632,1.33641
1747750182279.0,1.3363,1.33639
1747750182498.0,1.33629,1.33638
1747750183179.0,1.3363,1.33639
1747750184985.0,1.33633,1.33642
1747750185308.0,1.33636,1.33645
1747750185420.0,1.33641,1.3365
1747750186446.0,1.33646,1.33655
1747750186664.0,1.33648,1.33657
1747750186994.0,1.33665,1.33674
1747750187214.0,1.33671,1.3368
1747750188205.0,1.33669,1.33678
1747750188536.0,1.33666,1.33675
1747750188659.0,1.33667,1.33676
1747750188974.0,1.33662,1.33671
1747750189195.0,1.33663,1.33672
1747750189415.0,1.33668,1.33677
1747750189855.0,1.33667,1.33676
1747750190194.0,1.33664,1.33673
1747750190304.0,1.33663,1.33672
1747750190514.0,1.33667,1.33676
1747750190625.0,1.33666,1.33675
1747750191176.0,1.33667,1.33676
1747750191615.0,1.33665,1.33674
1747750191838.0,1.33671,1.3368
1747750192164.0,1.33669,1.33678
1747750192396.0,1.33669,1.33678
1747750192623.0,1.33674,1.33683
1747750192722.0,1.33675,1.33684
1747750192936.0,1.33679,1.33688
1747750193045.0,1.3368,1.33689
1747750193486.0,1.33681,1.3369
1747750193971.0,1.3368,1.33689
1747750194845.0,1.33685,1.33694
1747750195070.0,1.33684,1.33693
1747750196455.0,1.33679,1.33688
1747750196776.0,1.3368,1.33689
1747750197444.0,1.33679,1.33688
1747750198098.0,1.33686,1.33695
1747750198208.0,1.33687,1.33696
1747750198757.0,1.33686,1.33695
1747750199203.0,1.33687,1.33696
1747750199419.0,1.33684,1.33693
1747750200475.0,1.33682,1.33691
1747750200826.0,1.33685,1.33694
1747750201025.0,1.3369,1.33699
1747750201350.0,1.33689,1.33698
1747750201466.0,1.33691,1.337
1747750202049.0,1.33693,1.33702
1747750202856.0,1.33696,1.33705
1747750203342.0,1.33698,1.33707
1747750203778.0,1.33699,1.33708
1747750204108.0,1.33697,1.33706
1747750204659.0,1.33699,1.33708
1747750204768.0,1.33697,1.33706
1747750205106.0,1.33695,1.33704
1747750205319.0,1.33693,1.33702
1747750205650.0,1.33696,1.33705
1747750205758.0,1.33698,1.33707
1747750206206.0,1.33694,1.33703
1747750206532.0,1.33693,1.33702
1747750206866.0,1.33694,1.33703
1747750208114.0,1.33701,1.3371
1747750208333.0,1.337,1.33709
1747750208443.0,1.33702,1.33711
1747750209280.0,1.33698,1.33707
1747750209499.0,1.33697,1.33706
1747750209622.0,1.33699,1.33708
1747750210610.0,1.33701,1.3371
1747750212135.0,1.33725,1.33734
1747750212246.0,1.33719,1.33728
1747750212371.0,1.33717,1.33726
1747750212869.0,1.33715,1.33724
1747750213199.0,1.33713,1.33722
1747750213420.0,1.33715,1.33724
1747750213640.0,1.33716,1.33725
1747750214091.0,1.33715,1.33724
1747750214324.0,1.33718,1.33727
1747750214418.0,1.33719,1.33728
1747750214641.0,1.33721,1.3373
1747750215659.0,1.33717,1.33726
1747750215768.0,1.33716,1.33725
1747750216560.0,1.33717,1.33726
1747750216780.0,1.33719,1.33728
1747750216893.0,1.33718,1.33727
1747750217586.0,1.33714,1.33723
1747750217705.0,1.33715,1.33724
1747750218138.0,1.33712,1.33721
1747750218673.0,1.33709,1.33718
1747750219005.0,1.33712,1.33721
1747750219334.0,1.33713,1.33722
1747750219884.0,1.33706,1.33715
1747750220213.0,1.33708,1.33717
1747750220432.0,1.33706,1.33715
1747750221693.0,1.33704,1.33713
1747750221909.0,1.33698,1.33707
1747750222131.0,1.33697,1.33706
1747750222459.0,1.33698,1.33707
1747750222567.0,1.33697,1.33706
1747750223575.0,1.33698,1.33707
1747750223683.0,1.33699,1.33708
1747750223904.0,1.33698,1.33707
1747750224452.0,1.33695,1.33704
1747750225123.0,1.33699,1.33708
1747750225447.0,1.33702,1.33711
1747750225558.0,1.33703,1.33712
1747750226322.0,1.33702,1.33711
1747750226536.0,1.337,1.33709
1747750226866.0,1.33698,1.33707
1747750227194.0,1.33696,1.33705
1747750228088.0,1.33694,1.33703
1747750228668.0,1.33693,1.33702
1747750229413.0,1.33691,1.337
1747750230263.0,1.33695,1.33704
1747750230483.0,1.33694,1.33703
1747750231281.0,1.33693,1.33702
1747750233587.0,1.33695,1.33704
1747750235145.0,1.33694,1.33703
1747750235989.0,1.33692,1.33701
1747750236097.0,1.33693,1.33702
1747750237905.0,1.33695,1.33704
1747750238806.0,1.33696,1.33705
1747750238909.0,1.33695,1.33704
1747750239462.0,1.33696,1.33705
1747750239793.0,1.33694,1.33703
1747750240892.0,1.33693,1.33702
1747750241982.0,1.33696,1.33705
1747750242313.0,1.33696,1.33705
1747750242542.0,1.33695,1.33704
1747750243067.0,1.33696,1.33705
1747750243177.0,1.33695,1.33704
1747750243735.0,1.33699,1.33708
1747750244613.0,1.33698,1.33707
1747750245510.0,1.33697,1.33706
1747750245736.0,1.33695,1.33704
1747750248177.0,1.33694,1.33703
1747750249560.0,1.33693,1.33702
1747750250239.0,1.33696,1.33705
1747750250464.0,1.33694,1.33703
1747750251509.0,1.33693,1.33702
1747750255326.0,1.33684,1.33693
1747750255655.0,1.33683,1.33692
1747750256170.0,1.3368,1.33689
1747750256389.0,1.33682,1.33691
1747750256503.0,1.33684,1.33693
1747750257053.0,1.33683,1.33692
1747750259573.0,1.33681,1.3369
1747750259684.0,1.33678,1.33687
1747750260676.0,1.33676,1.33685
1747750260904.0,1.33674,1.33683
1747750261410.0,1.33675,1.33684
1747750262299.0,1.33677,1.33686
1747750262615.0,1.33682,1.33691
1747750264307.0,1.33676,1.33685
1747750264530.0,1.33679,1.33688
1747750264747.0,1.33677,1.33686
1747750265073.0,1.33674,1.33683
1747750265850.0,1.33675,1.33684
1747750266172.0,1.33674,1.33683
1747750267224.0,1.33673,1.33682
1747750268290.0,1.33666,1.33675
1747750268620.0,1.33668,1.33677
1747750268732.0,1.33669,1.33678
1747750270423.0,1.33673,1.33682
1747750270942.0,1.33671,1.3368
1747750271165.0,1.33672,1.33681
1747750271725.0,1.33671,1.3368
1747750272854.0,1.33674,1.33683
1747750273320.0,1.33676,1.33685
1747750273540.0,1.33677,1.33686
1747750274779.0,1.33676,1.33685
1747750275374.0,1.33677,1.33686
1747750275487.0,1.33679,1.33688
1747750276984.0,1.3368,1.33689
1747750277314.0,1.33681,1.3369
1747750279265.0,1.33679,1.33688
1747750280269.0,1.33678,1.33687
1747750280381.0,1.33676,1.33685
1747750281026.0,1.33675,1.33684
1747750281356.0,1.33675,1.33684
1747750281811.0,1.33675,1.33684
1747750282994.0,1.33674,1.33683
1747750285161.0,1.33677,1.33686
1747750286980.0,1.33678,1.33687
1747750288444.0,1.33674,1.33683
1747750288548.0,1.33675,1.33684
1747750290285.0,1.33676,1.33685
1747750293087.0,1.33677,1.33686
1747750293414.0,1.33678,1.33687
1747750294823.0,1.33675,1.33684
1747750294930.0,1.33677,1.33686
1747750295261.0,1.33678,1.33687
1747750297967.0,1.33682,1.33691
1747750300676.0,1.33684,1.33693
1747750303861.0,1.33682,1.33691
1747750304091.0,1.33676,1.33685
1747750305204.0,1.33671,1.3368
1747750305750.0,1.33672,1.33681
1747750305971.0,1.33671,1.3368
1747750306082.0,1.3367,1.33679
1747750306303.0,1.33672,1.33681
1747750306822.0,1.33669,1.33678
1747750307148.0,1.3367,1.33679
1747750307258.0,1.33672,1.33681
1747750307602.0,1.3367,1.33679
1747750307702.0,1.33669,1.33678
1747750308896.0,1.33668,1.33677
1747750309703.0,1.33669,1.33678
1747750309923.0,1.3367,1.33679
1747750310712.0,1.33666,1.33675
1747750311046.0,1.33668,1.33677
1747750313482.0,1.3367,1.33679
1747750314150.0,1.33668,1.33677
1747750314255.0,1.33667,1.33676
1747750314473.0,1.33668,1.33677
1747750316283.0,1.33669,1.33678
1747750316785.0,1.3367,1.33679
1747750318185.0,1.33676,1.33685
1747750318294.0,1.33675,1.33684
1747750318519.0,1.33674,1.33683
1747750320398.0,1.33664,1.33673
1747750320504.0,1.33663,1.33672
1747750320957.0,1.3366,1.33669
1747750321385.0,1.33659,1.33668
1747750321934.0,1.33658,1.33667
1747750322375.0,1.33659,1.33668
1747750322887.0,1.3366,1.33669
1747750323774.0,1.33656,1.33665
1747750324233.0,1.33658,1.33667
1747750324911.0,1.33658,1.33667
1747750325854.0,1.33657,1.33666
1747750325961.0,1.33656,1.33665
1747750326180.0,1.33657,1.33666
1747750326511.0,1.33658,1.33667
1747750327406.0,1.33659,1.33668
1747750328172.0,1.3366,1.33669
1747750329080.0,1.33658,1.33667
1747750329629.0,1.33659,1.33668
1747750329849.0,1.33658,1.33667
1747750330605.0,1.33662,1.33671
1747750330712.0,1.3366,1.33669
1747750331372.0,1.33661,1.3367
1747750335405.0,1.33662,1.33671
1747750338163.0,1.33666,1.33675
1747750338385.0,1.33664,1.33673
1747750338761.0,1.33669,1.33678
1747750339999.0,1.33671,1.3368
1747750340327.0,1.33673,1.33682
1747750340897.0,1.33673,1.33682
1747750342227.0,1.33671,1.3368
1747750343358.0,1.33672,1.33681
1747750343908.0,1.33674,1.33683
1747750345540.0,1.33677,1.33686
1747750346098.0,1.33675,1.33684
1747750346791.0,1.33674,1.33683
1747750348172.0,1.33675,1.33684
1747750348609.0,1.33674,1.33683
1747750348829.0,1.33673,1.33682
1747750349050.0,1.33674,1.33683
1747750349159.0,1.33675,1.33684
1747750350789.0,1.33674,1.33683
1747750351965.0,1.33673,1.33682
1747750352915.0,1.33669,1.33678
1747750352976.0,1.3367,1.33679
1747750354346.0,1.33668,1.33677
1747750354841.0,1.3367,1.33679
1747750354952.0,1.33669,1.33678
1747750356183.0,1.33665,1.33674
1747750358267.0,1.33664,1.33673
1747750359266.0,1.3366,1.33669
1747750359596.0,1.33663,1.33672
1747750359816.0,1.33664,1.33673
1747750361327.0,1.33663,1.33672
1747750367067.0,1.33664,1.33673
1747750367287.0,1.33667,1.33676
1747750367397.0,1.33669,1.33678
1747750369041.0,1.33668,1.33677
1747750369893.0,1.33669,1.33678
1747750370221.0,1.33668,1.33677
1747750372736.0,1.33669,1.33678
1747750373176.0,1.33668,1.33677
1747750374779.0,1.3367,1.33679
1747750375109.0,1.33669,1.33678
1747750375222.0,1.33663,1.33672
1747750375737.0,1.33665,1.33674
1747750376178.0,1.33668,1.33677
1747750376288.0,1.33667,1.33676
1747750376838.0,1.33668,1.33677
1747750376948.0,1.33666,1.33675
1747750377315.0,1.33667,1.33676
1747750377816.0,1.33668,1.33677
1747750378245.0,1.33667,1.33676
1747750379189.0,1.33667,1.33676
1747750379297.0,1.33668,1.33677
1747750380032.0,1.33664,1.33673
1747750380579.0,1.33669,1.33678
1747750380805.0,1.33674,1.33683
1747750381240.0,1.33673,1.33682
1747750382988.0,1.33674,1.33683
1747750383511.0,1.3368,1.33689
1747750383622.0,1.33681,1.3369
1747750384071.0,1.33678,1.33687
1747750384291.0,1.33675,1.33684
1747750384623.0,1.33683,1.33692
1747750385908.0,1.33685,1.33694
1747750386834.0,1.33682,1.33691
1747750387205.0,1.33684,1.33693
1747750388042.0,1.33685,1.33694
1747750389629.0,1.33689,1.33698
1747750389959.0,1.33691,1.337
1747750390180.0,1.33693,1.33702
1747750391884.0,1.33684,1.33693
1747750392432.0,1.33685,1.33694
1747750392560.0,1.33686,1.33695
1747750393291.0,1.33685,1.33694
1747750393403.0,1.33686,1.33695
1747750393819.0,1.33685,1.33694
1747750394038.0,1.33684,1.33693
1747750395982.0,1.33683,1.33692
1747750396779.0,1.33686,1.33695
1747750396892.0,1.33687,1.33696
1747750397233.0,1.33688,1.33697
1747750397673.0,1.33685,1.33694
1747750397784.0,1.33684,1.33693
1747750399693.0,1.33683,1.33692
1747750400938.0,1.33683,1.33692
1747750403656.0,1.33681,1.3369
1747750403875.0,1.33686,1.33695
1747750403986.0,1.33685,1.33694
1747750404837.0,1.33679,1.33688
1747750405984.0,1.33674,1.33683
1747750408268.0,1.33673,1.33682
1747750408385.0,1.33674,1.33683
1747750410418.0,1.33673,1.33682
1747750412540.0,1.33676,1.33685
1747750412643.0,1.33677,1.33686
1747750413679.0,1.33675,1.33684
1747750413898.0,1.33679,1.33688
1747750414724.0,1.33678,1.33687
1747750415295.0,1.33681,1.3369
1747750415529.0,1.33683,1.33692
1747750416212.0,1.33684,1.33693
1747750416545.0,1.33685,1.33694
1747750418104.0,1.33684,1.33693
1747750418976.0,1.33685,1.33694
1747750419936.0,1.33684,1.33693
1747750420376.0,1.33687,1.33696
1747750420928.0,1.33687,1.33696
1747750421153.0,1.33685,1.33694
1747750422155.0,1.33684,1.33693
1747750424321.0,1.33686,1.33695
1747750425178.0,1.33683,1.33692
1747750426224.0,1.33686,1.33695
1747750426454.0,1.33687,1.33696
1747750426666.0,1.33685,1.33694
1747750426890.0,1.33686,1.33695
1747750427398.0,1.33685,1.33694
1747750427726.0,1.33683,1.33692
1747750428259.0,1.33682,1.33691
1747750428357.0,1.33683,1.33692
1747750429619.0,1.3368,1.33689
1747750429725.0,1.33681,1.3369
1747750430437.0,1.33683,1.33692
1747750433110.0,1.33687,1.33696
1747750434194.0,1.33684,1.33693
1747750435204.0,1.33686,1.33695
1747750435531.0,1.33688,1.33697
1747750435859.0,1.33687,1.33696
1747750435968.0,1.33688,1.33697
1747750439125.0,1.33692,1.33701
1747750439232.0,1.33688,1.33697
1747750439799.0,1.33689,1.33698
1747750440788.0,1.33691,1.337
1747750441006.0,1.33696,1.33705
1747750441240.0,1.33697,1.33706
1747750442364.0,1.33702,1.33711
1747750442590.0,1.33705,1.33714
1747750442915.0,1.33707,1.33716
1747750443138.0,1.33709,1.33718
1747750444564.0,1.33713,1.33722
1747750444778.0,1.33714,1.33723
1747750445489.0,1.33715,1.33724
1747750445939.0,1.33712,1.33721
1747750446162.0,1.33706,1.33715
1747750446267.0,1.33705,1.33714
1747750446928.0,1.33709,1.33718
1747750447257.0,1.33708,1.33717
1747750447979.0,1.33705,1.33714
1747750448436.0,1.3371,1.33719
1747750448855.0,1.33708,1.33717
1747750449190.0,1.33713,1.33722
1747750449422.0,1.33716,1.33725
1747750449519.0,1.33715,1.33724
1747750450197.0,1.33714,1.33723
1747750450423.0,1.33708,1.33717
1747750450634.0,1.33709,1.33718
1747750451907.0,1.33708,1.33717
1747750452743.0,1.33707,1.33716
1747750455954.0,1.3371,1.33719
1747750456051.0,1.33713,1.33722
1747750456603.0,1.33715,1.33724
1747750457834.0,1.33714,1.33723
1747750458358.0,1.33711,1.3372
1747750458574.0,1.33714,1.33723
1747750459455.0,1.33712,1.33721
1747750459567.0,1.33713,1.33722
1747750460135.0,1.33712,1.33721
1747750460355.0,1.33711,1.3372
1747750460851.0,1.33708,1.33717
1747750461072.0,1.33708,1.33717
1747750462163.0,1.33706,1.33715
1747750463155.0,1.33709,1.33718
1747750463708.0,1.33711,1.3372
1747750464372.0,1.33714,1.33723
1747750464769.0,1.33713,1.33722
1747750467640.0,1.3372,1.33729
1747750467858.0,1.33716,1.33725
1747750468077.0,1.33719,1.33728
1747750468187.0,1.33718,1.33727
1747750468725.0,1.33718,1.33727
1747750468946.0,1.33717,1.33726
1747750469561.0,1.33716,1.33725
1747750469683.0,1.33714,1.33723
1747750470676.0,1.33716,1.33725
1747750472628.0,1.33715,1.33724
1747750473883.0,1.33711,1.3372
1747750474099.0,1.33713,1.33722
1747750474209.0,1.33714,1.33723
1747750475709.0,1.33713,1.33722
1747750475921.0,1.33714,1.33723
1747750478099.0,1.33715,1.33724
1747750479814.0,1.33711,1.3372
1747750480042.0,1.33708,1.33717
1747750482142.0,1.33707,1.33716
1747750482563.0,1.33706,1.33715
1747750482672.0,1.33705,1.33714
1747750487016.0,1.33704,1.33713
1747750491759.0,1.33703,1.33712
1747750491886.0,1.337,1.33709
1747750492194.0,1.33699,1.33708
1747750493908.0,1.33697,1.33706
1747750494414.0,1.33699,1.33708
1747750495277.0,1.33695,1.33704
1747750495492.0,1.33698,1.33707
1747750497133.0,1.33696,1.33705
1747750497231.0,1.33697,1.33706
1747750497450.0,1.33696,1.33705
1747750497559.0,1.33698,1.33707
1747750499262.0,1.33698,1.33707
1747750499814.0,1.33699,1.33708
1747750500153.0,1.33703,1.33712
1747750500633.0,1.33705,1.33714
1747750502512.0,1.33706,1.33715
1747750502725.0,1.33705,1.33714
1747750504103.0,1.33704,1.33713
1747750505138.0,1.33707,1.33716
1747750507204.0,1.33708,1.33717
1747750507413.0,1.33722,1.33731
1747750507744.0,1.33726,1.33735
1747750508313.0,1.33727,1.33736
1747750508642.0,1.33726,1.33735
1747750509311.0,1.33724,1.33733
1747750509638.0,1.33723,1.33732
1747750509964.0,1.33719,1.33728
1747750510082.0,1.33718,1.33727
1747750510468.0,1.33717,1.33726
1747750510909.0,1.33722,1.33731
1747750511809.0,1.33721,1.3373
1747750511916.0,1.3372,1.33729
1747750512349.0,1.33721,1.3373
1747750513116.0,1.3372,1.33729
1747750514826.0,1.33721,1.3373
1747750514933.0,1.3372,1.33729
1747750515997.0,1.33722,1.33731
1747750516427.0,1.33714,1.33723
1747750517237.0,1.33714,1.33723
1747750518044.0,1.33715,1.33724
1747750518509.0,1.33714,1.33723
1747750519351.0,1.33715,1.33724
1747750521523.0,1.33713,1.33722
1747750521748.0,1.33714,1.33723
1747750521955.0,1.33713,1.33722
1747750524858.0,1.33708,1.33717
1747750525190.0,1.33707,1.33716
1747750525625.0,1.33709,1.33718
1747750526067.0,1.33707,1.33716
1747750526619.0,1.33708,1.33717
1747750527768.0,1.33707,1.33716
1747750529524.0,1.33711,1.3372
1747750530237.0,1.33714,1.33723
1747750531693.0,1.33713,1.33722
1747750533219.0,1.33705,1.33714
1747750534006.0,1.33704,1.33713
1747750534338.0,1.33712,1.33721
1747750534557.0,1.33715,1.33724
1747750535846.0,1.33713,1.33722
1747750539223.0,1.33714,1.33723
1747750540048.0,1.33713,1.33722
1747750542421.0,1.33714,1.33723
1747750542892.0,1.33713,1.33722
1747750543822.0,1.33714,1.33723
1747750548079.0,1.33713,1.33722
1747750548650.0,1.33706,1.33715
1747750549428.0,1.33705,1.33714
1747750549754.0,1.33702,1.33711
1747750550087.0,1.33703,1.33712
1747750550305.0,1.33705,1.33714
1747750550414.0,1.33707,1.33716
1747750551510.0,1.33708,1.33717
1747750553205.0,1.33704,1.33713
1747750553424.0,1.33703,1.33712
1747750555151.0,1.33705,1.33714
1747750555480.0,1.33704,1.33713
1747750556673.0,1.33703,1.33712
1747750561416.0,1.33704,1.33713
1747750561525.0,1.33705,1.33714
1747750564111.0,1.33698,1.33707
1747750564436.0,1.33704,1.33713
1747750564551.0,1.33705,1.33714
1747750565273.0,1.33704,1.33713
1747750565931.0,1.33705,1.33714
1747750567198.0,1.33704,1.33713
1747750572103.0,1.33705,1.33714
1747750572320.0,1.33706,1.33715
1747750573034.0,1.33705,1.33714
1747750574041.0,1.33706,1.33715
1747750574396.0,1.33704,1.33713
1747750576704.0,1.33702,1.33711
1747750578472.0,1.33695,1.33704
1747750579779.0,1.33701,1.3371
1747750579890.0,1.33703,1.33712
1747750580341.0,1.33702,1.33711
1747750580554.0,1.33703,1.33712
1747750581153.0,1.33697,1.33706
1747750581384.0,1.33698,1.33707
1747750582180.0,1.33695,1.33704
1747750582596.0,1.33696,1.33705
1747750582710.0,1.33698,1.33707
1747750583051.0,1.33696,1.33705
1747750589087.0,1.33695,1.33704
1747750589425.0,1.33694,1.33703
1747750590703.0,1.33695,1.33704
1747750590955.0,1.33693,1.33702
1747750591041.0,1.33692,1.33701
1747750594642.0,1.33695,1.33704
1747750596251.0,1.33692,1.33701
1747750604121.0,1.33689,1.33698
1747750604338.0,1.33685,1.33694
1747750606132.0,1.33684,1.33693
1747750606467.0,1.33683,1.33692
1747750608239.0,1.33684,1.33693
1747750608867.0,1.33686,1.33695
1747750609292.0,1.33691,1.337
1747750609516.0,1.33687,1.33696
1747750609734.0,1.33688,1.33697
1747750610075.0,1.33687,1.33696
1747750610282.0,1.33684,1.33693
1747750611503.0,1.33683,1.33692
1747750614338.0,1.33687,1.33696
1747750614456.0,1.33688,1.33697
1747750615306.0,1.33689,1.33698
1747750615742.0,1.33687,1.33696
1747750615962.0,1.33685,1.33694
1747750616329.0,1.33684,1.33693
1747750616904.0,1.33686,1.33695
1747750617009.0,1.33685,1.33694
1747750617463.0,1.33687,1.33696
1747750618634.0,1.33685,1.33694
1747750620052.0,1.33686,1.33695
1747750623356.0,1.33688,1.33697
1747750625220.0,1.33684,1.33693
1747750628388.0,1.33683,1.33692
1747750631534.0,1.33685,1.33694
1747750634192.0,1.33684,1.33693
1747750634535.0,1.33683,1.33692
1747750634645.0,1.33682,1.33691
1747750634863.0,1.33678,1.33687
1747750634974.0,1.33676,1.33685
1747750635083.0,1.33675,1.33684
1747750636231.0,1.33672,1.33681
1747750636789.0,1.3367,1.33679
1747750637599.0,1.33665,1.33674
1747750637708.0,1.33664,1.33673
1747750637821.0,1.33663,1.33672
1747750638585.0,1.33664,1.33673
1747750638805.0,1.33666,1.33675
1747750641873.0,1.33671,1.3368
1747750642093.0,1.3367,1.33679
1747750642532.0,1.33668,1.33677
1747750642881.0,1.3367,1.33679
1747750643001.0,1.33669,1.33678
1747750643356.0,1.3367,1.33679
1747750644479.0,1.33668,1.33677
1747750645219.0,1.33667,1.33676
1747750646412.0,1.33668,1.33677
1747750647350.0,1.33671,1.3368
1747750647460.0,1.33669,1.33678
1747750651031.0,1.3367,1.33679
1747750652432.0,1.33672,1.33681
1747750652543.0,1.33674,1.33683
1747750652763.0,1.33673,1.33682
1747750653151.0,1.33672,1.33681
1747750653914.0,1.33673,1.33682
1747750654130.0,1.33672,1.33681
1747750654598.0,1.3367,1.33679
1747750655968.0,1.33668,1.33677
1747750656583.0,1.33667,1.33676
1747750657141.0,1.33668,1.33677
1747750658950.0,1.33666,1.33675
1747750659059.0,1.33668,1.33677
1747750659281.0,1.33673,1.33682
1747750660756.0,1.33674,1.33683
1747750661246.0,1.33673,1.33682
1747750661859.0,1.33675,1.33684
1747750664334.0,1.33682,1.33691
1747750665677.0,1.33679,1.33688
1747750667782.0,1.33677,1.33686
1747750668575.0,1.33676,1.33685
1747750668684.0,1.33674,1.33683
1747750668805.0,1.33678,1.33687
1747750669953.0,1.33679,1.33688
1747750670425.0,1.33682,1.33691
1747750670756.0,1.33684,1.33693
1747750670869.0,1.33683,1.33692
1747750672712.0,1.3368,1.33689
1747750672821.0,1.33683,1.33692
1747750673995.0,1.33685,1.33694
1747750674106.0,1.33691,1.337
1747750674242.0,1.3369,1.33699
1747750674442.0,1.33689,1.33698
1747750674766.0,1.33687,1.33696
1747750677908.0,1.33686,1.33695
1747750680330.0,1.33687,1.33696
1747750681305.0,1.33682,1.33691
1747750681632.0,1.33683,1.33692
1747750681741.0,1.33684,1.33693
1747750682294.0,1.33684,1.33693
1747750683767.0,1.33682,1.33691
1747750685344.0,1.33675,1.33684
1747750685769.0,1.33679,1.33688
1747750687076.0,1.33677,1.33686
1747750688203.0,1.33677,1.33686
1747750688531.0,1.33677,1.33686
1747750688640.0,1.33678,1.33687
1747750688971.0,1.33679,1.33688
1747750689804.0,1.33677,1.33686
1747750692281.0,1.33679,1.33688
1747750693469.0,1.33678,1.33687
1747750694527.0,1.33679,1.33688
1747750694638.0,1.3368,1.33689
1747750694968.0,1.33677,1.33686
1747750696197.0,1.33676,1.33685
1747750697638.0,1.33674,1.33683
1747750697858.0,1.33673,1.33682
1747750700672.0,1.33676,1.33685
1747750702532.0,1.33675,1.33684
1747750703298.0,1.33674,1.33683
1747750703517.0,1.33674,1.33683
1747750706016.0,1.33665,1.33674
1747750707373.0,1.33662,1.33671
1747750708541.0,1.33664,1.33673
1747750713933.0,1.33663,1.33672
1747750715146.0,1.33664,1.33673
1747750715907.0,1.33673,1.33682
1747750716349.0,1.33672,1.33681
1747750717258.0,1.33673,1.33682
1747750717845.0,1.33672,1.33681
1747750718396.0,1.33668,1.33677
1747750718511.0,1.33667,1.33676
1747750719276.0,1.3367,1.33679
1747750719608.0,1.33672,1.33681
1747750719825.0,1.3367,1.33679
1747750720376.0,1.33671,1.3368
1747750720860.0,1.33674,1.33683
1747750722307.0,1.33673,1.33682
1747750726462.0,1.33674,1.33683
1747750726792.0,1.33679,1.33688
1747750727024.0,1.33677,1.33686
1747750727121.0,1.33676,1.33685
1747750731556.0,1.33675,1.33684
1747750732170.0,1.33676,1.33685
1747750732397.0,1.33677,1.33686
1747750732719.0,1.33676,1.33685
1747750733992.0,1.33679,1.33688
1747750735204.0,1.33675,1.33684
1747750736549.0,1.33677,1.33686
1747750736766.0,1.3368,1.33689
1747750736985.0,1.3368,1.33689
1747750737838.0,1.33677,1.33686
1747750740908.0,1.33676,1.33685
1747750741003.0,1.33674,1.33683
1747750741437.0,1.33671,1.3368
1747750741663.0,1.33673,1.33682
1747750742208.0,1.33674,1.33683
1747750744148.0,1.33669,1.33678
1747750744256.0,1.33667,1.33676
1747750744582.0,1.33668,1.33677
1747750745021.0,1.33667,1.33676
1747750745241.0,1.33668,1.33677
1747750746410.0,1.33667,1.33676
1747750748056.0,1.33668,1.33677
1747750749194.0,1.33669,1.33678
1747750749304.0,1.33671,1.3368
1747750750293.0,1.33672,1.33681
1747750751044.0,1.33671,1.3368
1747750752107.0,1.33673,1.33682
1747750755966.0,1.33672,1.33681
1747750756875.0,1.33668,1.33677
1747750757903.0,1.33671,1.3368
1747750758011.0,1.33672,1.33681
1747750758742.0,1.33673,1.33682
1747750759181.0,1.33674,1.33683
1747750760063.0,1.33681,1.3369
1747750761039.0,1.33677,1.33686
1747750763358.0,1.33677,1.33686
1747750764426.0,1.33681,1.3369
1747750764532.0,1.33682,1.33691
1747750768043.0,1.33681,1.3369
1747750770188.0,1.33676,1.33685
1747750770409.0,1.33677,1.33686
1747750773557.0,1.33676,1.33685
1747750775189.0,1.33678,1.33687
1747750776060.0,1.33674,1.33683
1747750776170.0,1.33669,1.33678
1747750776937.0,1.33667,1.33676
1747750777048.0,1.33665,1.33674
1747750782035.0,1.33664,1.33673
1747750782681.0,1.33663,1.33672
1747750783627.0,1.33664,1.33673
1747750784638.0,1.33663,1.33672
1747750784857.0,1.33662,1.33671
1747750786890.0,1.33652,1.33661
1747750788630.0,1.33651,1.3366
1747750789421.0,1.33646,1.33655
1747750789640.0,1.33651,1.3366
1747750789757.0,1.33652,1.33661
1747750790211.0,1.33656,1.33665
1747750790425.0,1.33658,1.33667
1747750790534.0,1.33661,1.3367
1747750791094.0,1.33659,1.33668
1747750791418.0,1.33662,1.33671
1747750795844.0,1.33665,1.33674
1747750795954.0,1.33666,1.33675
1747750796173.0,1.33665,1.33674
1747750796506.0,1.33664,1.33673
1747750796897.0,1.33665,1.33674
1747750798115.0,1.33661,1.3367
1747750800677.0,1.33662,1.33671
1747750802084.0,1.33665,1.33674
1747750802190.0,1.33666,1.33675
1747750802636.0,1.33665,1.33674
1747750803015.0,1.33657,1.33666
1747750803131.0,1.33658,1.33667
1747750805957.0,1.3367,1.33679
1747750806085.0,1.33671,1.3368
1747750806422.0,1.3367,1.33679
1747750806647.0,1.33668,1.33677
1747750806868.0,1.33669,1.33678
1747750807192.0,1.33671,1.3368
1747750807412.0,1.33667,1.33676
1747750808724.0,1.33665,1.33674
1747750809221.0,1.33664,1.33673
1747750810933.0,1.33665,1.33674
1747750812491.0,1.33666,1.33675
1747750813195.0,1.33667,1.33676
1747750813305.0,1.33666,1.33675
1747750814178.0,1.33664,1.33673
1747750815185.0,1.33662,1.33671
1747750815294.0,1.33661,1.3367
1747750816051.0,1.33664,1.33673
1747750816274.0,1.33665,1.33674
1747750816381.0,1.33663,1.33672
1747750819103.0,1.33664,1.33673
1747750821741.0,1.33663,1.33672
1747750822783.0,1.33665,1.33674
1747750823789.0,1.33664,1.33673
1747750825420.0,1.33663,1.33672
1747750832863.0,1.33668,1.33677
1747750833082.0,1.33669,1.33678
1747750833193.0,1.33668,1.33677
1747750833789.0,1.33665,1.33674
1747750838274.0,1.33664,1.33673
1747750844781.0,1.33665,1.33674
1747750845607.0,1.33664,1.33673
1747750847007.0,1.33665,1.33674
1747750853403.0,1.33666,1.33675
1747750853992.0,1.33663,1.33672
1747750854827.0,1.33662,1.33671
1747750859282.0,1.33663,1.33672
1747750860504.0,1.33666,1.33675
1747750860721.0,1.33664,1.33673
1747750861346.0,1.33666,1.33675
1747750861784.0,1.33665,1.33674
1747750862648.0,1.33664,1.33673
1747750865155.0,1.33662,1.33671
1747750866700.0,1.33663,1.33672
1747750866809.0,1.33664,1.33673
1747750868518.0,1.33663,1.33672
1747750871307.0,1.33663,1.33672
1747750872233.0,1.33662,1.33671
1747750879669.0,1.33664,1.33673
1747750880524.0,1.33667,1.33676
1747750880635.0,1.33666,1.33675
1747750880992.0,1.33664,1.33673
1747750881650.0,1.33664,1.33673
1747750881980.0,1.33665,1.33674
1747750883405.0,1.33666,1.33675
1747750883784.0,1.33667,1.33676
1747750883892.0,1.33669,1.33678
1747750884222.0,1.33668,1.33677
1747750884556.0,1.33666,1.33675
1747750884771.0,1.33664,1.33673
1747750886550.0,1.33665,1.33674
1747750887551.0,1.33665,1.33674
1747750896169.0,1.33663,1.33672
1747750903139.0,1.33667,1.33676
1747750903243.0,1.33672,1.33681
1747750903369.0,1.33671,1.3368
1747750903598.0,1.33673,1.33682
1747750905027.0,1.33671,1.3368
1747750906872.0,1.33679,1.33688
1747750906981.0,1.33677,1.33686
1747750908518.0,1.33674,1.33683
1747750909203.0,1.33665,1.33674
1747750909862.0,1.33668,1.33677
1747750910080.0,1.33667,1.33676
1747750914460.0,1.33666,1.33675
1747750916624.0,1.33667,1.33676
1747750916732.0,1.33666,1.33675
1747750918352.0,1.33664,1.33673
1747750920371.0,1.33671,1.3368
1747750921352.0,1.33673,1.33682
1747750922362.0,1.33674,1.33683
1747750923330.0,1.33671,1.3368
1747750924154.0,1.33662,1.33671
1747750924372.0,1.33663,1.33672
1747750926427.0,1.33661,1.3367
1747750926537.0,1.33662,1.33671
1747750926870.0,1.33664,1.33673
1747750929308.0,1.33664,1.33673
1747750933241.0,1.33656,1.33665
1747750934270.0,1.33657,1.33666
1747750937935.0,1.33658,1.33667
1747750938264.0,1.33661,1.3367
1747750940945.0,1.33658,1.33667
1747750941167.0,1.33652,1.33661
1747750944727.0,1.33651,1.3366
1747750945168.0,1.33652,1.33661
1747750946493.0,1.33655,1.33664
1747750946709.0,1.33654,1.33663
1747750948595.0,1.33652,1.33661
1747750951541.0,1.33653,1.33662
1747750953955.0,1.33652,1.33661
1747750954554.0,1.33651,1.3366
1747750955246.0,1.33652,1.33661
1747750956563.0,1.33653,1.33662
1747750956789.0,1.33658,1.33667
1747750957227.0,1.33659,1.33668
1747750957334.0,1.33658,1.33667
1747750957443.0,1.33657,1.33666
1747750958082.0,1.33654,1.33663
1747750962759.0,1.33656,1.33665
1747750962978.0,1.33657,1.33666
1747750964053.0,1.33658,1.33667
1747750964382.0,1.33661,1.3367
1747750965152.0,1.33663,1.33672
1747750966217.0,1.33672,1.33681
1747750966788.0,1.33673,1.33682
1747750966899.0,1.33675,1.33684
1747750968150.0,1.33677,1.33686
1747750969290.0,1.33678,1.33687
1747750969510.0,1.33676,1.33685
1747750969730.0,1.33678,1.33687
1747750969843.0,1.33679,1.33688
1747750969951.0,1.3368,1.33689
1747750970930.0,1.33678,1.33687
1747750971371.0,1.33678,1.33687
1747750972442.0,1.33677,1.33686
1747750973179.0,1.33678,1.33687
1747750975754.0,1.33678,1.33687
1747750977928.0,1.33681,1.3369
1747750978149.0,1.33683,1.33692
1747750978711.0,1.33684,1.33693
1747750979151.0,1.33685,1.33694
1747750980030.0,1.33682,1.33691
1747750980581.0,1.33684,1.33693
1747750983816.0,1.33684,1.33693
1747750985730.0,1.33685,1.33694
1747750985841.0,1.33684,1.33693
1747750986068.0,1.33685,1.33694
1747750986815.0,1.33687,1.33696
1747750986923.0,1.33686,1.33695
1747750987167.0,1.33687,1.33696
1747750989295.0,1.3369,1.33699
1747750989412.0,1.33692,1.33701
1747750989852.0,1.33691,1.337
1747750990857.0,1.33692,1.33701
1747750991475.0,1.33694,1.33703
1747750991587.0,1.33695,1.33704
1747750991807.0,1.33693,1.33702
1747750992257.0,1.33693,1.33702
1747750992466.0,1.33691,1.337
1747750992576.0,1.33687,1.33696
1747750993283.0,1.33686,1.33695
1747750993905.0,1.33688,1.33697
1747750994480.0,1.33686,1.33695
1747750994700.0,1.33687,1.33696
1747750994814.0,1.3369,1.33699
1747750996040.0,1.33688,1.33697
1747750997027.0,1.3369,1.33699
1747750997471.0,1.33688,1.33697
1747750998125.0,1.33687,1.33696
1747750998354.0,1.33689,1.33698
1747751002294.0,1.33688,1.33697
1747751004131.0,1.33689,1.33698
1747751004240.0,1.3369,1.33699
1747751004359.0,1.33692,1.33701
1747751007884.0,1.33689,1.33698
1747751008257.0,1.3369,1.33699
1747751008367.0,1.33691,1.337
1747751009075.0,1.33689,1.33698
1747751009475.0,1.33691,1.337
1747751017404.0,1.33694,1.33703
1747751017752.0,1.33693,1.33702
1747751018470.0,1.33694,1.33703
1747751020278.0,1.33697,1.33706
1747751020381.0,1.33699,1.33708
1747751021047.0,1.33698,1.33707
1747751022015.0,1.33697,1.33706
1747751023559.0,1.33698,1.33707
1747751024314.0,1.33697,1.33706
1747751025084.0,1.33701,1.3371
1747751025193.0,1.33698,1.33707
1747751026630.0,1.33697,1.33706
1747751026850.0,1.33698,1.33707
1747751029519.0,1.33694,1.33703
1747751029973.0,1.33685,1.33694
1747751030182.0,1.33685,1.33694
1747751030508.0,1.33684,1.33693
1747751031442.0,1.33685,1.33694
1747751031651.0,1.33684,1.33693
1747751033035.0,1.33685,1.33694
1747751036480.0,1.3368,1.33689
1747751036589.0,1.33681,1.3369
1747751037472.0,1.33682,1.33691
1747751038046.0,1.33681,1.3369
1747751038265.0,1.33682,1.33691
1747751039348.0,1.3368,1.33689
1747751039672.0,1.33681,1.3369
1747751039802.0,1.33682,1.33691
1747751041528.0,1.33682,1.33691
1747751042983.0,1.33683,1.33692
1747751043314.0,1.33684,1.33693
1747751044691.0,1.33685,1.33694
1747751045402.0,1.33684,1.33693
1747751045635.0,1.33687,1.33696
1747751045841.0,1.3369,1.33699
1747751047227.0,1.33689,1.33698
1747751048043.0,1.3369,1.33699
1747751049498.0,1.33693,1.33702
1747751049609.0,1.33694,1.33703
1747751050172.0,1.33693,1.33702
1747751050504.0,1.33695,1.33704
1747751051041.0,1.33696,1.33705
1747751052044.0,1.33697,1.33706
1747751053195.0,1.33699,1.33708
1747751053524.0,1.33698,1.33707
1747751054185.0,1.33699,1.33708
1747751054515.0,1.33698,1.33707
1747751056459.0,1.337,1.33709
1747751060045.0,1.33694,1.33703
1747751060267.0,1.33694,1.33703
1747751061531.0,1.3369,1.33699
1747751065071.0,1.33689,1.33698
1747751068565.0,1.3369,1.33699
1747751071998.0,1.33689,1.33698
1747751072546.0,1.33687,1.33696
1747751072766.0,1.33685,1.33694
1747751073093.0,1.33685,1.33694
1747751075121.0,1.33684,1.33693
1747751077099.0,1.33677,1.33686
1747751077430.0,1.33678,1.33687
1747751080393.0,1.33678,1.33687
1747751080503.0,1.33674,1.33683
1747751080721.0,1.33677,1.33686
1747751084082.0,1.33678,1.33687
1747751084302.0,1.33677,1.33686
1747751084632.0,1.33675,1.33684
1747751085215.0,1.33676,1.33685
1747751086035.0,1.33677,1.33686
1747751086630.0,1.33678,1.33687
1747751086739.0,1.33679,1.33688
1747751087071.0,1.33678,1.33687
1747751087288.0,1.33676,1.33685
1747751088729.0,1.33678,1.33687
1747751089387.0,1.33677,1.33686
1747751090861.0,1.33678,1.33687
1747751093692.0,1.3367,1.33679
1747751093917.0,1.33673,1.33682
1747751098472.0,1.33674,1.33683
1747751099416.0,1.33676,1.33685
1747751099868.0,1.3368,1.33689
1747751100743.0,1.33682,1.33691
1747751103922.0,1.33679,1.33688
1747751105804.0,1.33678,1.33687
1747751106736.0,1.33679,1.33688
1747751109813.0,1.3368,1.33689
1747751110803.0,1.33683,1.33692
1747751112612.0,1.33687,1.33696
1747751112843.0,1.33689,1.33698
1747751113038.0,1.33691,1.337
1747751114226.0,1.3369,1.33699
1747751114330.0,1.33691,1.337
1747751115377.0,1.33691,1.337
1747751117313.0,1.33692,1.33701
1747751117422.0,1.33693,1.33702
1747751118937.0,1.3369,1.33699
1747751119603.0,1.33691,1.337
1747751123690.0,1.33693,1.33702
1747751125821.0,1.33691,1.337
1747751127770.0,1.33692,1.33701
1747751129686.0,1.33693,1.33702
1747751132403.0,1.33691,1.337
1747751132515.0,1.33692,1.33701
1747751134012.0,1.33693,1.33702
1747751134573.0,1.33692,1.33701
1747751138870.0,1.33693,1.33702
1747751142660.0,1.33686,1.33695
1747751143215.0,1.3369,1.33699
1747751143347.0,1.33691,1.337
1747751144634.0,1.33701,1.3371
1747751144749.0,1.33702,1.33711
1747751151167.0,1.33696,1.33705
1747751151716.0,1.33697,1.33706
1747751152431.0,1.33698,1.33707
1747751152548.0,1.33699,1.33708
1747751153006.0,1.33698,1.33707
1747751153111.0,1.33697,1.33706
1747751153331.0,1.33694,1.33703
1747751153881.0,1.33692,1.33701
1747751154588.0,1.33694,1.33703
1747751156498.0,1.33698,1.33707
1747751160519.0,1.33699,1.33708
1747751162949.0,1.33701,1.3371
1747751166612.0,1.33709,1.33718
1747751166822.0,1.33718,1.33727
1747751166933.0,1.33717,1.33726
1747751167154.0,1.33716,1.33725
1747751167813.0,1.33718,1.33727
1747751167923.0,1.33717,1.33726
1747751168253.0,1.33715,1.33724
1747751169653.0,1.33714,1.33723
1747751172997.0,1.3371,1.33719
1747751173965.0,1.33711,1.3372
1747751174398.0,1.33705,1.33714
1747751174506.0,1.33704,1.33713
1747751177298.0,1.33703,1.33712
1747751177624.0,1.33704,1.33713
1747751177951.0,1.33703,1.33712
1747751178361.0,1.33704,1.33713
1747751181726.0,1.3371,1.33719
1747751181944.0,1.33711,1.3372
1747751182165.0,1.3371,1.33719
1747751182886.0,1.33711,1.3372
1747751182992.0,1.33709,1.33718
1747751183432.0,1.33711,1.3372
1747751183652.0,1.33713,1.33722
1747751183983.0,1.33712,1.33721
1747751184207.0,1.33715,1.33724
1747751185028.0,1.33717,1.33726
1747751185251.0,1.33718,1.33727
1747751186474.0,1.33714,1.33723
1747751186805.0,1.33713,1.33722
1747751188539.0,1.33715,1.33724
1747751189383.0,1.33716,1.33725
1747751189493.0,1.33715,1.33724
1747751189823.0,1.33714,1.33723
1747751193183.0,1.33718,1.33727
1747751193286.0,1.33719,1.33728
1747751193621.0,1.33721,1.3373
1747751196336.0,1.33727,1.33736
1747751196664.0,1.33727,1.33736
1747751197494.0,1.33726,1.33735
1747751197712.0,1.33725,1.33734
1747751200130.0,1.33723,1.33732
1747751203217.0,1.33717,1.33726
1747751203649.0,1.33715,1.33724
1747751204713.0,1.33714,1.33723
1747751205389.0,1.33717,1.33726
1747751205827.0,1.33714,1.33723
1747751206915.0,1.33713,1.33722
1747751207136.0,1.33711,1.3372
1747751207464.0,1.33705,1.33714
1747751208770.0,1.33706,1.33715
1747751209107.0,1.33708,1.33717
1747751210016.0,1.33709,1.33718
1747751210350.0,1.3371,1.33719
1747751210676.0,1.33709,1.33718
1747751211115.0,1.3371,1.33719
1747751211342.0,1.33708,1.33717
1747751212106.0,1.3371,1.33719
1747751212843.0,1.3371,1.33719
1747751213541.0,1.33704,1.33713
1747751213755.0,1.33705,1.33714
1747751215661.0,1.33704,1.33713
1747751217037.0,1.33695,1.33704
1747751218678.0,1.33692,1.33701
1747751220889.0,1.33693,1.33702
1747751221223.0,1.33689,1.33698
1747751221593.0,1.33687,1.33696
1747751222869.0,1.33688,1.33697
1747751223941.0,1.33691,1.337
1747751224732.0,1.33692,1.33701
1747751227298.0,1.33691,1.337
1747751227623.0,1.33686,1.33695
1747751227956.0,1.3369,1.33699
1747751228175.0,1.33691,1.337
1747751228505.0,1.33687,1.33696
1747751228726.0,1.33686,1.33695
1747751230267.0,1.33689,1.33698
1747751238461.0,1.337,1.33709
1747751238566.0,1.33704,1.33713
1747751239006.0,1.33707,1.33716
1747751239131.0,1.33708,1.33717
1747751239558.0,1.33711,1.3372
1747751239667.0,1.3371,1.33719
1747751240036.0,1.33711,1.3372
1747751240256.0,1.33714,1.33723
1747751240375.0,1.33712,1.33721
1747751240923.0,1.33711,1.3372
1747751241263.0,1.3371,1.33719
1747751242217.0,1.33711,1.3372
1747751246223.0,1.33712,1.33721
1747751247214.0,1.33714,1.33723
1747751249991.0,1.33712,1.33721
1747751250730.0,1.33711,1.3372
1747751251681.0,1.33713,1.33722
1747751252267.0,1.33714,1.33723
1747751252373.0,1.33713,1.33722
1747751253103.0,1.33714,1.33723
1747751254666.0,1.33712,1.33721
1747751255992.0,1.33713,1.33722
1747751256816.0,1.33714,1.33723
1747751259873.0,1.33704,1.33713
1747751262925.0,1.33703,1.33712
1747751263942.0,1.33702,1.33711
1747751264433.0,1.33703,1.33712
1747751267044.0,1.33702,1.33711
1747751267263.0,1.337,1.33709
1747751267873.0,1.33701,1.3371
1747751268094.0,1.33702,1.33711
1747751269048.0,1.337,1.33709
1747751270159.0,1.33701,1.3371
1747751272730.0,1.33704,1.33713
1747751275703.0,1.33709,1.33718
1747751275917.0,1.33708,1.33717
1747751276135.0,1.33709,1.33718
1747751276906.0,1.33709,1.33718
1747751277540.0,1.3371,1.33719
1747751278217.0,1.33709,1.33718
1747751279657.0,1.33711,1.3372
1747751280244.0,1.33712,1.33721
1747751281878.0,1.33713,1.33722
1747751282098.0,1.33718,1.33727
1747751282223.0,1.33717,1.33726
1747751282650.0,1.33716,1.33725
1747751282757.0,1.33715,1.33724
1747751282979.0,1.33718,1.33727
1747751284323.0,1.3372,1.33729
1747751284434.0,1.33714,1.33723
1747751284806.0,1.33713,1.33722
1747751285946.0,1.33714,1.33723
1747751288246.0,1.33713,1.33722
1747751291058.0,1.33706,1.33715
1747751291278.0,1.33708,1.33717
1747751292173.0,1.33711,1.3372
1747751295181.0,1.33712,1.33721
1747751295532.0,1.33713,1.33722
1747751296717.0,1.33717,1.33726
1747751296937.0,1.33714,1.33723
1747751299447.0,1.33715,1.33724
1747751299558.0,1.33716,1.33725
1747751300236.0,1.33715,1.33724
1747751300567.0,1.33714,1.33723
1747751301159.0,1.33715,1.33724
1747751304374.0,1.33718,1.33727
1747751304595.0,1.33722,1.33731
1747751304705.0,1.33721,1.3373
1747751305064.0,1.33722,1.33731
1747751305923.0,1.33725,1.33734
1747751306033.0,1.33724,1.33733
1747751306727.0,1.33722,1.33731
1747751308276.0,1.3372,1.33729
1747751308864.0,1.33718,1.33727
1747751310503.0,1.33721,1.3373
1747751310610.0,1.33719,1.33728
1747751312214.0,1.33716,1.33725
1747751313275.0,1.33717,1.33726
1747751313498.0,1.33719,1.33728
1747751314306.0,1.33717,1.33726
1747751315535.0,1.33718,1.33727
1747751316817.0,1.33721,1.3373
1747751317358.0,1.3372,1.33729
1747751317795.0,1.33718,1.33727
1747751319147.0,1.33717,1.33726
1747751319890.0,1.33715,1.33724
1747751320378.0,1.33706,1.33715
1747751320488.0,1.33704,1.33713
1747751320707.0,1.33703,1.33712
1747751321689.0,1.33704,1.33713
1747751321798.0,1.33701,1.3371
1747751323072.0,1.337,1.33709
1747751323402.0,1.33698,1.33707
1747751325349.0,1.337,1.33709
1747751328228.0,1.33699,1.33708
1747751333943.0,1.33698,1.33707
1747751337197.0,1.33699,1.33708
1747751338082.0,1.33701,1.3371
1747751340658.0,1.33699,1.33708
1747751341187.0,1.33701,1.3371
1747751342235.0,1.33702,1.33711
1747751343213.0,1.33701,1.3371
1747751347729.0,1.337,1.33709
1747751347848.0,1.33701,1.3371
1747751350973.0,1.33702,1.33711
1747751354620.0,1.337,1.33709
1747751358042.0,1.33699,1.33708
1747751364405.0,1.33694,1.33703
1747751364922.0,1.33691,1.337
1747751365141.0,1.33693,1.33702
1747751367234.0,1.33694,1.33703
1747751367454.0,1.33693,1.33702
1747751370945.0,1.33701,1.3371
1747751371166.0,1.33697,1.33706
1747751371728.0,1.33698,1.33707
1747751372118.0,1.33699,1.33708
1747751374681.0,1.33698,1.33707
1747751375811.0,1.33699,1.33708
1747751376030.0,1.33701,1.3371
1747751376618.0,1.33702,1.33711
1747751382055.0,1.33703,1.33712
1747751382759.0,1.33705,1.33714
1747751386555.0,1.33711,1.3372
1747751387584.0,1.3371,1.33719
1747751388605.0,1.33709,1.33718
1747751389116.0,1.33705,1.33714
1747751389811.0,1.33706,1.33715
1747751390142.0,1.33708,1.33717
1747751390617.0,1.33706,1.33715
1747751391208.0,1.33704,1.33713
1747751391986.0,1.33704,1.33713
1747751392319.0,1.33703,1.33712
1747751392435.0,1.33701,1.3371
1747751397693.0,1.33702,1.33711
1747751398497.0,1.33698,1.33707
1747751399333.0,1.337,1.33709
1747751400137.0,1.33698,1.33707
1747751400356.0,1.33701,1.3371
1747751400471.0,1.33702,1.33711
1747751402972.0,1.33701,1.3371
1747751403304.0,1.33702,1.33711
1747751405646.0,1.33703,1.33712
1747751407490.0,1.33705,1.33714
1747751408040.0,1.33708,1.33717
1747751408151.0,1.33709,1.33718
1747751410853.0,1.33705,1.33714
1747751412749.0,1.33704,1.33713
1747751412970.0,1.33701,1.3371
1747751413409.0,1.33702,1.33711
1747751415284.0,1.337,1.33709
1747751419952.0,1.33696,1.33705
1747751420176.0,1.337,1.33709
1747751422157.0,1.33698,1.33707
1747751422272.0,1.33694,1.33703
1747751423214.0,1.33692,1.33701
1747751423434.0,1.33691,1.337
1747751425074.0,1.33692,1.33701
1747751426623.0,1.33694,1.33703
1747751429946.0,1.33695,1.33704
1747751430166.0,1.33694,1.33703
1747751430498.0,1.33701,1.3371
1747751430615.0,1.337,1.33709
1747751431177.0,1.33698,1.33707
1747751433271.0,1.33699,1.33708
1747751434162.0,1.337,1.33709
1747751435995.0,1.33703,1.33712
1747751437618.0,1.33702,1.33711
1747751438420.0,1.33705,1.33714
1747751438630.0,1.33711,1.3372
1747751440948.0,1.33712,1.33721
1747751443350.0,1.33717,1.33726
1747751443684.0,1.3372,1.33729
1747751444452.0,1.33722,1.33731
1747751444677.0,1.33722,1.33731
1747751444783.0,1.33724,1.33733
1747751445331.0,1.33723,1.33732
1747751446880.0,1.33722,1.33731
1747751448224.0,1.33714,1.33723
1747751448448.0,1.33711,1.3372
1747751449275.0,1.33706,1.33715
1747751449509.0,1.33707,1.33716
1747751450398.0,1.33706,1.33715
1747751450621.0,1.33707,1.33716
1747751451836.0,1.33711,1.3372
1747751453944.0,1.33713,1.33722
1747751454493.0,1.33712,1.33721
1747751458822.0,1.33706,1.33715
1747751459053.0,1.33705,1.33714
1747751460255.0,1.33707,1.33716
1747751461044.0,1.33706,1.33715
1747751462106.0,1.33709,1.33718
1747751462212.0,1.3371,1.33719
1747751463395.0,1.33713,1.33722
1747751464726.0,1.33709,1.33718
1747751468715.0,1.33711,1.3372
1747751470679.0,1.33712,1.33721
1747751472360.0,1.33713,1.33722
1747751475319.0,1.33712,1.33721
1747751477094.0,1.33713,1.33722
1747751479063.0,1.33712,1.33721
1747751483014.0,1.33713,1.33722
1747751483233.0,1.33723,1.33732
1747751484180.0,1.33724,1.33733
1747751486448.0,1.33722,1.33731
1747751486542.0,1.33724,1.33733
1747751487214.0,1.33721,1.3373
1747751487964.0,1.33723,1.33732
1747751491775.0,1.33725,1.33734
1747751492096.0,1.33724,1.33733
1747751503325.0,1.33725,1.33734
1747751506388.0,1.33727,1.33736
1747751506720.0,1.33723,1.33732
1747751512255.0,1.33732,1.33741
1747751512475.0,1.33733,1.33742
1747751513538.0,1.33732,1.33741
1747751516684.0,1.33733,1.33742
1747751518226.0,1.33727,1.33736
1747751518674.0,1.33731,1.3374
1747751518893.0,1.33731,1.3374
1747751519747.0,1.33733,1.33742
1747751520084.0,1.33737,1.33746
1747751520189.0,1.33736,1.33745
1747751520679.0,1.33737,1.33746
1747751522181.0,1.33736,1.33745
1747751523077.0,1.33734,1.33743
1747751524486.0,1.33735,1.33744
1747751528076.0,1.33734,1.33743
1747751533332.0,1.3373,1.33739
1747751536111.0,1.33726,1.33735
1747751536219.0,1.33724,1.33733
1747751538497.0,1.33723,1.33732
1747751539525.0,1.33722,1.33731
1747751539921.0,1.33725,1.33734
1747751540244.0,1.33724,1.33733
1747751541040.0,1.33723,1.33732
1747751542766.0,1.33724,1.33733
1747751543943.0,1.33723,1.33732
1747751552117.0,1.3372,1.33729
1747751552889.0,1.33722,1.33731
1747751552998.0,1.33723,1.33732
1747751553444.0,1.3372,1.33729
1747751553546.0,1.33718,1.33727
1747751553909.0,1.33715,1.33724
1747751554128.0,1.33714,1.33723
1747751555313.0,1.3372,1.33729
1747751555424.0,1.33718,1.33727
1747751556876.0,1.33719,1.33728
1747751557247.0,1.3372,1.33729
1747751557578.0,1.33719,1.33728
1747751558024.0,1.33718,1.33727
1747751559243.0,1.33717,1.33726
1747751559468.0,1.33719,1.33728
1747751560480.0,1.33718,1.33727
1747751560705.0,1.33716,1.33725
1747751561026.0,1.33716,1.33725
1747751561357.0,1.33717,1.33726
1747751563244.0,1.33719,1.33728
1747751563349.0,1.33718,1.33727
1747751564663.0,1.33716,1.33725
1747751565699.0,1.33717,1.33726
1747751565920.0,1.33722,1.33731
1747751567204.0,1.33721,1.3373
1747751569162.0,1.33713,1.33722
1747751569747.0,1.33718,1.33727
1747751570721.0,1.33713,1.33722
1747751570941.0,1.33714,1.33723
1747751571608.0,1.33708,1.33717
1747751572704.0,1.33702,1.33711
1747751572925.0,1.33699,1.33708
1747751573035.0,1.33696,1.33705
1747751573364.0,1.33697,1.33706
1747751574027.0,1.33694,1.33703
1747751574142.0,1.33693,1.33702
1747751574580.0,1.33696,1.33705
1747751574688.0,1.33697,1.33706
1747751576386.0,1.33696,1.33705
1747751576782.0,1.33697,1.33706
1747751576896.0,1.33699,1.33708
1747751577113.0,1.33698,1.33707
1747751578141.0,1.337,1.33709
1747751579150.0,1.33701,1.3371
1747751582510.0,1.337,1.33709
1747751583390.0,1.33701,1.3371
1747751584745.0,1.33702,1.33711
1747751585176.0,1.33701,1.3371
1747751586295.0,1.33702,1.33711
1747751588491.0,1.33701,1.3371
1747751591483.0,1.33702,1.33711
1747751591593.0,1.33703,1.33712
1747751593605.0,1.33701,1.3371
1747751594427.0,1.33702,1.33711
1747751595691.0,1.33702,1.33711
1747751598833.0,1.33703,1.33712
1747751599364.0,1.33705,1.33714
1747751599843.0,1.33704,1.33713
1747751600483.0,1.33705,1.33714
1747751600702.0,1.33703,1.33712
1747751601979.0,1.33702,1.33711
1747751602711.0,1.33703,1.33712
1747751606793.0,1.33702,1.33711
1747751609234.0,1.33701,1.3371
1747751609450.0,1.33702,1.33711
1747751610176.0,1.33703,1.33712
1747751614817.0,1.33704,1.33713
1747751616185.0,1.33702,1.33711
1747751616427.0,1.33694,1.33703
1747751616735.0,1.33693,1.33702
1747751616846.0,1.33691,1.337
1747751617293.0,1.33688,1.33697
1747751618589.0,1.33689,1.33698
1747751618702.0,1.33691,1.337
1747751619881.0,1.33691,1.337
1747751622375.0,1.33687,1.33696
1747751623734.0,1.33686,1.33695
1747751625766.0,1.33687,1.33696
1747751626734.0,1.33686,1.33695
1747751628718.0,1.33688,1.33697
1747751629884.0,1.33686,1.33695
1747751630109.0,1.33684,1.33693
1747751630323.0,1.33682,1.33691
1747751630553.0,1.33681,1.3369
1747751631619.0,1.33684,1.33693
1747751631722.0,1.33683,1.33692
1747751631940.0,1.33682,1.33691
1747751632053.0,1.33676,1.33685
1747751632494.0,1.33679,1.33688
1747751632602.0,1.33676,1.33685
1747751633261.0,1.33678,1.33687
1747751633370.0,1.33679,1.33688
1747751635174.0,1.3367,1.33679
1747751635285.0,1.33668,1.33677
1747751635835.0,1.33671,1.3368
1747751636710.0,1.33666,1.33675
1747751637156.0,1.33665,1.33674
1747751637477.0,1.33667,1.33676
1747751638154.0,1.33666,1.33675
1747751638263.0,1.33663,1.33672
1747751639322.0,1.33666,1.33675
1747751640317.0,1.33671,1.3368
1747751640758.0,1.3367,1.33679
1747751641493.0,1.33671,1.3368
1747751642560.0,1.33672,1.33681
1747751642984.0,1.33671,1.3368
1747751643092.0,1.33668,1.33677
1747751644213.0,1.3367,1.33679
1747751644542.0,1.33669,1.33678
1747751645429.0,1.3367,1.33679
1747751645649.0,1.33671,1.3368
1747751645979.0,1.3367,1.33679
1747751646308.0,1.33665,1.33674
1747751646428.0,1.33664,1.33673
1747751646748.0,1.33663,1.33672
1747751646970.0,1.33664,1.33673
1747751647362.0,1.33663,1.33672
1747751647470.0,1.33664,1.33673
1747751648537.0,1.33661,1.33676
1747751650075.0,1.33664,1.33679
1747751650484.0,1.33665,1.3368
1747751651103.0,1.33667,1.33676
1747751651213.0,1.33668,1.33677
1747751652624.0,1.33671,1.3368
1747751653325.0,1.33669,1.33678
1747751653544.0,1.33668,1.33677
1747751655051.0,1.33669,1.33678
1747751655274.0,1.33665,1.33674
1747751655685.0,1.33663,1.33672
1747751655790.0,1.33662,1.33671
1747751656651.0,1.33663,1.33672
1747751657503.0,1.33662,1.33671
1747751659283.0,1.3366,1.33669
1747751659765.0,1.33657,1.33666
1747751661405.0,1.33656,1.33665
1747751662105.0,1.33651,1.33666
1747751662429.0,1.3365,1.33665
1747751663524.0,1.33651,1.33666
1747751663893.0,1.3365,1.33665
1747751664385.0,1.33649,1.33664
1747751664497.0,1.33651,1.3366
1747751665844.0,1.3365,1.33659
1747751666545.0,1.33647,1.33656
1747751666654.0,1.33646,1.33655
1747751666766.0,1.33645,1.33654
1747751666985.0,1.33646,1.33655
1747751667460.0,1.33645,1.33654
1747751667790.0,1.33646,1.33655
1747751668010.0,1.33645,1.33654
1747751668237.0,1.33642,1.33651
1747751668672.0,1.33643,1.33652
1747751669015.0,1.33645,1.33654
1747751669115.0,1.33644,1.33653
1747751669440.0,1.33645,1.33654
1747751669990.0,1.33644,1.33653
1747751670210.0,1.33643,1.33652
1747751670901.0,1.33646,1.33655
1747751671116.0,1.33645,1.33654
1747751671778.0,1.33648,1.33657
1747751672814.0,1.33646,1.33655
1747751672930.0,1.33645,1.33654
1747751673411.0,1.33646,1.33655
1747751673628.0,1.33645,1.33654
1747751674341.0,1.33644,1.33653
1747751676012.0,1.33643,1.33652
1747751676453.0,1.33644,1.33653
1747751677192.0,1.33646,1.33655
1747751677526.0,1.33644,1.33653
1747751679580.0,1.33646,1.33655
1747751679799.0,1.33645,1.33654
1747751680179.0,1.33646,1.33655
1747751680288.0,1.33645,1.33654
1747751681459.0,1.33643,1.33652
1747751682804.0,1.33644,1.33653
1747751683813.0,1.33643,1.33652
1747751684145.0,1.33643,1.33652
1747751685546.0,1.33644,1.33653
1747751688171.0,1.33642,1.33651
1747751690815.0,1.33634,1.33643
1747751691041.0,1.33635,1.33644
1747751691148.0,1.33634,1.33643
1747751691591.0,1.33643,1.33652
1747751692044.0,1.33641,1.3365
1747751692262.0,1.33643,1.33652
1747751692484.0,1.33639,1.33648
1747751692905.0,1.33636,1.33645
1747751693234.0,1.33637,1.33646
1747751693565.0,1.33638,1.33647
1747751694336.0,1.33637,1.33646
1747751695014.0,1.33636,1.33645
1747751695938.0,1.33635,1.33644
1747751696160.0,1.33634,1.33643
1747751696494.0,1.33637,1.33646
1747751696715.0,1.33641,1.3365
1747751698038.0,1.33642,1.33651
1747751700298.0,1.33641,1.3365
1747751700408.0,1.33642,1.33651
1747751701012.0,1.3364,1.33649
1747751701456.0,1.33635,1.33644
1747751702076.0,1.33634,1.33643
1747751702187.0,1.33633,1.33642
1747751702846.0,1.33634,1.33643
1747751706139.0,1.33635,1.33644
1747751706472.0,1.33631,1.3364
1747751707241.0,1.33632,1.33641
1747751707354.0,1.33631,1.3364
1747751708153.0,1.33634,1.33643
1747751708483.0,1.33633,1.33642
1747751708705.0,1.33632,1.33641
1747751708818.0,1.33631,1.3364
1747751709487.0,1.33631,1.3364
1747751711399.0,1.3363,1.33639
1747751714332.0,1.33629,1.33638
1747751714552.0,1.33629,1.33638
1747751714662.0,1.3363,1.33639
1747751716470.0,1.33632,1.33641
1747751716676.0,1.33631,1.3364
1747751717005.0,1.33632,1.33641
1747751717125.0,1.33633,1.33642
1747751717336.0,1.33631,1.3364
1747751717666.0,1.33632,1.33641
1747751717885.0,1.33633,1.33642
1747751720880.0,1.33631,1.3364
1747751721855.0,1.3363,1.33639
1747751728652.0,1.33632,1.33641
1747751729895.0,1.33634,1.33643
1747751730004.0,1.33633,1.33642
1747751730333.0,1.33632,1.33641
1747751730890.0,1.33633,1.33642
1747751731942.0,1.3364,1.33649
1747751732267.0,1.33641,1.3365
1747751733883.0,1.3364,1.33649
1747751735181.0,1.3364,1.33649
1747751735396.0,1.33639,1.33648
1747751735615.0,1.3364,1.33649
1747751736463.0,1.33635,1.33644
1747751736803.0,1.33636,1.33645
1747751737356.0,1.33637,1.33646
1747751737465.0,1.33638,1.33647
1747751738358.0,1.33634,1.33643
1747751739032.0,1.33636,1.33645
1747751741282.0,1.33633,1.33642
1747751741506.0,1.3363,1.33639
1747751742541.0,1.33628,1.33637
1747751742760.0,1.33629,1.33638
1747751744029.0,1.33628,1.33637
1747751745261.0,1.3363,1.33639
1747751745483.0,1.33629,1.33638
1747751745921.0,1.3363,1.33639
1747751750098.0,1.33624,1.33633
1747751750777.0,1.33621,1.3363
1747751750885.0,1.33622,1.33631
1747751751438.0,1.33621,1.3363
1747751753370.0,1.33622,1.33631
1747751753997.0,1.33621,1.3363
1747751754331.0,1.33622,1.33631
1747751756878.0,1.33621,1.3363
1747751760009.0,1.33622,1.33631
1747751760936.0,1.33623,1.33632
1747751763797.0,1.33624,1.33633
1747751764903.0,1.33623,1.33632
1747751768117.0,1.3362,1.33629
1747751768336.0,1.33621,1.3363
1747751769743.0,1.33624,1.33633
1747751769858.0,1.33626,1.33635
1747751770073.0,1.33627,1.33636
1747751770294.0,1.33628,1.33637
1747751771303.0,1.33631,1.3364
1747751771758.0,1.33632,1.33641
1747751772258.0,1.33629,1.33638
1747751773552.0,1.3363,1.33639
1747751775721.0,1.33631,1.3364
1747751777916.0,1.33632,1.33641
1747751782139.0,1.33635,1.33644
1747751782468.0,1.33634,1.33643
1747751782695.0,1.33628,1.33637
1747751782805.0,1.33626,1.33635
1747751782909.0,1.33627,1.33636
1747751783241.0,1.33628,1.33637
1747751783462.0,1.33629,1.33638
1747751785682.0,1.33631,1.3364
1747751786235.0,1.33631,1.3364
1747751786769.0,1.33632,1.33641
1747751788209.0,1.33639,1.33648
1747751788321.0,1.33641,1.3365
1747751788763.0,1.3364,1.33649
1747751789853.0,1.33639,1.33648
1747751790940.0,1.3364,1.33649
1747751791274.0,1.33641,1.3365
1747751791909.0,1.33639,1.33648
1747751792018.0,1.33638,1.33647
1747751795307.0,1.3364,1.33649
1747751796597.0,1.33641,1.3365
1747751796812.0,1.3364,1.33649
1747751799137.0,1.33641,1.3365
1747751801203.0,1.33642,1.33651
1747751801314.0,1.33641,1.3365
1747751801671.0,1.33635,1.33644
1747751801778.0,1.33639,1.33648
1747751802116.0,1.3364,1.33649
1747751805725.0,1.33638,1.33647
1747751806224.0,1.3364,1.33649
1747751806553.0,1.33636,1.33645
1747751807350.0,1.33635,1.33644
1747751807814.0,1.33634,1.33643
1747751808821.0,1.33632,1.33641
1747751809040.0,1.33626,1.33635
1747751809261.0,1.33624,1.33633
1747751810012.0,1.33623,1.33632
1747751811743.0,1.33621,1.3363
1747751814214.0,1.33616,1.33625
1747751814435.0,1.33617,1.33626
1747751815095.0,1.33616,1.33625
1747751815425.0,1.33617,1.33626
1747751816161.0,1.33616,1.33625
1747751818526.0,1.33621,1.3363
1747751818739.0,1.3362,1.33629
1747751819437.0,1.33621,1.3363
1747751820403.0,1.33622,1.33631
1747751820505.0,1.33621,1.3363
1747751822292.0,1.33619,1.33628
1747751822402.0,1.33616,1.33625
1747751823247.0,1.33615,1.33624
1747751823805.0,1.33614,1.33623
1747751824240.0,1.33618,1.33627
1747751824567.0,1.33619,1.33628
1747751824787.0,1.33618,1.33627
1747751825139.0,1.33616,1.33625
1747751826393.0,1.33619,1.33628
1747751826504.0,1.3362,1.33629
1747751828700.0,1.33619,1.33628
1747751829029.0,1.33614,1.33623
1747751829247.0,1.33613,1.33622
1747751830738.0,1.33612,1.33621
1747751830842.0,1.33614,1.33623
1747751831059.0,1.33613,1.33622
1747751831280.0,1.33613,1.33622
1747751831394.0,1.33614,1.33623
1747751831843.0,1.3362,1.33629
1747751831954.0,1.33621,1.3363
1747751832851.0,1.33618,1.33627
1747751833758.0,1.33616,1.33625
1747751834493.0,1.33617,1.33626
1747751834710.0,1.33621,1.3363
1747751837613.0,1.3362,1.33629
1747751839403.0,1.33619,1.33628
1747751839515.0,1.33621,1.3363
1747751843296.0,1.33623,1.33632
1747751844299.0,1.33624,1.33633
1747751844846.0,1.33621,1.3363
1747751845953.0,1.33622,1.33631
1747751846878.0,1.33621,1.3363
1747751847576.0,1.33621,1.3363
1747751847683.0,1.33622,1.33631
1747751849906.0,1.33623,1.33632
1747751850435.0,1.33622,1.33631
1747751850875.0,1.33621,1.3363
1747751851096.0,1.33622,1.33631
1747751851205.0,1.33623,1.33632
1747751853117.0,1.33626,1.33635
1747751853203.0,1.33627,1.33636
1747751853678.0,1.33626,1.33635
1747751854733.0,1.33623,1.33632
1747751856381.0,1.33629,1.33638
1747751856491.0,1.3363,1.33639
1747751857052.0,1.33632,1.33641
1747751857374.0,1.33633,1.33642
1747751859974.0,1.33636,1.33645
1747751860707.0,1.33638,1.33647
1747751860816.0,1.33637,1.33646
1747751861281.0,1.33634,1.33643
1747751861503.0,1.33633,1.33642
1747751862920.0,1.33631,1.3364
1747751863028.0,1.33632,1.33641
1747751863838.0,1.33631,1.3364
1747751864279.0,1.33632,1.33641
1747751867110.0,1.33633,1.33642
1747751868551.0,1.33635,1.33644
1747751869780.0,1.3364,1.33649
1747751870110.0,1.33643,1.33652
1747751872965.0,1.33644,1.33653
1747751873326.0,1.33643,1.33652
1747751874719.0,1.33644,1.33653
1747751875191.0,1.33641,1.3365
1747751876865.0,1.33643,1.33652
1747751878983.0,1.33644,1.33653
1747751880026.0,1.3365,1.33659
1747751881618.0,1.33644,1.33653
1747751881836.0,1.33645,1.33654
1747751881948.0,1.33646,1.33655
1747751882168.0,1.33647,1.33656
1747751885268.0,1.33648,1.33657
1747751886120.0,1.3365,1.33659
1747751886230.0,1.33646,1.33655
1747751886671.0,1.33648,1.33657
1747751887903.0,1.33645,1.33654
1747751890193.0,1.33646,1.33655
1747751891608.0,1.33645,1.33654
1747751895665.0,1.33646,1.33655
1747751895883.0,1.33648,1.33657
1747751897377.0,1.33647,1.33656
1747751897486.0,1.33648,1.33657
1747751898362.0,1.33647,1.33656
1747751899207.0,1.33646,1.33655
1747751899755.0,1.33647,1.33656
1747751899979.0,1.33644,1.33653
1747751901062.0,1.3365,1.33659
1747751901757.0,1.33649,1.33658
1747751903851.0,1.3365,1.33659
1747751904218.0,1.33651,1.3366
1747751907749.0,1.33652,1.33661
1747751908188.0,1.33648,1.33657
1747751908299.0,1.33645,1.33654
1747751908637.0,1.33644,1.33653
1747751909180.0,1.33646,1.33655
1747751909731.0,1.33648,1.33657
1747751911358.0,1.33643,1.33652
1747751911468.0,1.33642,1.33651
1747751912498.0,1.33638,1.33647
1747751912718.0,1.33637,1.33646
1747751912930.0,1.33635,1.33644
1747751914088.0,1.33636,1.33645
1747751914309.0,1.33637,1.33646
1747751914638.0,1.33638,1.33647
1747751914865.0,1.3364,1.33649
1747751915725.0,1.33638,1.33647
1747751915943.0,1.3364,1.33649
1747751916710.0,1.33637,1.33646
1747751917961.0,1.33641,1.3365
1747751919828.0,1.33643,1.33652
1747751919939.0,1.33644,1.33653
1747751920982.0,1.3365,1.33659
1747751921092.0,1.33651,1.3366
1747751922095.0,1.33649,1.33658
1747751923725.0,1.33644,1.33653
1747751923832.0,1.33642,1.33651
1747751924184.0,1.33639,1.33648
1747751924283.0,1.33638,1.33647
1747751924503.0,1.33639,1.33648
1747751924834.0,1.33638,1.33647
1747751924946.0,1.3364,1.33649
1747751928623.0,1.33638,1.33647
1747751928952.0,1.3364,1.33649
1747751929062.0,1.33639,1.33648
1747751929942.0,1.33638,1.33647
1747751933910.0,1.33639,1.33648
1747751942117.0,1.33633,1.33642
1747751942225.0,1.33632,1.33641
1747751945213.0,1.33624,1.33633
1747751946185.0,1.33629,1.33638
1747751947176.0,1.3363,1.33639
1747751950912.0,1.33626,1.33635
1747751951138.0,1.33625,1.33634
1747751952431.0,1.33624,1.33633
1747751957824.0,1.33621,1.3363
1747751958722.0,1.33625,1.33634
1747751958834.0,1.33626,1.33635
1747751959050.0,1.33628,1.33637
1747751959869.0,1.33631,1.3364
1747751960897.0,1.33632,1.33641
1747751962252.0,1.33631,1.3364
1747751964767.0,1.33634,1.33643
1747751965097.0,1.33633,1.33642
1747751965679.0,1.33634,1.33643
1747751974129.0,1.33636,1.33645
1747751974436.0,1.33637,1.33646
1747751974655.0,1.3364,1.33649
1747751981272.0,1.33641,1.3365
1747751982949.0,1.3364,1.33649
1747751983172.0,1.33639,1.33648
1747751983498.0,1.3364,1.33649
1747751985326.0,1.33634,1.33643
1747751989980.0,1.33635,1.33644
1747751990629.0,1.33634,1.33643
1747751992102.0,1.33635,1.33644
1747751994494.0,1.33637,1.33646
1747751995176.0,1.33639,1.33648
1747751995749.0,1.3364,1.33649
1747751998419.0,1.33636,1.33645
1747752000313.0,1.33638,1.33647
1747752001608.0,1.33634,1.33643
1747752004233.0,1.33638,1.33647
1747752004459.0,1.33637,1.33646
1747752007864.0,1.33634,1.33643
1747752009441.0,1.33635,1.33644
1747752009770.0,1.33634,1.33643
1747752013202.0,1.33634,1.33643
1747752014463.0,1.33635,1.33644
1747752017149.0,1.33636,1.33645
1747752017256.0,1.33637,1.33646
1747752017476.0,1.33636,1.33645
1747752018232.0,1.33638,1.33647
1747752018668.0,1.33637,1.33646
1747752018888.0,1.33638,1.33647
1747752019162.0,1.33637,1.33646
1747752019777.0,1.33638,1.33647
1747752022505.0,1.33644,1.33653
1747752022624.0,1.33643,1.33652
1747752023857.0,1.33642,1.33651
1747752023966.0,1.33641,1.3365
1747752025377.0,1.33642,1.33651
1747752029517.0,1.33634,1.33643
1747752031502.0,1.33635,1.33644
1747752033162.0,1.33634,1.33643
1747752035404.0,1.33635,1.33644
1747752035829.0,1.33634,1.33643
1747752038336.0,1.33635,1.33644
1747752040356.0,1.33633,1.33642
1747752041933.0,1.33634,1.33643
1747752042261.0,1.3364,1.33649
1747752042371.0,1.33641,1.3365
1747752043403.0,1.33636,1.33645
1747752048548.0,1.33637,1.33646
1747752048881.0,1.33636,1.33645
1747752050089.0,1.33637,1.33646
1747752050972.0,1.33639,1.33648
1747752051520.0,1.33639,1.33648
1747752053092.0,1.3364,1.33649
1747752055347.0,1.33637,1.33646
1747752055447.0,1.33635,1.33644
1747752056454.0,1.33634,1.33643
1747752057370.0,1.33635,1.33644
1747752058539.0,1.33642,1.33651
1747752058764.0,1.33642,1.33651
1747752060352.0,1.3364,1.33649
1747752062362.0,1.33641,1.3365
1747752062471.0,1.3364,1.33649
1747752065071.0,1.33643,1.33652
1747752066393.0,1.33653,1.33662
1747752066505.0,1.33652,1.33661
1747752066953.0,1.33649,1.33658
1747752067048.0,1.3365,1.33659
1747752068038.0,1.33647,1.33656
1747752068424.0,1.33645,1.33654
1747752069812.0,1.33647,1.33656
1747752071180.0,1.33644,1.33653
1747752073103.0,1.33647,1.33656
1747752073747.0,1.33646,1.33655
1747752074460.0,1.33647,1.33656
1747752074676.0,1.33646,1.33655
1747752075118.0,1.33652,1.33661
1747752075671.0,1.33651,1.3366
1747752077920.0,1.33652,1.33661
1747752078148.0,1.33659,1.33668
1747752078971.0,1.33655,1.33664
1747752079315.0,1.33657,1.33666
1747752083009.0,1.33656,1.33665
1747752083119.0,1.33654,1.33663
1747752083781.0,1.33655,1.33664
1747752084003.0,1.33654,1.33663
1747752084440.0,1.33652,1.33661
1747752084883.0,1.33649,1.33658
1747752085682.0,1.33647,1.33656
1747752085792.0,1.33646,1.33655
1747752086339.0,1.33647,1.33656
1747752088860.0,1.3365,1.33659
1747752089189.0,1.33649,1.33658
1747752089591.0,1.33648,1.33657
1747752090031.0,1.3365,1.33659
1747752090141.0,1.33651,1.3366
1747752090360.0,1.3365,1.33659
1747752094081.0,1.33657,1.33666
1747752094302.0,1.33656,1.33665
1747752095082.0,1.33657,1.33666
1747752095417.0,1.33658,1.33667
1747752097172.0,1.33659,1.33668
1747752098067.0,1.33661,1.3367
1747752099139.0,1.33663,1.33672
1747752099581.0,1.33664,1.33673
1747752099906.0,1.33663,1.33672
1747752100559.0,1.33664,1.33673
1747752101789.0,1.33663,1.33672
1747752102431.0,1.33667,1.33676
1747752102756.0,1.33668,1.33677
1747752102870.0,1.33669,1.33678
1747752102982.0,1.3367,1.33679
1747752104039.0,1.33671,1.3368
1747752104153.0,1.33672,1.33681
1747752104370.0,1.33671,1.3368
1747752106228.0,1.33668,1.33677
1747752106559.0,1.33663,1.33672
1747752106778.0,1.3366,1.33669
1747752108154.0,1.33662,1.33671
1747752109079.0,1.33661,1.3367
1747752109628.0,1.33662,1.33671
1747752110408.0,1.3366,1.33669
1747752110512.0,1.33662,1.33671
1747752110834.0,1.3366,1.33669
1747752113307.0,1.33661,1.3367
1747752114636.0,1.33663,1.33672
1747752115496.0,1.33664,1.33673
1747752116106.0,1.33667,1.33676
1747752116326.0,1.33666,1.33675
1747752119713.0,1.33664,1.33673
1747752120965.0,1.33655,1.33664
1747752121188.0,1.33654,1.33663
1747752124303.0,1.33652,1.33661
1747752126366.0,1.33651,1.3366
1747752126694.0,1.33652,1.33661
1747752127250.0,1.33653,1.33662
1747752129057.0,1.33654,1.33663
1747752132424.0,1.3366,1.33669
1747752132871.0,1.33659,1.33668
1747752133094.0,1.3366,1.33669
1747752134555.0,1.33661,1.3367
1747752135325.0,1.33663,1.33672
1747752135443.0,1.33662,1.33671
1747752136650.0,1.33663,1.33672
1747752137203.0,1.33666,1.33675
1747752138969.0,1.33665,1.33674
1747752139921.0,1.33664,1.33673
1747752140999.0,1.33665,1.33674
1747752141086.0,1.33664,1.33673
1747752144333.0,1.33658,1.33667
1747752144553.0,1.33656,1.33665
1747752144667.0,1.33655,1.33664
1747752144890.0,1.33654,1.33663
1747752145334.0,1.33653,1.33662
1747752148622.0,1.33651,1.3366
1747752148731.0,1.33648,1.33657
1747752148951.0,1.33645,1.33654
1747752149542.0,1.33647,1.33656
1747752152996.0,1.33649,1.33658
1747752153448.0,1.33647,1.33656
1747752153782.0,1.33645,1.33654
1747752153891.0,1.33646,1.33655
1747752154218.0,1.33647,1.33656
1747752156115.0,1.33646,1.33655
1747752157586.0,1.33648,1.33657
1747752159691.0,1.3365,1.33659
1747752166402.0,1.33649,1.33658
1747752166511.0,1.33647,1.33656
1747752166622.0,1.33644,1.33653
1747752166990.0,1.33645,1.33654
1747752170246.0,1.33646,1.33655
1747752171508.0,1.3364,1.33649
1747752171637.0,1.33641,1.3365
1747752171725.0,1.3364,1.33649
1747752172053.0,1.33639,1.33648
1747752172276.0,1.3364,1.33649
1747752172385.0,1.33642,1.33651
1747752174679.0,1.33636,1.33651
1747752174790.0,1.33639,1.33648
1747752175129.0,1.33641,1.3365
1747752175350.0,1.33635,1.3365
1747752175679.0,1.3364,1.33649
1747752176121.0,1.33642,1.33651
1747752177031.0,1.33643,1.33652
1747752177244.0,1.33645,1.33654
1747752179242.0,1.3365,1.33659
1747752182350.0,1.33649,1.33658
1747752185379.0,1.33648,1.33657
1747752186984.0,1.33647,1.33656
1747752187092.0,1.33645,1.33654
1747752187312.0,1.33644,1.33653
1747752188105.0,1.33645,1.33654
1747752193952.0,1.33643,1.33652
1747752197197.0,1.33644,1.33653
1747752197639.0,1.33645,1.33654
1747752201198.0,1.33646,1.33655
1747752202172.0,1.33649,1.33658
1747752202992.0,1.3365,1.33659
1747752204848.0,1.33646,1.33655
1747752204957.0,1.33647,1.33656
1747752205935.0,1.33645,1.33654
1747752206376.0,1.33646,1.33655
1747752207554.0,1.33647,1.33656
1747752207883.0,1.33649,1.33658
1747752213139.0,1.3365,1.33659
1747752215485.0,1.33649,1.33658
1747752216559.0,1.3365,1.33659
1747752218064.0,1.33648,1.33663
1747752220294.0,1.33646,1.33661
1747752221337.0,1.33648,1.33663
1747752222169.0,1.33645,1.3366
1747752226379.0,1.33645,1.33654
1747752227437.0,1.33646,1.33655
1747752227658.0,1.33645,1.33654
1747752229139.0,1.33647,1.33656
1747752229248.0,1.33646,1.33655
1747752230214.0,1.3365,1.33659
1747752230326.0,1.33651,1.3366
1747752230434.0,1.3365,1.33659
1747752235611.0,1.33649,1.33658
1747752237578.0,1.33648,1.33657
1747752238733.0,1.33649,1.33658
1747752239219.0,1.3365,1.33659
1747752239327.0,1.33649,1.33658
1747752240321.0,1.3365,1.33659
1747752241676.0,1.33654,1.33663
1747752242805.0,1.3366,1.33669
1747752242918.0,1.33656,1.33665
1747752243981.0,1.33657,1.33666
1747752244981.0,1.33658,1.33667
1747752246073.0,1.3366,1.33669
1747752246835.0,1.33656,1.33665
1747752246952.0,1.33657,1.33666
1747752247831.0,1.33652,1.33661
1747752249103.0,1.33653,1.33662
1747752249228.0,1.33655,1.33664
1747752249668.0,1.33654,1.33663
1747752254784.0,1.33652,1.33661
1747752255396.0,1.33651,1.3366
1747752262535.0,1.33648,1.33657
1747752262977.0,1.33646,1.33655
1747752264656.0,1.33648,1.33657
1747752272474.0,1.33644,1.33653
1747752273036.0,1.33643,1.33652
1747752273477.0,1.33645,1.33654
1747752274075.0,1.33648,1.33657
1747752274962.0,1.33646,1.33655
1747752275070.0,1.33647,1.33656
1747752275966.0,1.33646,1.33655
1747752276495.0,1.33649,1.33658
1747752278552.0,1.33647,1.33656
1747752278771.0,1.33643,1.33652
1747752280176.0,1.33641,1.3365
1747752281224.0,1.33642,1.33651
1747752282452.0,1.33643,1.33652
1747752285528.0,1.33645,1.33654
1747752286295.0,1.33646,1.33655
1747752290276.0,1.33648,1.33657
1747752291697.0,1.3365,1.33659
1747752295052.0,1.33649,1.33658
1747752295388.0,1.33652,1.33661
1747752299094.0,1.3365,1.33659
1747752300191.0,1.33651,1.3366
1747752300303.0,1.3365,1.33659
1747752303034.0,1.33651,1.3366
1747752303471.0,1.3365,1.33659
1747752304482.0,1.33651,1.3366
1747752305876.0,1.3366,1.33669
1747752306205.0,1.33659,1.33668
1747752307666.0,1.3366,1.33669
1747752307994.0,1.33661,1.3367
1747752308960.0,1.3366,1.33669
1747752309672.0,1.33656,1.33665
1747752310443.0,1.33655,1.33664
1747752310948.0,1.33657,1.33666
1747752312515.0,1.33654,1.33663
1747752314672.0,1.33652,1.33661
1747752315115.0,1.33649,1.33658
1747752316813.0,1.33644,1.33653
1747752317039.0,1.33642,1.33651
1747752317473.0,1.33643,1.33652
1747752318133.0,1.33645,1.33654
1747752318358.0,1.33649,1.33658
1747752321828.0,1.33652,1.33661
1747752323545.0,1.33651,1.3366
1747752325242.0,1.33648,1.33657
1747752326166.0,1.3365,1.33659
1747752334019.0,1.33649,1.33658
1747752335610.0,1.33653,1.33662
1747752336704.0,1.33653,1.33662
1747752338449.0,1.3366,1.33669
1747752339269.0,1.33661,1.3367
1747752340315.0,1.3366,1.33669
1747752341564.0,1.33661,1.3367
1747752341783.0,1.33659,1.33668
1747752345642.0,1.3366,1.33669
1747752345860.0,1.33659,1.33668
1747752347305.0,1.33661,1.3367
1747752348604.0,1.3366,1.33669
1747752349730.0,1.33661,1.3367
1747752351461.0,1.33655,1.33664
1747752352394.0,1.33654,1.33663
1747752353943.0,1.33655,1.33664
1747752354054.0,1.33654,1.33663
1747752354786.0,1.33653,1.33662
1747752356594.0,1.33656,1.33665
1747752357031.0,1.33655,1.33664
1747752357252.0,1.33659,1.33668
1747752360306.0,1.33658,1.33667
1747752360894.0,1.33659,1.33668
1747752361332.0,1.33658,1.33667
1747752361445.0,1.33657,1.33666
1747752361770.0,1.33658,1.33667
1747752362513.0,1.3366,1.33669
1747752362624.0,1.33659,1.33668
1747752365251.0,1.3366,1.33669
1747752367421.0,1.33661,1.3367
1747752368357.0,1.3366,1.33669
1747752368768.0,1.33661,1.3367
1747752368991.0,1.3366,1.33669
1747752369669.0,1.33661,1.3367
1747752370622.0,1.33662,1.33671
1747752372109.0,1.3366,1.33669
1747752372438.0,1.33662,1.33671
1747752372879.0,1.33659,1.33668
1747752373091.0,1.33661,1.3367
1747752373425.0,1.3366,1.33669
1747752377118.0,1.33657,1.33666
1747752377228.0,1.33655,1.33664
1747752377767.0,1.33654,1.33663
1747752378709.0,1.33656,1.33665
1747752379147.0,1.33657,1.33666
1747752379602.0,1.33659,1.33668
1747752379820.0,1.33661,1.3367
1747752406964.0,1.33662,1.33671
1747752407072.0,1.3366,1.33669
1747752407512.0,1.33659,1.33668
1747752407633.0,1.3366,1.33669
1747752407732.0,1.33661,1.3367
1747752408252.0,1.3366,1.33669
1747752410034.0,1.33661,1.3367
1747752412071.0,1.3366,1.33669
1747752416008.0,1.33659,1.33668
1747752416557.0,1.3366,1.33669
1747752418944.0,1.33655,1.33664
1747752419271.0,1.33657,1.33666
1747752420240.0,1.33656,1.33665
1747752420460.0,1.33658,1.33667
1747752420574.0,1.33659,1.33668
1747752427509.0,1.33658,1.33667
1747752429137.0,1.33656,1.33665
1747752429250.0,1.33657,1.33666
1747752436160.0,1.33655,1.33664
1747752436378.0,1.33652,1.33661
1747752437266.0,1.33642,1.33651
1747752437596.0,1.33644,1.33653
1747752437814.0,1.33651,1.3366
1747752437927.0,1.33653,1.33662
1747752438252.0,1.3365,1.33659
1747752442389.0,1.33651,1.3366
1747752444015.0,1.3365,1.33659
1747752445558.0,1.33651,1.3366
1747752448340.0,1.33654,1.33663
1747752453163.0,1.33653,1.33662
1747752453710.0,1.33652,1.33661
1747752455155.0,1.33651,1.3366
1747752457575.0,1.33656,1.33665
1747752457682.0,1.33657,1.33666
1747752458138.0,1.33658,1.33667
1747752458471.0,1.33659,1.33668
1747752458580.0,1.33657,1.33666
1747752459503.0,1.33654,1.33663
1747752465244.0,1.33653,1.33662
1747752465638.0,1.33651,1.3366
1747752475245.0,1.33653,1.33662
1747752476243.0,1.33652,1.33661
1747752478592.0,1.33645,1.33654
1747752478711.0,1.33644,1.33653
1747752478814.0,1.33645,1.33654
1747752479037.0,1.33648,1.33657
1747752479156.0,1.3365,1.33659
1747752479363.0,1.33651,1.3366
1747752479473.0,1.3365,1.33659
1747752482050.0,1.33654,1.33663
1747752482502.0,1.33651,1.3366
1747752483311.0,1.33653,1.33662
1747752485849.0,1.3365,1.33659
1747752486184.0,1.33648,1.33657
1747752486398.0,1.33644,1.33653
1747752487290.0,1.33639,1.33648
1747752487521.0,1.3364,1.33649
1747752487730.0,1.33636,1.33645
1747752488171.0,1.33638,1.33647
1747752488284.0,1.33639,1.33648
1747752492550.0,1.33635,1.33644
1747752492880.0,1.33634,1.33643
1747752492992.0,1.33633,1.33642
1747752493455.0,1.33635,1.33644
1747752494143.0,1.33636,1.33645
1747752494225.0,1.33639,1.33648
1747752494666.0,1.3364,1.33649
1747752495293.0,1.33636,1.33645
1747752495502.0,1.33635,1.33644
1747752495614.0,1.33634,1.33643
1747752496095.0,1.33633,1.33642
1747752496637.0,1.33634,1.33643
1747752496745.0,1.33633,1.33642
1747752498558.0,1.33629,1.33638
1747752498669.0,1.33628,1.33637
1747752499091.0,1.3363,1.33639
1747752500503.0,1.33629,1.33638
1747752501901.0,1.33626,1.33641
1747752502874.0,1.33625,1.3364
1747752505289.0,1.3363,1.33639
1747752505836.0,1.3363,1.33639
1747752506689.0,1.33629,1.33638
1747752511562.0,1.33631,1.3364
1747752512341.0,1.3363,1.33639
1747752513202.0,1.33631,1.3364
1747752513645.0,1.3363,1.33639
1747752519986.0,1.33627,1.33636
1747752520607.0,1.33626,1.33635
1747752522103.0,1.33624,1.33633
1747752522991.0,1.33623,1.33632
1747752527221.0,1.33622,1.33631
1747752527622.0,1.33621,1.3363
1747752528590.0,1.33622,1.33631
1747752529485.0,1.33626,1.33635
1747752529588.0,1.33625,1.33634
1747752529697.0,1.33624,1.33633
1747752530469.0,1.33625,1.33634
1747752530579.0,1.33623,1.33632
1747752530799.0,1.33628,1.33637
1747752531138.0,1.33629,1.33638
1747752531459.0,1.33627,1.33636
1747752531679.0,1.3363,1.33639
1747752532609.0,1.33631,1.3364
1747752534286.0,1.3363,1.33639
1747752536280.0,1.33631,1.3364
1747752539841.0,1.3363,1.33639
1747752540303.0,1.33631,1.3364
1747752542259.0,1.33633,1.33642
1747752542371.0,1.33632,1.33641
1747752542481.0,1.33631,1.3364
1747752544989.0,1.33632,1.33641
1747752546395.0,1.33645,1.33654
1747752546616.0,1.33646,1.33655
1747752547946.0,1.33643,1.33652
1747752549191.0,1.33645,1.33654
1747752552619.0,1.33646,1.33655
1747752552836.0,1.33647,1.33656
1747752553053.0,1.33646,1.33655
1747752553167.0,1.33647,1.33656
1747752553274.0,1.33646,1.33655
1747752555593.0,1.33647,1.33656
1747752556029.0,1.33646,1.33655
1747752556526.0,1.33645,1.33654
1747752556635.0,1.33646,1.33655
1747752557831.0,1.3365,1.33659
1747752557942.0,1.33651,1.3366
1747752561026.0,1.33652,1.33661
1747752565075.0,1.33649,1.33658
1747752567198.0,1.33648,1.33657
1747752571911.0,1.33649,1.33658
1747752572871.0,1.3365,1.33659
1747752572980.0,1.33651,1.3366
1747752573871.0,1.33647,1.33656
1747752573984.0,1.33648,1.33657
1747752576773.0,1.33651,1.3366
1747752577604.0,1.33652,1.33661
1747752578730.0,1.33653,1.33662
1747752579303.0,1.33652,1.33661
1747752580898.0,1.33657,1.33666
1747752581447.0,1.33658,1.33667
1747752582107.0,1.33656,1.33665
1747752582437.0,1.33657,1.33666
1747752582893.0,1.33656,1.33665
1747752583448.0,1.33657,1.33666
1747752583991.0,1.33659,1.33668
1747752584446.0,1.3366,1.33669
1747752584673.0,1.33659,1.33668
1747752584775.0,1.3366,1.33669
1747752589370.0,1.33659,1.33668
1747752591479.0,1.33658,1.33667
1747752591990.0,1.3366,1.33669
1747752592104.0,1.33661,1.3367
1747752592660.0,1.33664,1.33673
1747752592869.0,1.33665,1.33674
1747752596485.0,1.33666,1.33675
1747752598465.0,1.33665,1.33674
1747752599884.0,1.33664,1.33673
1747752601214.0,1.33663,1.33672
1747752601558.0,1.33667,1.33676
1747752601655.0,1.33673,1.33682
1747752601876.0,1.33672,1.33681
1747752602746.0,1.33671,1.3368
1747752602972.0,1.33669,1.33678
1747752603782.0,1.33668,1.33677
1747752603890.0,1.33666,1.33675
1747752604692.0,1.33668,1.33677
1747752605174.0,1.33667,1.33676
1747752605844.0,1.3367,1.33679
1747752605949.0,1.33668,1.33677
1747752607213.0,1.3367,1.33679
1747752607954.0,1.33667,1.33676
1747752608056.0,1.33666,1.33675
1747752608385.0,1.33668,1.33677
1747752608504.0,1.3367,1.33679
1747752608718.0,1.33669,1.33678
1747752609484.0,1.33666,1.33675
1747752610031.0,1.33671,1.3368
1747752610127.0,1.33679,1.33688
1747752610342.0,1.33681,1.3369
1747752611932.0,1.33682,1.33691
1747752612887.0,1.33686,1.33695
1747752612998.0,1.33688,1.33697
1747752613338.0,1.33689,1.33698
1747752613437.0,1.3369,1.33699
1747752614126.0,1.33687,1.33696
1747752614348.0,1.33686,1.33695
1747752614786.0,1.33687,1.33696
1747752615008.0,1.33691,1.337
1747752615582.0,1.33696,1.33705
1747752615793.0,1.33701,1.3371
1747752616013.0,1.33703,1.33712
1747752616452.0,1.33701,1.3371
1747752616565.0,1.337,1.33709
1747752618150.0,1.33702,1.33711
1747752618275.0,1.337,1.33709
1747752620407.0,1.33703,1.33712
1747752620514.0,1.33704,1.33713
1747752620735.0,1.33707,1.33716
1747752620955.0,1.33703,1.33712
1747752621175.0,1.33702,1.33711
1747752621284.0,1.33701,1.3371
1747752621841.0,1.33699,1.33708
1747752621952.0,1.33698,1.33707
1747752622166.0,1.33697,1.33706
1747752622611.0,1.33696,1.33705
1747752623266.0,1.33704,1.33713
1747752623375.0,1.33707,1.33716
1747752623595.0,1.33711,1.3372
1747752624062.0,1.33709,1.33718
1747752624499.0,1.3371,1.33719
1747752626903.0,1.33706,1.33715
1747752627010.0,1.33705,1.33714
1747752627491.0,1.33709,1.33718
1747752629621.0,1.33711,1.3372
1747752629720.0,1.33712,1.33721
1747752630742.0,1.33711,1.3372
1747752631071.0,1.3371,1.33719
1747752631181.0,1.33709,1.33718
1747752632960.0,1.3371,1.33719
1747752633180.0,1.33711,1.3372
1747752633403.0,1.33709,1.33718
1747752634341.0,1.3371,1.33719
1747752634807.0,1.33709,1.33718
1747752635393.0,1.3371,1.33719
1747752636162.0,1.33706,1.33715
1747752636272.0,1.33704,1.33713
1747752636811.0,1.33703,1.33712
1747752637367.0,1.33707,1.33716
1747752637580.0,1.33706,1.33715
1747752639139.0,1.33704,1.33713
1747752639513.0,1.33703,1.33712
1747752640214.0,1.33702,1.33711
1747752640321.0,1.33704,1.33713
1747752640545.0,1.33703,1.33712
1747752640980.0,1.33702,1.33711
1747752641203.0,1.33694,1.33703
1747752641653.0,1.33695,1.33704
1747752641861.0,1.33695,1.33704
1747752642086.0,1.33694,1.33703
1747752643813.0,1.33697,1.33706
1747752644738.0,1.33696,1.33705
1747752645481.0,1.33695,1.33704
1747752645805.0,1.33695,1.33704
1747752646135.0,1.33695,1.33704
1747752650267.0,1.33696,1.33705
1747752651851.0,1.33697,1.33706
1747752652238.0,1.33698,1.33707
1747752653469.0,1.337,1.33709
1747752653587.0,1.33697,1.33706
1747752653910.0,1.33698,1.33707
1747752654135.0,1.33697,1.33706
1747752654467.0,1.33697,1.33706
1747752654571.0,1.33698,1.33707
1747752654881.0,1.33697,1.33706
1747752656542.0,1.33699,1.33708
1747752656871.0,1.33698,1.33707
1747752658169.0,1.33697,1.33706
1747752658276.0,1.33695,1.33704
1747752658603.0,1.33694,1.33703
1747752660188.0,1.33693,1.33702
1747752665603.0,1.33695,1.33704
1747752665837.0,1.33694,1.33703
1747752666763.0,1.33695,1.33704
1747752667527.0,1.33693,1.33702
1747752668308.0,1.33694,1.33703
1747752669195.0,1.33693,1.33702
1747752669637.0,1.33685,1.33694
1747752669746.0,1.33684,1.33693
1747752670370.0,1.33685,1.33694
