1747749487134.0,7945.4,7946.4
1747749487331.0,7945.6,7946.6
1747749488090.0,7945.9,7946.9
1747749488290.0,7945.6,7946.6
1747749489263.0,7945.6,7946.6
1747749489463.0,7945.9,7946.9
1747749489821,,
1747749490088.0,7945.6,7946.6
1747749490287,,
1747749491396.0,7945.4,7946.4
1747749491594.0,7945.6,7946.6
1747749492770.0,7945.9,7946.9
1747749492970.0,7945.6,7946.6
1747749493868.0,7945.6,7946.6
1747749497140.0,7945.4,7946.4
1747749497340.0,7945.6,7946.6
1747749497570,,
1747749500597,,
1747749500797,,
1747749501725,,
1747749501925.0,7945.9,7946.9
1747749502125.0,7945.6,7946.6
1747749503464.0,7945.4,7946.4
1747749503660.0,7945.6,7946.6
1747749505490.0,7945.9,7946.9
1747749507738.0,7945.6,7946.6
1747749508342.0,7945.9,7946.9
1747749509865.0,7946.6,7947.6
1747749511079.0,7946.9,7947.9
1747749511276,,
1747749512005.0,7947.1,7948.1
1747749512403.0,7946.9,7947.9
1747749512922.0,7947.1,7948.1
1747749513320.0,7946.9,7947.9
1747749515245.0,7946.6,7947.6
1747749515446.0,7946.4,7947.4
1747749515645.0,7946.6,7947.6
1747749516892.0,7946.9,7947.9
1747749517492.0,7946.6,7947.6
1747749519252.0,7946.4,7947.4
1747749519449.0,7946.6,7947.6
1747749519851.0,7946.1,7947.1
1747749520439.0,7946.1,7947.1
1747749520640.0,7945.9,7946.9
1747749520840.0,7946.1,7947.1
1747749522044.0,7946.4,7947.4
1747749522244.0,7946.6,7947.6
1747749523031.0,7946.9,7947.9
1747749525328,,
1747749527208.0,7946.9,7947.9
1747749527607.0,7946.6,7947.6
1747749528727.0,7946.4,7947.4
1747749530489.0,7946.1,7947.1
1747749530871,,
1747749531802.0,7946.4,7947.4
1747749532002.0,7946.6,7947.6
1747749533919.0,7946.9,7947.9
1747749534117.0,7947.1,7948.1
1747749535184.0,7946.9,7947.9
1747749535383.0,7947.1,7948.1
1747749536591.0,7946.9,7947.9
1747749536791.0,7947.1,7948.1
1747749536994.0,7946.9,7947.9
1747749537393.0,7947.1,7948.1
1747749540062.0,7946.9,7947.9
1747749540462.0,7946.4,7947.4
1747749540660.0,7946.6,7947.6
1747749541335.0,7946.9,7947.9
1747749551832,,
1747749556145,,
1747749557948.0,7946.6,7947.6
1747749558144,,
1747749558549.0,7945.9,7946.9
1747749558749.0,7946.1,7947.1
1747749561615.0,7945.9,7946.9
1747749561815.0,7945.1,7946.1
1747749562078,,
1747749562269,,
1747749564562.0,7944.9,7945.9
1747749564762.0,7945.4,7946.4
1747749565702,,
1747749565902.0,7945.4,7946.4
1747749568726.0,7945.6,7946.6
1747749568922,,
1747749569125.0,7945.4,7946.4
1747749571227,,
1747749573259.0,7945.1,7946.1
1747749573459.0,7945.4,7946.4
1747749574554.0,7945.1,7946.1
1747749574753,,
1747749575271.0,7944.4,7945.4
1747749575468,,
1747749575758.0,7944.1,7945.1
1747749575956.0,7944.4,7945.4
1747749576474.0,7943.9,7944.9
1747749576672,,
1747749576977.0,7943.6,7944.6
1747749577178.0,7943.9,7944.9
1747749578078.0,7943.6,7944.6
1747749578279.0,7943.4,7944.4
1747749578488.0,7943.6,7944.6
1747749579486.0,7943.4,7944.4
1747749580043.0,7943.6,7944.6
1747749580242,,
1747749580446.0,7943.9,7944.9
1747749580841.0,7943.6,7944.6
1747749581433.0,7943.6,7944.6
1747749582465.0,7943.4,7944.4
1747749583272.0,7943.6,7944.6
1747749583470,,
1747749584477.0,7943.4,7944.4
1747749584669.0,7943.6,7944.6
1747749585122.0,7943.4,7944.4
1747749585326.0,7943.6,7944.6
1747749585693.0,7943.4,7944.4
1747749585899.0,7943.6,7944.6
1747749586095.0,7943.9,7944.9
1747749588455,,
1747749590116,,
1747749590376,,
1747749590781,,
1747749592014,,
1747749592228.0,7943.9,7944.9
1747749593038.0,7943.6,7944.6
1747749593236,,
1747749594267.0,7943.4,7944.4
1747749594468.0,7943.1,7944.1
1747749594670.0,7943.4,7944.4
1747749595366.0,7943.9,7944.9
1747749595565.0,7943.6,7944.6
1747749596579.0,7943.4,7944.4
1747749597041.0,7943.6,7944.6
1747749597240,,
1747749598246.0,7943.4,7944.4
1747749599277.0,7943.1,7944.1
1747749599477.0,7943.4,7944.4
1747749599876,,
1747749600122.0,7943.5,7944.5
1747749600489.0,7943.3,7944.3
1747749600914,,
1747749601316.0,7943.3,7944.3
1747749604043.0,7943.5,7944.5
1747749604242,,
1747749604676.0,7943.3,7944.3
1747749605518,,
1747749605843,,
1747749607667,,
1747749607851.0,7943.8,7944.8
1747749611354.0,7943.5,7944.5
1747749611554,,
1747749614818.0,7943.3,7944.3
1747749615016.0,7943.5,7944.5
1747749615217,,
1747749618419.0,7943.8,7944.8
1747749618618.0,7943.5,7944.5
1747749620600.0,7943.3,7944.3
1747749620803.0,7943.5,7944.5
1747749622895.0,7943.5,7944.5
1747749623130.0,7943.8,7944.8
1747749623330.0,7943.5,7944.5
1747749625530.0,7943.8,7944.8
1747749625732.0,7944.0,7945.0
1747749625931,,
1747749629323.0,7944.3,7945.3
1747749630180.0,7944.5,7945.5
1747749630379.0,7945.0,7946.0
1747749630706.0,7945.3,7946.3
1747749630907.0,7945.5,7946.5
1747749632015.0,7945.3,7946.3
1747749632413,,
1747749632708.0,7945.3,7946.3
1747749632907.0,7945.0,7946.0
1747749633107.0,7945.3,7946.3
1747749633306.0,7945.5,7946.5
1747749633561.0,7945.3,7946.3
1747749634395.0,7945.5,7946.5
1747749635482.0,7945.3,7946.3
1747749635678.0,7945.5,7946.5
1747749635941.0,7945.3,7946.3
1747749636781.0,7945.0,7946.0
1747749641356.0,7945.3,7946.3
1747749641554.0,7945.5,7946.5
1747749641777.0,7946.0,7947.0
1747749643857.0,7945.8,7946.8
1747749644255,,
1747749644514.0,7946.0,7947.0
1747749644712,,
1747749646843,,
1747749647043,,
1747749647666.0,7945.5,7946.5
1747749648218.0,7945.0,7946.0
1747749648754.0,7945.3,7946.3
1747749648952.0,7945.0,7946.0
1747749650623.0,7944.8,7945.8
1747749650819.0,7945.0,7946.0
1747749651018,,
1747749651219.0,7944.8,7945.8
1747749651420.0,7945.0,7946.0
1747749653426.0,7945.3,7946.3
1747749653625,,
1747749655012,,
1747749655112.0,7945.8,7946.8
1747749655453.0,7946.0,7947.0
1747749655648.0,7946.3,7947.3
1747749655919,,
1747749656124.0,7945.8,7946.8
1747749656997.0,7945.5,7946.5
1747749657203,,
1747749657993.0,7944.8,7945.8
1747749658193.0,7944.5,7945.5
1747749658728,,
1747749659667.0,7944.8,7945.8
1747749659854.0,7945.0,7946.0
1747749660120.0,7945.3,7946.3
1747749660304.0,7944.8,7945.8
1747749661240.0,7944.5,7945.5
1747749661440.0,7944.8,7945.8
1747749661638.0,7944.5,7945.5
1747749663037.0,7944.8,7945.8
1747749663246.0,7945.0,7946.0
1747749663431.0,7944.8,7945.8
1747749663659.0,7945.3,7946.3
1747749663859.0,7945.0,7946.0
1747749664329.0,7944.8,7945.8
1747749665262.0,7944.5,7945.5
1747749665461,,
1747749665870.0,7944.3,7945.3
1747749666072.0,7944.5,7945.5
1747749666412.0,7944.3,7945.3
1747749666612.0,7944.0,7945.0
1747749667053.0,7943.8,7944.8
1747749667453.0,7944.0,7945.0
1747749667654.0,7943.8,7944.8
1747749668192,,
1747749668412.0,7943.5,7944.5
1747749668632.0,7943.8,7944.8
1747749669327.0,7944.0,7945.0
1747749669524,,
1747749670357.0,7944.3,7945.3
1747749670756.0,7944.0,7945.0
1747749670955.0,7943.8,7944.8
1747749671156.0,7944.0,7945.0
1747749672493.0,7943.8,7944.8
1747749672692.0,7944.0,7945.0
1747749673341.0,7944.3,7945.3
1747749673740,,
1747749674666.0,7944.0,7945.0
1747749674865,,
1747749678869.0,7944.3,7945.3
1747749681876.0,7944.5,7945.5
1747749682078.0,7945.0,7946.0
1747749683032.0,7944.8,7945.8
1747749683232.0,7944.5,7945.5
1747749683432.0,7944.8,7945.8
1747749683668.0,7944.5,7945.5
1747749683868.0,7945.0,7946.0
1747749686034.0,7945.3,7946.3
1747749688223.0,7945.5,7946.5
1747749688424,,
1747749689191.0,7945.3,7946.3
1747749689385,,
1747749690303.0,7945.0,7946.0
1747749690504,,
1747749691430.0,7945.3,7946.3
1747749691631.0,7945.5,7946.5
1747749692118.0,7945.0,7946.0
1747749692705.0,7944.8,7945.8
1747749693105.0,7945.0,7946.0
1747749693509.0,7945.5,7946.5
1747749694218.0,7945.3,7946.3
1747749694617.0,7945.8,7946.8
1747749696062.0,7945.5,7946.5
1747749696259,,
1747749697034.0,7945.0,7946.0
1747749697234.0,7945.5,7946.5
1747749697433.0,7945.8,7946.8
1747749697634.0,7945.5,7946.5
1747749698213.0,7945.3,7946.3
1747749698640.0,7945.8,7946.8
1747749699834.0,7945.5,7946.5
1747749700037.0,7945.0,7946.0
1747749700381,,
1747749700580,,
1747749701073.0,7945.3,7946.3
1747749701476,,
1747749704864.0,7945.0,7946.0
1747749705064.0,7944.5,7945.5
1747749705267.0,7945.0,7946.0
1747749706185.0,7944.8,7945.8
1747749706587.0,7945.0,7946.0
1747749708002.0,7945.3,7946.3
1747749710631,,
1747749713336,,
1747749713536.0,7944.8,7945.8
1747749714045.0,7945.0,7946.0
1747749714245.0,7944.8,7945.8
1747749714446.0,7945.0,7946.0
1747749715259.0,7944.8,7945.8
1747749719535,,
1747749719753.0,7945.0,7946.0
1747749721462.0,7945.3,7946.3
1747749721658,,
1747749722131,,
1747749723051.0,7945.0,7946.0
1747749723325.0,7944.8,7945.8
1747749724370,,
1747749724574.0,7944.0,7945.0
1747749724772.0,7943.8,7944.8
1747749725492.0,7943.3,7944.3
1747749725690.0,7943.5,7944.5
1747749725891.0,7943.3,7944.3
1747749726292.0,7943.5,7944.5
1747749726594.0,7943.3,7944.3
1747749727655.0,7943.3,7944.3
1747749728838.0,7943.5,7944.5
1747749729038.0,7943.3,7944.3
1747749730300.0,7943.5,7944.5
1747749730503,,
1747749730929.0,7943.8,7944.8
1747749731129.0,7943.5,7944.5
1747749731329.0,7943.8,7944.8
1747749733615.0,7943.5,7944.5
1747749733814,,
1747749734792.0,7943.8,7944.8
1747749735191,,
1747749735806.0,7944.0,7945.0
1747749736008.0,7944.5,7945.5
1747749736222.0,7944.8,7945.8
1747749736810.0,7944.5,7945.5
1747749737009.0,7945.0,7946.0
1747749741402.0,7945.3,7946.3
1747749741599.0,7945.0,7946.0
1747749741799.0,7944.8,7945.8
1747749742205.0,7944.5,7945.5
1747749742420,,
1747749743669.0,7944.3,7945.3
1747749743883.0,7944.5,7945.5
1747749744069.0,7945.3,7946.3
1747749744628.0,7945.5,7946.5
1747749744828.0,7946.3,7947.3
1747749745026.0,7945.8,7946.8
1747749745426.0,7945.5,7946.5
1747749745834.0,7945.8,7946.8
1747749746033.0,7945.5,7946.5
1747749746235.0,7945.8,7946.8
1747749746482.0,7946.0,7947.0
1747749746682.0,7946.5,7947.5
1747749747427.0,7946.5,7947.5
1747749748942.0,7946.8,7947.8
1747749749384.0,7946.5,7947.5
1747749749584.0,7946.8,7947.8
1747749749783.0,7946.5,7947.5
1747749750183.0,7946.8,7947.8
1747749750383.0,7947.0,7948.0
1747749750886.0,7947.3,7948.3
1747749751084.0,7947.0,7948.0
1747749752292.0,7946.8,7947.8
1747749752493.0,7947.0,7948.0
1747749752798.0,7946.8,7947.8
1747749752997.0,7947.3,7948.3
1747749753198.0,7947.0,7948.0
1747749754473.0,7947.0,7948.0
1747749754881.0,7947.3,7948.3
1747749755080.0,7947.5,7948.5
1747749755280,,
1747749755733.0,7947.8,7948.8
1747749756146.0,7948.0,7949.0
1747749756880.0,7947.8,7948.8
1747749757078.0,7948.0,7949.0
1747749760837.0,7947.8,7948.8
1747749761237.0,7946.8,7947.8
1747749761437.0,7946.5,7947.5
1747749761838.0,7947.0,7948.0
1747749762037.0,7946.5,7947.5
1747749762238.0,7947.0,7948.0
1747749762622.0,7947.3,7948.3
1747749763023.0,7947.0,7948.0
1747749763726.0,7947.3,7948.3
1747749764125.0,7947.0,7948.0
1747749764525.0,7947.0,7948.0
1747749764811.0,7947.3,7948.3
1747749765009.0,7947.0,7948.0
1747749765893.0,7946.3,7947.3
1747749766642.0,7946.5,7947.5
1747749766840,,
1747749767090.0,7946.8,7947.8
1747749767291.0,7947.0,7948.0
1747749767738.0,7946.8,7947.8
1747749767937.0,7947.0,7948.0
1747749768136.0,7946.8,7947.8
1747749768372.0,7946.5,7947.5
1747749769794.0,7946.3,7947.3
1747749770010.0,7946.5,7947.5
1747749770508.0,7946.5,7947.5
1747749770709.0,7946.8,7947.8
1747749770908.0,7947.0,7948.0
1747749771356.0,7946.8,7947.8
1747749771553.0,7947.0,7948.0
1747749771754.0,7946.8,7947.8
1747749771955.0,7946.5,7947.5
1747749772384.0,7946.5,7947.5
1747749773326.0,7946.8,7947.8
1747749773726.0,7946.5,7947.5
1747749774072.0,7946.8,7947.8
1747749774270.0,7946.5,7947.5
1747749774800.0,7946.3,7947.3
1747749774992.0,7946.0,7947.0
1747749776446.0,7945.8,7946.8
1747749776644,,
1747749779437.0,7946.5,7947.5
1747749781450.0,7946.8,7947.8
1747749781650.0,7947.0,7948.0
1747749782552.0,7946.8,7947.8
1747749782951.0,7947.0,7948.0
1747749783151.0,7946.5,7947.5
1747749784150.0,7946.8,7947.8
1747749784349.0,7947.5,7948.5
1747749786214.0,7947.5,7948.5
1747749788759.0,7947.3,7948.3
1747749788955.0,7946.5,7947.5
1747749790729.0,7946.3,7947.3
1747749790928.0,7946.5,7947.5
1747749792191.0,7946.3,7947.3
1747749792389.0,7946.5,7947.5
1747749792957.0,7946.3,7947.3
1747749793156.0,7946.5,7947.5
1747749793633.0,7946.3,7947.3
1747749793832.0,7946.0,7947.0
1747749794292.0,7946.3,7947.3
1747749795293.0,7946.5,7947.5
1747749795860.0,7946.3,7947.3
1747749796262.0,7946.5,7947.5
1747749797458.0,7946.8,7947.8
1747749797657.0,7947.0,7948.0
1747749797935.0,7946.8,7947.8
1747749798472.0,7946.5,7947.5
1747749798978.0,7946.8,7947.8
1747749800309.0,7945.8,7946.8
1747749801499.0,7946.0,7947.0
1747749801697.0,7945.8,7946.8
1747749802851.0,7946.0,7947.0
1747749803570.0,7946.3,7947.3
1747749803770,,
1747749804113.0,7946.0,7947.0
1747749804313.0,7946.3,7947.3
1747749804513.0,7946.0,7947.0
1747749805037.0,7946.8,7947.8
1747749805237,,
1747749809606,,
1747749810412,,
1747749814421.0,7946.5,7947.5
1747749814620,,
1747749816443.0,7946.8,7947.8
1747749816642.0,7946.5,7947.5
1747749817136.0,7946.3,7947.3
1747749817333.0,7946.8,7947.8
1747749818531,,
1747749818732.0,7946.5,7947.5
1747749820102.0,7946.5,7947.5
1747749820304.0,7946.0,7947.0
1747749821023.0,7946.3,7947.3
1747749821223.0,7946.0,7947.0
1747749823517.0,7945.8,7946.8
1747749823715.0,7945.5,7946.5
1747749825387.0,7945.3,7946.3
1747749825585.0,7945.5,7946.5
1747749826244.0,7945.8,7946.8
1747749826444.0,7945.5,7946.5
1747749827411.0,7945.5,7946.5
1747749827610.0,7945.3,7946.3
1747749827811.0,7945.5,7946.5
1747749829124.0,7945.3,7946.3
1747749830389,,
1747749830588,,
1747749835409.0,7945.5,7946.5
1747749835808.0,7945.8,7946.8
1747749836207.0,7946.0,7947.0
1747749840034.0,7946.3,7947.3
1747749840234.0,7945.5,7946.5
1747749841429.0,7945.8,7946.8
1747749842536.0,7945.5,7946.5
1747749842738.0,7945.3,7946.3
1747749842936.0,7945.5,7946.5
1747749843444.0,7945.8,7946.8
1747749843644.0,7945.5,7946.5
1747749844249.0,7945.5,7946.5
1747749845519.0,7945.3,7946.3
1747749846967,,
1747749847166.0,7945.0,7946.0
1747749847761.0,7945.0,7946.0
1747749848526,,
1747749848724,,
1747749848980.0,7945.3,7946.3
1747749849580.0,7945.5,7946.5
1747749850131.0,7945.8,7946.8
1747749850332.0,7945.5,7946.5
1747749850530.0,7945.8,7946.8
1747749850797.0,7945.5,7946.5
1747749851396,,
1747749851621.0,7945.8,7946.8
1747749851820.0,7945.5,7946.5
1747749852159.0,7945.8,7946.8
1747749852360.0,7945.5,7946.5
1747749853202.0,7945.5,7946.5
1747749853741.0,7945.3,7946.3
1747749854158.0,7945.0,7946.0
1747749854481.0,7945.3,7946.3
1747749854879.0,7945.5,7946.5
1747749858031.0,7945.3,7946.3
1747749859006.0,7945.0,7946.0
1747749859207.0,7944.8,7945.8
1747749859404.0,7945.0,7946.0
1747749859804.0,7944.8,7945.8
1747749860010.0,7945.0,7946.0
1747749860205.0,7944.5,7945.5
1747749860543.0,7944.3,7945.3
1747749860744.0,7944.0,7945.0
1747749860944.0,7944.5,7945.5
1747749861553.0,7944.3,7945.3
1747749861750.0,7944.0,7945.0
1747749862940.0,7943.8,7944.8
1747749863138.0,7943.5,7944.5
1747749863340.0,7944.0,7945.0
1747749863539.0,7944.3,7945.3
1747749863961.0,7944.0,7945.0
1747749864160,,
1747749865689.0,7943.8,7944.8
1747749865888.0,7944.0,7945.0
1747749867341.0,7944.3,7945.3
1747749867539,,
1747749869631.0,7944.0,7945.0
1747749871828.0,7944.3,7945.3
1747749872231.0,7945.5,7946.5
1747749873746.0,7945.8,7946.8
1747749873945.0,7945.5,7946.5
1747749876925.0,7945.3,7946.3
1747749877323,,
1747749877524.0,7945.0,7946.0
1747749878145.0,7945.3,7946.3
1747749878544.0,7945.0,7946.0
1747749879534.0,7945.3,7946.3
1747749880414.0,7945.0,7946.0
1747749880612.0,7944.8,7945.8
1747749880813.0,7944.5,7945.5
1747749881012.0,7944.3,7945.3
1747749881325.0,7944.0,7945.0
1747749881530.0,7944.3,7945.3
1747749881723.0,7944.0,7945.0
1747749882138.0,7943.8,7944.8
1747749882337.0,7944.3,7945.3
1747749882997.0,7944.0,7945.0
1747749883197.0,7944.3,7945.3
1747749884457.0,7944.0,7945.0
1747749884787.0,7944.3,7945.3
1747749885204.0,7944.5,7945.5
1747749885405,,
1747749895719.0,7944.3,7945.3
1747749895919.0,7944.5,7945.5
1747749897508.0,7944.3,7945.3
1747749897706.0,7944.8,7945.8
1747749897907,,
1747749898107.0,7945.0,7946.0
1747749898851.0,7944.8,7945.8
1747749899050.0,7944.5,7945.5
1747749900503.0,7944.3,7945.3
1747749900703.0,7944.0,7945.0
1747749900905.0,7943.5,7944.5
1747749901145.0,7943.8,7944.8
1747749901343.0,7944.0,7945.0
1747749901769.0,7943.8,7944.8
1747749901968.0,7944.0,7945.0
1747749905381.0,7944.3,7945.3
1747749906482,,
1747749907532.0,7944.5,7945.5
1747749907732.0,7944.8,7945.8
1747749909550.0,7944.5,7945.5
1747749909748.0,7944.0,7945.0
1747749910390.0,7943.8,7944.8
1747749910587.0,7944.0,7945.0
1747749910888.0,7944.3,7945.3
1747749911071.0,7944.0,7945.0
1747749911711.0,7944.3,7945.3
1747749912110.0,7944.0,7945.0
1747749912324.0,7944.3,7945.3
1747749916024.0,7944.5,7945.5
1747749916225.0,7944.8,7945.8
1747749919731,,
1747749919931.0,7945.0,7946.0
1747749922044.0,7945.3,7946.3
1747749922240.0,7945.0,7946.0
1747749922497.0,7945.3,7946.3
1747749922697.0,7945.0,7946.0
1747749922897.0,7945.3,7946.3
1747749923115.0,7945.5,7946.5
1747749923314,,
1747749925039.0,7945.8,7946.8
1747749925238.0,7945.3,7946.3
1747749925437.0,7945.5,7946.5
1747749925639.0,7946.0,7947.0
1747749925934.0,7946.3,7947.3
1747749926135.0,7946.0,7947.0
1747749929039.0,7946.3,7947.3
1747749929240.0,7946.5,7947.5
1747749930091.0,7946.3,7947.3
1747749930289.0,7946.5,7947.5
1747749930589.0,7946.3,7947.3
1747749930789.0,7946.0,7947.0
1747749931374.0,7946.3,7947.3
1747749931571.0,7946.0,7947.0
1747749932050.0,7946.3,7947.3
1747749932587.0,7946.0,7947.0
1747749932918.0,7946.3,7947.3
1747749933116.0,7946.5,7947.5
1747749935064.0,7946.8,7947.8
1747749935260.0,7946.5,7947.5
1747749935955.0,7946.8,7947.8
1747749936156.0,7946.0,7947.0
1747749936874.0,7945.8,7946.8
1747749937069.0,7946.0,7947.0
1747749937269.0,7945.8,7946.8
1747749937469.0,7946.0,7947.0
1747749937765.0,7945.8,7946.8
1747749939028.0,7946.0,7947.0
1747749941512.0,7946.3,7947.3
1747749941709.0,7946.0,7947.0
1747749942527.0,7947.0,7948.0
1747749943023.0,7947.3,7948.3
1747749943224.0,7947.0,7948.0
1747749943865.0,7947.3,7948.3
1747749944065.0,7947.0,7948.0
1747749946959.0,7946.8,7947.8
1747749947157.0,7946.5,7947.5
1747749947462.0,7946.8,7947.8
1747749947660.0,7946.5,7947.5
1747749949278.0,7946.8,7947.8
1747749949677.0,7946.5,7947.5
1747749950105.0,7946.8,7947.8
1747749950306.0,7946.5,7947.5
1747749950526.0,7946.3,7947.3
1747749950725,,
1747749950930.0,7946.0,7947.0
1747749951129.0,7946.3,7947.3
1747749951362.0,7946.5,7947.5
1747749951812.0,7946.3,7947.3
1747749952014.0,7946.0,7947.0
1747749953953.0,7945.8,7946.8
1747749954152,,
1747749954354.0,7945.5,7946.5
1747749955007.0,7945.8,7946.8
1747749955441.0,7945.5,7946.5
1747749955639.0,7945.8,7946.8
1747749956384.0,7945.5,7946.5
1747749956582.0,7945.8,7946.8
1747749957850.0,7946.0,7947.0
1747749958053,,
1747749959733.0,7945.8,7946.8
1747749959932.0,7946.0,7947.0
1747749960346.0,7945.8,7946.8
1747749960542.0,7946.0,7947.0
1747749961104.0,7945.8,7946.8
1747749961305.0,7946.0,7947.0
1747749961885.0,7946.3,7947.3
1747749962083.0,7947.0,7948.0
1747749962284.0,7947.3,7948.3
1747749962683.0,7947.8,7948.8
1747749962923.0,7947.5,7948.5
1747749963123,,
1747749965239.0,7947.3,7948.3
1747749965442.0,7947.5,7948.5
1747749966498.0,7947.3,7948.3
1747749966694.0,7947.5,7948.5
1747749967435.0,7947.3,7948.3
1747749967635.0,7947.5,7948.5
1747749967983.0,7947.8,7948.8
1747749968182.0,7947.5,7948.5
1747749968583.0,7947.3,7948.3
1747749968783.0,7947.0,7948.0
1747749968984.0,7947.5,7948.5
1747749969184.0,7947.3,7948.3
1747749970528.0,7947.0,7948.0
1747749971304.0,7947.3,7948.3
1747749971732.0,7947.0,7948.0
1747749973632.0,7946.8,7947.8
1747749973832.0,7947.0,7948.0
1747749977207.0,7946.8,7947.8
1747749978269.0,7946.5,7947.5
1747749978468.0,7946.0,7947.0
1747749978676.0,7945.3,7946.3
1747749979724.0,7945.0,7946.0
1747749979922.0,7945.3,7946.3
1747749981411.0,7945.0,7946.0
1747749981817.0,7945.3,7946.3
1747749982241.0,7945.0,7946.0
1747749985636.0,7944.8,7945.8
1747749986036,,
1747749990245,,
1747749990471,,
1747749994642.0,7945.0,7946.0
1747749995131.0,7945.3,7946.3
1747749996383,,
1747749997481.0,7945.8,7946.8
1747749998173.0,7945.5,7946.5
1747749998370.0,7945.3,7946.3
1747749999025.0,7945.5,7946.5
1747749999424.0,7946.5,7947.5
1747750001189.0,7946.8,7947.8
1747750001376.0,7947.0,7948.0
1747750003969.0,7946.8,7947.8
1747750004540.0,7946.5,7947.5
1747750005089.0,7946.3,7947.3
1747750005298.0,7946.5,7947.5
1747750008426.0,7946.8,7947.8
1747750008824,,
1747750012476,,
1747750012702,,
1747750015804,,
1747750016353.0,7946.3,7947.3
1747750016750.0,7946.3,7947.3
1747750016953.0,7946.5,7947.5
1747750017561,,
1747750019114.0,7946.5,7947.5
1747750019312,,
1747750019514.0,7946.3,7947.3
1747750022104.0,7947.3,7948.3
1747750022304.0,7947.5,7948.5
1747750022703.0,7947.5,7948.5
1747750025166.0,7947.3,7948.3
1747750025565.0,7947.5,7948.5
1747750027107.0,7947.3,7948.3
1747750027306.0,7947.5,7948.5
1747750027787.0,7947.8,7948.8
1747750027986.0,7948.0,7949.0
1747750028975.0,7948.0,7949.0
1747750030141.0,7947.8,7948.8
1747750030339.0,7947.5,7948.5
1747750030642.0,7947.3,7948.3
1747750031611.0,7947.0,7948.0
1747750031808,,
1747750033442.0,7946.8,7947.8
1747750033640.0,7946.5,7947.5
1747750036259.0,7946.3,7947.3
1747750036660.0,7946.5,7947.5
1747750037081.0,7946.5,7947.5
1747750041032.0,7946.3,7947.3
1747750041234.0,7946.0,7947.0
1747750041631.0,7945.5,7946.5
1747750041832.0,7945.8,7946.8
1747750042323.0,7945.5,7946.5
1747750042720.0,7944.3,7945.3
1747750042930.0,7944.5,7945.5
1747750043493.0,7944.8,7945.8
1747750043691,,
1747750043892.0,7944.5,7945.5
1747750045051.0,7944.8,7945.8
1747750046248.0,7945.0,7946.0
1747750046446,,
1747750046849.0,7945.0,7946.0
1747750047872.0,7944.8,7945.8
1747750048272.0,7945.0,7946.0
1747750051239.0,7945.3,7946.3
1747750051638.0,7945.5,7946.5
1747750052004,,
1747750052219.0,7946.0,7947.0
1747750062594.0,7946.3,7947.3
1747750062793.0,7946.5,7947.5
1747750063227.0,7946.8,7947.8
1747750063426.0,7946.5,7947.5
1747750064306.0,7946.8,7947.8
1747750064506.0,7947.0,7948.0
1747750065779.0,7946.8,7947.8
1747750065977.0,7946.5,7947.5
1747750066179.0,7946.8,7947.8
1747750066580.0,7947.0,7948.0
1747750067065.0,7947.3,7948.3
1747750067265.0,7947.0,7948.0
1747750067519.0,7947.3,7948.3
1747750068447.0,7947.5,7948.5
1747750069443.0,7947.8,7948.8
1747750069641.0,7947.5,7948.5
1747750069842.0,7947.8,7948.8
1747750070793.0,7947.5,7948.5
1747750072048.0,7947.8,7948.8
1747750072246.0,7947.5,7948.5
1747750072446.0,7948.0,7949.0
1747750072651.0,7947.5,7948.5
1747750075089.0,7947.3,7948.3
1747750075289.0,7947.5,7948.5
1747750075488.0,7947.8,7948.8
1747750075775.0,7947.5,7948.5
1747750075973,,
1747750077036.0,7947.8,7948.8
1747750077236.0,7947.5,7948.5
1747750078083.0,7947.3,7948.3
1747750078281,,
1747750078577.0,7947.0,7948.0
1747750078780.0,7946.8,7947.8
1747750079212.0,7947.0,7948.0
1747750080076.0,7946.8,7947.8
1747750080276.0,7946.5,7947.5
1747750083629.0,7946.3,7947.3
1747750084444.0,7946.0,7947.0
1747750084641,,
1747750085054.0,7945.8,7946.8
1747750085258.0,7946.0,7947.0
1747750086866.0,7946.3,7947.3
1747750087066.0,7946.5,7947.5
1747750087779.0,7946.8,7947.8
1747750087979.0,7946.5,7947.5
1747750088428.0,7946.3,7947.3
1747750088624.0,7946.0,7947.0
1747750090915.0,7945.8,7946.8
1747750091114.0,7945.5,7946.5
1747750091628.0,7945.3,7946.3
1747750094274.0,7945.5,7946.5
1747750094471,,
1747750095112.0,7945.3,7946.3
1747750095304.0,7945.5,7946.5
1747750095539.0,7945.3,7946.3
1747750095741.0,7945.5,7946.5
1747750096183.0,7945.3,7946.3
1747750096730.0,7945.5,7946.5
1747750097781.0,7945.3,7946.3
1747750097980.0,7945.5,7946.5
1747750098179.0,7945.8,7946.8
1747750099063.0,7945.5,7946.5
1747750099891.0,7945.8,7946.8
1747750100489.0,7945.5,7946.5
1747750101982.0,7945.8,7946.8
1747750103656.0,7945.5,7946.5
1747750104228.0,7945.8,7946.8
1747750104769,,
1747750106829.0,7945.5,7946.5
1747750107277.0,7945.3,7946.3
1747750107675,,
1747750108048.0,7945.0,7946.0
1747750108251.0,7945.3,7946.3
1747750112041.0,7945.0,7946.0
1747750112240.0,7944.8,7945.8
1747750112440.0,7944.5,7945.5
1747750113531.0,7944.8,7945.8
1747750113932.0,7944.5,7945.5
1747750114928.0,7944.3,7945.3
1747750115127.0,7944.5,7945.5
1747750116728.0,7944.8,7945.8
1747750116927.0,7944.5,7945.5
1747750117481.0,7944.8,7945.8
1747750118645,,
1747750118784.0,7945.0,7946.0
1747750118984.0,7945.3,7946.3
1747750119288.0,7945.5,7946.5
1747750119487,,
1747750120727.0,7945.8,7946.8
1747750121134.0,7945.8,7946.8
1747750121335.0,7945.5,7946.5
1747750123003.0,7945.3,7946.3
1747750123203.0,7945.0,7946.0
1747750126502.0,7945.3,7946.3
1747750126706,,
1747750126900.0,7945.5,7946.5
1747750127572.0,7945.3,7946.3
1747750127772.0,7945.5,7946.5
1747750128040.0,7945.3,7946.3
1747750130864.0,7945.0,7946.0
1747750131074,,
1747750131330.0,7944.8,7945.8
1747750131530.0,7944.5,7945.5
1747750132622.0,7944.8,7945.8
1747750132832.0,7944.5,7945.5
1747750136114.0,7944.8,7945.8
1747750136588.0,7944.5,7945.5
1747750137259.0,7944.3,7945.3
1747750137657,,
1747750138371.0,7943.8,7944.8
1747750138569.0,7943.5,7944.5
1747750138770.0,7943.8,7944.8
1747750140078.0,7943.5,7944.5
1747750140575.0,7943.8,7944.8
1747750140777.0,7943.5,7944.5
1747750141719.0,7943.8,7944.8
1747750141918.0,7943.5,7944.5
1747750142117.0,7943.8,7944.8
1747750145640.0,7943.5,7944.5
1747750145856,,
1747750146465.0,7943.8,7944.8
1747750146877.0,7943.8,7944.8
1747750147276,,
1747750148120.0,7943.5,7944.5
1747750148725.0,7943.3,7944.3
1747750148926.0,7943.5,7944.5
1747750149124.0,7943.3,7944.3
1747750150706,,
1747750150907.0,7943.5,7944.5
1747750153363.0,7943.8,7944.8
1747750153560.0,7943.5,7944.5
1747750153762.0,7943.8,7944.8
1747750154180.0,7943.8,7944.8
1747750155833.0,7943.5,7944.5
1747750156035,,
1747750159104.0,7943.8,7944.8
1747750159303.0,7943.5,7944.5
1747750160332.0,7943.8,7944.8
1747750160878.0,7943.5,7944.5
1747750161075,,
1747750161423.0,7943.3,7944.3
1747750161620,,
1747750162173.0,7943.5,7944.5
1747750162370,,
1747750163670.0,7943.3,7944.3
1747750165149.0,7943.0,7944.0
1747750165349,,
1747750165548.0,7942.5,7943.5
1747750165956.0,7942.3,7943.3
1747750166354.0,7942.3,7943.3
1747750166554.0,7942.5,7943.5
1747750166914.0,7942.3,7943.3
1747750167113.0,7942.5,7943.5
1747750167652.0,7942.3,7943.3
1747750168194.0,7942.5,7943.5
1747750169046.0,7942.8,7943.8
1747750169446.0,7943.0,7944.0
1747750169808,,
1747750170464.0,7942.8,7943.8
1747750170665.0,7942.5,7943.5
1747750172948.0,7942.3,7943.3
1747750173149.0,7942.5,7943.5
1747750174427,,
1747750176970.0,7942.8,7943.8
1747750178597.0,7942.5,7943.5
1747750178795,,
1747750179081.0,7942.3,7943.3
1747750179281.0,7942.5,7943.5
1747750179862.0,7942.3,7943.3
1747750182130,,
1747750182387.0,7942.3,7943.3
1747750184031.0,7942.0,7943.0
1747750184433.0,7941.8,7942.8
1747750184848.0,7941.8,7942.8
1747750185646.0,7941.5,7942.5
1747750185843.0,7941.8,7942.8
1747750186725.0,7941.5,7942.5
1747750186925.0,7941.0,7942.0
1747750187527.0,7940.8,7941.8
1747750188320.0,7940.5,7941.5
1747750188517,,
1747750189137,,
1747750189365.0,7940.5,7941.5
1747750189563.0,7940.8,7941.8
1747750190786,,
1747750191303.0,7941.3,7942.3
1747750191497,,
1747750191698.0,7941.0,7942.0
1747750192085.0,7940.8,7941.8
1747750192283.0,7941.0,7942.0
1747750192481.0,7940.8,7941.8
1747750192698.0,7941.5,7942.5
1747750193136.0,7941.3,7942.3
1747750193536.0,7941.5,7942.5
1747750193735.0,7941.3,7942.3
1747750194129.0,7941.0,7942.0
1747750194528.0,7941.5,7942.5
1747750195045,,
1747750195637.0,7941.8,7942.8
1747750196032.0,7942.3,7943.3
1747750196339.0,7942.5,7943.5
1747750196537,,
1747750197554.0,7942.5,7943.5
1747750198109.0,7942.5,7943.5
1747750198308.0,7942.0,7943.0
1747750199107.0,7941.8,7942.8
1747750199507.0,7942.0,7943.0
1747750200018.0,7941.9,7942.9
1747750200115.0,7941.7,7942.7
1747750200483.0,7941.4,7942.4
1747750200876.0,7941.7,7942.7
1747750201077.0,7941.4,7942.4
1747750202752.0,7941.2,7942.2
1747750202952.0,7940.7,7941.7
1747750203152.0,7940.4,7941.4
1747750203550.0,7939.9,7940.9
1747750203759.0,7940.2,7941.2
1747750204312,,
1747750204511.0,7940.9,7941.9
1747750204713.0,7941.4,7942.4
1747750204910.0,7941.2,7942.2
1747750205598.0,7940.9,7941.9
1747750205998.0,7941.2,7942.2
1747750206198.0,7940.9,7941.9
1747750206454,,
1747750206597.0,7941.2,7942.2
1747750207200.0,7940.9,7941.9
1747750207726.0,7940.7,7941.7
1747750207924.0,7940.9,7941.9
1747750209153.0,7940.7,7941.7
1747750211069.0,7940.4,7941.4
1747750211270,,
1747750211594.0,7940.7,7941.7
1747750211796.0,7940.4,7941.4
1747750212195.0,7940.4,7941.4
1747750213011.0,7940.7,7941.7
1747750213635.0,7940.4,7941.4
1747750213834.0,7940.7,7941.7
1747750216285,,
1747750216486.0,7941.2,7942.2
1747750217388.0,7941.4,7942.4
1747750217586.0,7941.9,7942.9
1747750217979.0,7942.2,7943.2
1747750218382.0,7941.9,7942.9
1747750218578.0,7942.4,7943.4
1747750218890.0,7942.7,7943.7
1747750219090.0,7942.4,7943.4
1747750219490.0,7943.4,7944.4
1747750219690.0,7943.2,7944.2
1747750219888.0,7943.4,7944.4
1747750222226.0,7942.9,7943.9
1747750223051.0,7943.2,7944.2
1747750223250.0,7942.9,7943.9
1747750224140.0,7943.2,7944.2
1747750224603,,
1747750224803.0,7943.4,7944.4
1747750225108.0,7943.2,7944.2
1747750225310.0,7943.4,7944.4
1747750227284.0,7943.7,7944.7
1747750227483.0,7943.4,7944.4
1747750228345.0,7943.2,7944.2
1747750228544.0,7942.7,7943.7
1747750229544.0,7942.9,7943.9
1747750229738,,
1747750229939.0,7943.2,7944.2
1747750230345,,
1747750230545.0,7942.4,7943.4
1747750231188,,
1747750232293.0,7941.2,7942.2
1747750237117,,
1747750237316.0,7941.4,7942.4
1747750237514.0,7941.7,7942.7
1747750240036,,
1747750240239.0,7941.9,7942.9
1747750240645.0,7941.7,7942.7
1747750242691.0,7941.9,7942.9
1747750242889,,
1747750243593.0,7941.7,7942.7
1747750243792.0,7941.9,7942.9
1747750245111.0,7941.7,7942.7
1747750245312.0,7941.9,7942.9
1747750247986.0,7942.2,7943.2
1747750248185.0,7942.4,7943.4
1747750248869.0,7942.2,7943.2
1747750249734.0,7941.9,7942.9
1747750249935.0,7941.7,7942.7
1747750254734.0,7941.9,7942.9
1747750254933,,
1747750256180.0,7942.2,7943.2
1747750256943.0,7941.9,7942.9
1747750257142.0,7941.7,7942.7
1747750257756.0,7941.7,7942.7
1747750262131.0,7941.4,7942.4
1747750262331,,
1747750262752.0,7941.2,7942.2
1747750262950,,
1747750263410,,
1747750263610,,
1747750265011.0,7941.4,7942.4
1747750265210,,
1747750267367.0,7941.7,7942.7
1747750267566,,
1747750272424,,
1747750272531.0,7941.4,7942.4
1747750272933.0,7941.2,7942.2
1747750273130.0,7940.9,7941.9
1747750273361.0,7941.2,7942.2
1747750273962.0,7941.4,7942.4
1747750274699.0,7941.2,7942.2
1747750274902.0,7941.4,7942.4
1747750277488.0,7941.2,7942.2
1747750277685.0,7940.9,7941.9
1747750282204.0,7940.7,7941.7
1747750282598.0,7940.4,7941.4
1747750286378.0,7940.7,7941.7
1747750287447,,
1747750288131,,
1747750288530.0,7940.4,7941.4
1747750289619.0,7940.7,7941.7
1747750290285.0,7940.4,7941.4
1747750290485,,
1747750290683.0,7940.2,7941.2
1747750290887.0,7940.4,7941.4
1747750291811.0,7940.2,7941.2
1747750293527,,
1747750293844.0,7940.2,7941.2
1747750294043.0,7939.9,7940.9
1747750294512.0,7939.7,7940.7
1747750294711.0,7939.4,7940.4
1747750295264,,
1747750295463.0,7939.2,7940.2
1747750295794,,
1747750297547.0,7938.9,7939.9
1747750298168.0,7938.9,7939.9
1747750298647.0,7939.2,7940.2
1747750298861.0,7938.9,7939.9
1747750299062.0,7939.2,7940.2
1747750300515.0,7939.4,7940.4
1747750300714,,
1747750304026.0,7939.7,7940.7
1747750305321.0,7939.9,7940.9
1747750305517.0,7940.4,7941.4
1747750306226.0,7940.7,7941.7
1747750307129.0,7940.4,7941.4
1747750307329.0,7940.7,7941.7
1747750307648.0,7940.4,7941.4
1747750307845,,
1747750308442.0,7940.2,7941.2
1747750308843.0,7939.9,7940.9
1747750309798.0,7940.4,7941.4
1747750310015.0,7940.2,7941.2
1747750310214.0,7940.4,7941.4
1747750310890.0,7940.4,7941.4
1747750311089,,
1747750311567.0,7940.2,7941.2
1747750311766.0,7940.4,7941.4
1747750313804.0,7940.7,7941.7
1747750316683.0,7940.4,7941.4
1747750316883,,
1747750318366.0,7940.7,7941.7
1747750318564.0,7940.4,7941.4
1747750319752.0,7940.2,7941.2
1747750319949.0,7940.4,7941.4
1747750320879.0,7940.2,7941.2
1747750321077.0,7940.4,7941.4
1747750323628.0,7940.2,7941.2
1747750323826.0,7939.9,7940.9
1747750325267.0,7939.9,7940.9
1747750327365.0,7939.7,7940.7
1747750327564.0,7939.9,7940.9
1747750330547.0,7939.7,7940.7
1747750330743.0,7939.4,7940.4
1747750331612.0,7939.2,7940.2
1747750331811.0,7938.4,7939.4
1747750335512.0,7938.7,7939.7
1747750335722.0,7938.4,7939.4
1747750336984.0,7938.7,7939.7
1747750338009.0,7938.4,7939.4
1747750338671.0,7938.2,7939.2
1747750338872.0,7938.4,7939.4
1747750339604.0,7938.7,7939.7
1747750340223.0,7938.4,7939.4
1747750341306.0,7938.7,7939.7
1747750341717.0,7938.9,7939.9
1747750341914,,
1747750343680.0,7939.4,7940.4
1747750344388.0,7939.7,7940.7
1747750344585.0,7939.9,7940.9
1747750345074.0,7939.7,7940.7
1747750345274.0,7940.2,7941.2
1747750346415,,
1747750347033.0,7940.2,7941.2
1747750348279.0,7940.4,7941.4
1747750348479.0,7940.2,7941.2
1747750348782.0,7940.4,7941.4
1747750349794.0,7940.2,7941.2
1747750349994.0,7940.4,7941.4
1747750350879.0,7940.2,7941.2
1747750351278.0,7940.2,7941.2
1747750351479.0,7939.9,7940.9
1747750351711.0,7940.2,7941.2
1747750351911.0,7939.9,7940.9
1747750352804.0,7939.7,7940.7
1747750353003.0,7939.9,7940.9
1747750354249.0,7939.7,7940.7
1747750354446.0,7939.9,7940.9
1747750354846.0,7939.7,7940.7
1747750355046.0,7939.9,7940.9
1747750356137.0,7939.7,7940.7
1747750356335.0,7939.9,7940.9
1747750357384.0,7939.7,7940.7
1747750358257.0,7939.4,7940.4
1747750358456,,
1747750358896.0,7939.4,7940.4
1747750359612.0,7939.7,7940.7
1747750359806.0,7939.9,7940.9
1747750361323.0,7940.2,7941.2
1747750361522.0,7940.4,7941.4
1747750362249.0,7940.2,7941.2
1747750362448.0,7940.4,7941.4
1747750362823.0,7940.2,7941.2
1747750363464.0,7940.4,7941.4
1747750363661.0,7940.2,7941.2
1747750363862.0,7940.4,7941.4
1747750367165.0,7940.7,7941.7
1747750367377.0,7940.4,7941.4
1747750369631.0,7940.7,7941.7
1747750370525.0,7940.9,7941.9
1747750370723,,
1747750371875.0,7940.7,7941.7
1747750372071.0,7940.9,7941.9
1747750372272.0,7940.7,7941.7
1747750372471.0,7940.4,7941.4
1747750372886.0,7940.7,7941.7
1747750373082.0,7940.4,7941.4
1747750373638.0,7940.7,7941.7
1747750374037.0,7940.9,7941.9
1747750374307,,
1747750374478.0,7940.7,7941.7
1747750374879.0,7940.9,7941.9
1747750375281.0,7941.2,7942.2
1747750377198,,
1747750377400.0,7941.7,7942.7
1747750380176.0,7941.9,7942.9
1747750380374,,
1747750380775.0,7941.7,7942.7
1747750381054.0,7941.9,7942.9
1747750382784.0,7941.7,7942.7
1747750382982.0,7941.9,7942.9
1747750383242.0,7942.2,7943.2
1747750385152.0,7941.7,7942.7
1747750386110.0,7941.9,7942.9
1747750386306,,
1747750389727.0,7941.7,7942.7
1747750389926.0,7941.9,7942.9
1747750390896.0,7942.2,7943.2
1747750391095.0,7941.9,7942.9
1747750392013.0,7942.2,7943.2
1747750392214.0,7941.9,7942.9
1747750392608.0,7941.7,7942.7
1747750393550.0,7941.9,7942.9
1747750393748.0,7941.7,7942.7
1747750393996.0,7941.4,7942.4
1747750394196.0,7941.2,7942.2
1747750394614,,
1747750395325.0,7941.4,7942.4
1747750395523.0,7941.7,7942.7
1747750395888.0,7941.9,7942.9
1747750396288.0,7941.7,7942.7
1747750397393.0,7941.7,7942.7
1747750397696.0,7941.9,7942.9
1747750398670.0,7941.7,7942.7
1747750398870.0,7941.4,7942.4
1747750399587.0,7941.2,7942.2
1747750400386.0,7941.2,7942.2
1747750401748.0,7941.4,7942.4
1747750401948,,
1747750403029.0,7941.2,7942.2
1747750403229.0,7941.4,7942.4
1747750404174.0,7941.4,7942.4
1747750404649.0,7941.2,7942.2
1747750404851.0,7941.4,7942.4
1747750405266.0,7941.4,7942.4
1747750408020.0,7941.2,7942.2
1747750408447.0,7941.4,7942.4
1747750408646,,
1747750409046.0,7941.2,7942.2
1747750422871.0,7940.9,7941.9
1747750423070,,
1747750423436.0,7940.7,7941.7
1747750423634.0,7940.9,7941.9
1747750429464.0,7941.2,7942.2
1747750430145.0,7941.4,7942.4
1747750430344.0,7941.7,7942.7
1747750431148.0,7941.4,7942.4
1747750431349,,
1747750432757.0,7941.2,7942.2
1747750432957.0,7941.4,7942.4
1747750433704.0,7941.2,7942.2
1747750434578.0,7941.4,7942.4
1747750434775,,
1747750435180.0,7941.2,7942.2
1747750435696.0,7941.4,7942.4
1747750437285.0,7941.7,7942.7
1747750437485.0,7942.2,7943.2
1747750440634.0,7942.4,7943.4
1747750441034.0,7942.7,7943.7
1747750442344.0,7942.4,7943.4
1747750442542,,
1747750445024.0,7942.7,7943.7
1747750447017.0,7941.9,7942.9
1747750447216.0,7941.7,7942.7
1747750447673.0,7941.4,7942.4
1747750448707.0,7941.2,7942.2
1747750450008,,
1747750450259,,
1747750450559.0,7941.2,7942.2
1747750451310.0,7940.9,7941.9
1747750451507.0,7940.7,7941.7
1747750451709.0,7940.4,7941.4
1747750454508.0,7940.7,7941.7
1747750454907.0,7940.9,7941.9
1747750457434.0,7940.7,7941.7
1747750457831.0,7940.2,7941.2
1747750459926.0,7940.4,7941.4
1747750460123,,
1747750460720.0,7940.2,7941.2
1747750460920.0,7938.9,7939.9
1747750461250.0,7938.7,7939.7
1747750461447.0,7938.9,7939.9
1747750461930.0,7938.7,7939.7
1747750462129.0,7938.4,7939.4
1747750463131.0,7938.7,7939.7
1747750463329,,
1747750465028.0,7938.4,7939.4
1747750465227,,
1747750465870.0,7938.7,7939.7
1747750466441,,
1747750466639,,
1747750466840.0,7938.4,7939.4
1747750467039.0,7938.7,7939.7
1747750469795.0,7938.9,7939.9
1747750469993,,
1747750470740.0,7938.7,7939.7
1747750473235.0,7938.9,7939.9
1747750473417,,
1747750473820.0,7938.7,7939.7
1747750475206,,
1747750475625.0,7938.2,7939.2
1747750480023.0,7938.4,7939.4
1747750480211,,
1747750485702.0,7938.7,7939.7
1747750488462.0,7938.4,7939.4
1747750491370.0,7938.7,7939.7
1747750493029.0,7938.9,7939.9
1747750493229.0,7938.7,7939.7
1747750494187.0,7938.4,7939.4
1747750494383,,
1747750497151.0,7938.7,7939.7
1747750497348.0,7938.4,7939.4
1747750497930.0,7938.7,7939.7
1747750498130.0,7938.4,7939.4
1747750498830.0,7938.2,7939.2
1747750500363.0,7937.9,7938.9
1747750500563,,
1747750500972.0,7938.2,7939.2
1747750508304,,
1747750508537.0,7937.7,7938.7
1747750508736.0,7937.4,7938.4
1747750509076.0,7937.2,7938.2
1747750509475.0,7936.7,7937.7
1747750509919.0,7937.2,7938.2
1747750510122.0,7936.9,7937.9
1747750511268.0,7937.2,7938.2
1747750511795.0,7936.9,7937.9
1747750512032.0,7937.2,7938.2
1747750512230.0,7936.9,7937.9
1747750512589.0,7937.2,7938.2
1747750513010.0,7937.4,7938.4
1747750513208.0,7937.2,7938.2
1747750516087.0,7937.4,7938.4
1747750516287.0,7937.9,7938.9
1747750516929.0,7937.7,7938.7
1747750518334.0,7937.4,7938.4
1747750518536.0,7937.7,7938.7
1747750521017.0,7937.4,7938.4
1747750521418,,
1747750521613.0,7937.2,7938.2
1747750522717.0,7937.4,7938.4
1747750522915.0,7937.9,7938.9
1747750523794.0,7937.7,7938.7
1747750525027.0,7937.4,7938.4
1747750525226.0,7937.7,7938.7
1747750525781.0,7937.4,7938.4
1747750525980,,
1747750529481.0,7937.7,7938.7
1747750529680.0,7937.9,7938.9
1747750529881.0,7938.2,7939.2
1747750532674,,
1747750534880.0,7938.7,7939.7
1747750535079.0,7938.4,7939.4
1747750536351.0,7938.2,7939.2
1747750536551.0,7938.4,7939.4
1747750537160.0,7938.2,7939.2
1747750537361.0,7937.9,7938.9
1747750538104,,
1747750538545.0,7938.2,7939.2
1747750538747.0,7937.9,7938.9
1747750539830.0,7938.2,7939.2
1747750540666.0,7938.4,7939.4
1747750540861,,
1747750542036.0,7938.7,7939.7
1747750542436.0,7938.9,7939.9
1747750542637.0,7939.4,7940.4
1747750543070.0,7939.7,7940.7
1747750543540.0,7939.9,7940.9
1747750544878.0,7939.7,7940.7
1747750545074.0,7939.9,7940.9
1747750546267,,
1747750546558,,
1747750546756.0,7939.9,7940.9
1747750548532.0,7940.2,7941.2
1747750548929.0,7940.4,7941.4
1747750549194,,
1747750550221.0,7940.2,7941.2
1747750552248.0,7940.4,7941.4
1747750552447,,
1747750556283.0,7940.2,7941.2
1747750556917.0,7939.9,7940.9
1747750560372.0,7940.2,7941.2
1747750562009.0,7939.9,7940.9
1747750562207,,
1747750562408.0,7939.7,7940.7
1747750562608.0,7939.9,7940.9
1747750563239.0,7939.7,7940.7
1747750563688.0,7939.9,7940.9
1747750564087.0,7939.7,7940.7
1747750564443,,
1747750564643.0,7939.2,7940.2
1747750565755,,
1747750565971.0,7939.7,7940.7
1747750566169.0,7939.4,7940.4
1747750566368,,
1747750566591.0,7939.7,7940.7
1747750566791.0,7939.4,7940.4
1747750567068.0,7939.2,7940.2
1747750567668.0,7939.4,7940.4
1747750573669.0,7939.2,7940.2
1747750573867,,
1747750574125,,
1747750574323.0,7938.7,7939.7
1747750574734.0,7938.2,7939.2
1747750575032.0,7938.4,7939.4
1747750575229.0,7938.2,7939.2
1747750575432.0,7938.4,7939.4
1747750575711.0,7938.7,7939.7
1747750576722.0,7938.9,7939.9
1747750578213.0,7939.2,7940.2
1747750578411.0,7939.4,7940.4
1747750579409.0,7939.2,7940.2
1747750580434.0,7939.4,7940.4
1747750580883.0,7939.2,7940.2
1747750584062.0,7939.4,7940.4
1747750584260,,
1747750584959.0,7939.7,7940.7
1747750585158.0,7939.4,7940.4
1747750585726.0,7939.7,7940.7
1747750586904.0,7939.9,7940.9
1747750587102.0,7939.4,7940.4
1747750590010.0,7939.2,7940.2
1747750590209.0,7939.4,7940.4
1747750591655.0,7939.2,7940.2
1747750594028.0,7939.4,7940.4
1747750595340.0,7939.2,7940.2
1747750596873.0,7939.4,7940.4
1747750597069.0,7939.2,7940.2
1747750597269.0,7939.4,7940.4
1747750598888.0,7939.2,7940.2
1747750599086.0,7939.4,7940.4
1747750599491.0,7939.2,7940.2
1747750599690.0,7938.9,7939.9
1747750600956.0,7938.7,7939.7
1747750601354.0,7938.9,7939.9
1747750603949.0,7938.7,7939.7
1747750604149.0,7938.2,7939.2
1747750604347.0,7938.4,7939.4
1747750604583,,
1747750604748.0,7938.7,7939.7
1747750605089.0,7938.9,7939.9
1747750605909.0,7938.7,7939.7
1747750606312.0,7939.2,7940.2
1747750607997.0,7939.4,7940.4
1747750608829.0,7939.7,7940.7
1747750609028.0,7939.4,7940.4
1747750609442.0,7939.2,7940.2
1747750609647.0,7939.4,7940.4
1747750609841.0,7939.2,7940.2
1747750610484.0,7939.4,7940.4
1747750610682,,
1747750612831.0,7939.2,7940.2
1747750613030,,
1747750613276.0,7939.4,7940.4
1747750613475.0,7939.2,7940.2
1747750615639.0,7938.9,7939.9
1747750615837,,
1747750616237,,
1747750616613.0,7939.2,7940.2
1747750616811.0,7938.9,7939.9
1747750617116.0,7939.2,7940.2
1747750617315.0,7939.4,7940.4
1747750617585.0,7939.2,7940.2
1747750617980.0,7938.9,7939.9
1747750618574.0,7939.2,7940.2
1747750618772.0,7939.4,7940.4
1747750619074.0,7939.7,7940.7
1747750619471.0,7939.9,7940.9
1747750620363.0,7939.7,7940.7
1747750621579.0,7939.4,7940.4
1747750621781.0,7938.2,7939.2
1747750622033.0,7938.4,7939.4
1747750622232.0,7938.2,7939.2
1747750623132.0,7937.9,7938.9
1747750623332.0,7938.2,7939.2
1747750623531.0,7937.9,7938.9
1747750623931,,
1747750624132.0,7938.4,7939.4
1747750627370.0,7938.2,7939.2
1747750627769.0,7938.4,7939.4
1747750629355.0,7938.7,7939.7
1747750629551.0,7938.9,7939.9
1747750630593.0,7938.7,7939.7
1747750630799.0,7938.9,7939.9
1747750630992.0,7938.7,7939.7
1747750631317.0,7938.4,7939.4
1747750635067.0,7938.2,7939.2
1747750635267.0,7938.4,7939.4
1747750637726.0,7938.2,7939.2
1747750638126.0,7937.9,7938.9
1747750639179.0,7938.2,7939.2
1747750639376.0,7938.4,7939.4
1747750640293.0,7938.7,7939.7
1747750640690.0,7938.9,7939.9
1747750645478.0,7938.7,7939.7
1747750645877.0,7937.9,7938.9
1747750648436.0,7937.7,7938.7
1747750648634.0,7937.4,7938.4
1747750649559.0,7937.7,7938.7
1747750649758.0,7937.4,7938.4
1747750652728.0,7937.2,7938.2
1747750652927.0,7937.4,7938.4
1747750658341.0,7937.7,7938.7
1747750658539.0,7937.4,7938.4
1747750659275.0,7937.7,7938.7
1747750659674.0,7937.9,7938.9
1747750660776.0,7938.2,7939.2
1747750661376.0,7937.9,7938.9
1747750663275.0,7938.2,7939.2
1747750663675.0,7938.4,7939.4
1747750664231.0,7938.2,7939.2
1747750664429.0,7937.9,7938.9
1747750664830.0,7937.7,7938.7
1747750665231.0,7937.4,7938.4
1747750665821.0,7937.2,7938.2
1747750666022.0,7936.9,7937.9
1747750666221.0,7937.2,7938.2
1747750666419.0,7936.9,7937.9
1747750666621.0,7937.2,7938.2
1747750666833.0,7936.9,7937.9
1747750667823.0,7937.2,7938.2
1747750670090.0,7937.4,7938.4
1747750670286.0,7937.9,7938.9
1747750671702.0,7938.2,7939.2
1747750671898.0,7937.7,7938.7
1747750673242.0,7937.9,7938.9
1747750673438,,
1747750674571.0,7937.7,7938.7
1747750674771.0,7936.9,7937.9
1747750675232.0,7936.7,7937.7
1747750675471.0,7936.9,7937.9
1747750675671.0,7936.7,7937.7
1747750675869.0,7936.9,7937.9
1747750678830.0,7936.7,7937.7
1747750679509.0,7936.2,7937.2
1747750679707.0,7935.9,7936.9
1747750680131.0,7935.7,7936.7
1747750681044.0,7935.9,7936.9
1747750681242,,
1747750685727.0,7936.2,7937.2
1747750685938.0,7935.9,7936.9
1747750686308.0,7935.7,7936.7
1747750686507.0,7935.9,7936.9
1747750686907.0,7935.4,7936.4
1747750687608.0,7935.7,7936.7
1747750687807.0,7935.9,7936.9
1747750690484.0,7935.7,7936.7
1747750690882.0,7935.9,7936.9
1747750691083.0,7935.4,7936.4
1747750691283.0,7935.9,7936.9
1747750691484.0,7935.7,7936.7
1747750691684.0,7935.9,7936.9
1747750695887.0,7935.7,7936.7
1747750696087.0,7935.9,7936.9
1747750696670.0,7935.7,7936.7
1747750696888.0,7935.4,7936.4
1747750697257.0,7935.7,7936.7
1747750697457.0,7935.4,7936.4
1747750697657.0,7935.9,7936.9
1747750697857.0,7935.7,7936.7
1747750698069.0,7935.9,7936.9
1747750698270.0,7935.7,7936.7
1747750698981.0,7935.9,7936.9
1747750699689.0,7935.7,7936.7
1747750699889.0,7935.9,7936.9
1747750700090.0,7935.7,7936.7
1747750700595.0,7935.9,7936.9
1747750700791.0,7935.4,7936.4
1747750703091.0,7934.7,7935.7
1747750703298.0,7935.2,7936.2
1747750708073.0,7935.4,7936.4
1747750708271,,
1747750708470.0,7935.7,7936.7
1747750709416.0,7935.4,7936.4
1747750709973.0,7935.7,7936.7
1747750710191.0,7936.2,7937.2
1747750714066.0,7936.4,7937.4
1747750714265.0,7936.9,7937.9
1747750715808.0,7936.7,7937.7
1747750716297.0,7936.9,7937.9
1747750716495,,
1747750719227.0,7936.7,7937.7
1747750720251,,
1747750720556,,
1747750720757.0,7936.7,7937.7
1747750725141,,
1747750725341.0,7936.4,7937.4
1747750726396.0,7936.2,7937.2
1747750726593,,
1747750732073.0,7935.9,7936.9
1747750732272.0,7936.2,7937.2
1747750733171.0,7936.4,7937.4
1747750733371.0,7936.7,7937.7
1747750733575.0,7936.4,7937.4
1747750734640.0,7936.2,7937.2
1747750735040.0,7936.4,7937.4
1747750736547.0,7936.2,7937.2
1747750736745.0,7935.9,7936.9
1747750738298.0,7936.2,7937.2
1747750738696.0,7936.2,7937.2
1747750738896.0,7935.9,7936.9
1747750739097.0,7936.2,7937.2
1747750739557.0,7935.9,7936.9
1747750740329.0,7935.9,7936.9
1747750741592.0,7936.2,7937.2
1747750741792.0,7935.9,7936.9
1747750742210.0,7936.2,7937.2
1747750742413.0,7935.9,7936.9
1747750743775.0,7936.2,7937.2
1747750743975.0,7935.9,7936.9
1747750744175.0,7936.4,7937.4
1747750746572.0,7936.9,7937.9
1747750751331.0,7937.2,7938.2
1747750752395.0,7936.9,7937.9
1747750752593.0,7936.7,7937.7
1747750752793.0,7936.9,7937.9
1747750753551.0,7936.7,7937.7
1747750755765.0,7936.9,7937.9
1747750756590.0,7936.7,7937.7
1747750756989.0,7936.4,7937.4
1747750759509.0,7936.2,7937.2
1747750759707.0,7936.4,7937.4
1747750759906.0,7936.2,7937.2
1747750760293.0,7935.9,7936.9
1747750764555.0,7936.2,7937.2
1747750764757.0,7936.4,7937.4
1747750767673.0,7936.7,7937.7
1747750771195.0,7936.4,7937.4
1747750771393,,
1747750771657.0,7936.2,7937.2
1747750772427.0,7936.4,7937.4
1747750772626.0,7936.2,7937.2
1747750773927.0,7935.9,7936.9
1747750774127.0,7936.2,7937.2
1747750774851.0,7935.9,7936.9
1747750775641.0,7936.2,7937.2
1747750778047.0,7935.9,7936.9
1747750778246.0,7936.2,7937.2
1747750779233.0,7936.4,7937.4
1747750779431,,
1747750785003.0,7936.2,7937.2
1747750785203.0,7936.4,7937.4
1747750785627.0,7936.4,7937.4
1747750786464.0,7936.2,7937.2
1747750788545.0,7935.9,7936.9
1747750788942.0,7936.2,7937.2
1747750791819.0,7936.4,7937.4
1747750792017,,
1747750792625.0,7936.2,7937.2
1747750797622.0,7936.4,7937.4
1747750797895.0,7936.7,7937.7
1747750800028.0,7937.0,7938.0
1747750801079,,
1747750804241.0,7937.5,7938.5
1747750804444.0,7937.7,7938.7
1747750807031.0,7937.5,7938.5
1747750807452.0,7937.7,7938.7
1747750807651.0,7938.0,7939.0
1747750808395.0,7937.7,7938.7
1747750809914.0,7937.5,7938.5
1747750810514.0,7937.2,7938.2
1747750812506.0,7937.5,7938.5
1747750812703.0,7937.7,7938.7
1747750813316.0,7937.5,7938.5
1747750814507.0,7937.7,7938.7
1747750814707,,
1747750815108.0,7937.5,7938.5
1747750815872.0,7937.7,7938.7
1747750816070,,
1747750816579.0,7938.0,7939.0
1747750817179.0,7937.7,7938.7
1747750817383.0,7938.0,7939.0
1747750817579,,
1747750817886.0,7937.7,7938.7
1747750818261.0,7938.0,7939.0
1747750818462.0,7937.7,7938.7
1747750818931.0,7938.0,7939.0
1747750821486.0,7938.2,7939.2
1747750821684.0,7937.5,7938.5
1747750822475,,
1747750822677.0,7936.2,7937.2
1747750822876.0,7936.0,7937.0
1747750824998.0,7936.2,7937.2
1747750825206,,
1747750825899.0,7936.0,7937.0
1747750826098.0,7936.2,7937.2
1747750826638.0,7936.0,7937.0
1747750826837.0,7936.2,7937.2
1747750827911.0,7936.5,7937.5
1747750828310.0,7936.2,7937.2
1747750832796.0,7936.0,7937.0
1747750832992.0,7935.7,7936.7
1747750834597.0,7935.5,7936.5
1747750834996.0,7935.7,7936.7
1747750835930.0,7936.0,7937.0
1747750836130.0,7936.2,7937.2
1747750836445.0,7936.0,7937.0
1747750837059.0,7935.7,7936.7
1747750837256.0,7935.5,7936.5
1747750838137.0,7935.7,7936.7
1747750839591.0,7936.0,7937.0
1747750840130,,
1747750840328,,
1747750840607.0,7936.2,7937.2
1747750840807,,
1747750841628.0,7936.5,7937.5
1747750841829.0,7936.2,7937.2
1747750842028.0,7936.5,7937.5
1747750842228.0,7936.7,7937.7
1747750842463.0,7936.5,7937.5
1747750844028.0,7936.7,7937.7
1747750844226.0,7937.0,7938.0
1747750847046.0,7936.7,7937.7
1747750847244.0,7937.0,7938.0
1747750847944.0,7936.7,7937.7
1747750848427.0,7937.0,7938.0
1747750848635.0,7936.2,7937.2
1747750849815.0,7936.5,7937.5
1747750850319.0,7936.2,7937.2
1747750854653.0,7936.5,7937.5
1747750854853.0,7936.7,7937.7
1747750855632.0,7937.0,7938.0
1747750855832.0,7936.7,7937.7
1747750856623.0,7937.0,7938.0
1747750857079.0,7937.2,7938.2
1747750857281.0,7937.7,7938.7
1747750858245.0,7937.5,7938.5
1747750858894.0,7937.7,7938.7
1747750861157.0,7938.0,7939.0
1747750861355.0,7938.2,7939.2
1747750861978.0,7938.0,7939.0
1747750862631.0,7938.2,7939.2
1747750862848,,
1747750865549.0,7938.5,7939.5
1747750865949.0,7939.2,7940.2
1747750867254.0,7939.0,7940.0
1747750867450.0,7938.7,7939.7
1747750867652.0,7939.0,7940.0
1747750868271.0,7939.2,7940.2
1747750868669.0,7939.0,7940.0
1747750870512.0,7939.2,7940.2
1747750871721.0,7939.0,7940.0
1747750871919,,
1747750872312.0,7938.7,7939.7
1747750872515.0,7938.5,7939.5
1747750873082.0,7938.7,7939.7
1747750873279.0,7938.5,7939.5
1747750873479.0,7938.7,7939.7
1747750874167.0,7938.5,7939.5
1747750874568.0,7938.7,7939.7
1747750874786.0,7938.5,7939.5
1747750875414.0,7938.7,7939.7
1747750875614,,
1747750878929.0,7938.5,7939.5
1747750881050.0,7938.2,7939.2
1747750881248,,
1747750883689.0,7938.0,7939.0
1747750883888.0,7937.7,7938.7
1747750885321.0,7938.0,7939.0
1747750885521.0,7938.2,7939.2
1747750889714.0,7938.0,7939.0
1747750889914.0,7938.2,7939.2
1747750890335.0,7938.0,7939.0
1747750890534.0,7938.2,7939.2
1747750892170.0,7938.5,7939.5
1747750892368.0,7938.7,7939.7
1747750902610.0,7939.0,7940.0
1747750903021.0,7938.7,7939.7
1747750903219,,
1747750903932.0,7938.5,7939.5
1747750904328.0,7938.7,7939.7
1747750906076.0,7938.7,7939.7
1747750907433.0,7938.7,7939.7
1747750909109.0,7938.5,7939.5
1747750909758.0,7938.2,7939.2
1747750910359.0,7938.5,7939.5
1747750910681.0,7938.2,7939.2
1747750910879.0,7938.5,7939.5
1747750911722.0,7938.7,7939.7
1747750913010.0,7938.5,7939.5
1747750913411,,
1747750913758.0,7938.2,7939.2
1747750914159.0,7938.0,7939.0
1747750914363.0,7937.7,7938.7
1747750914759.0,7937.5,7938.5
1747750914964.0,7937.7,7938.7
1747750916132.0,7937.5,7938.5
1747750917148.0,7937.2,7938.2
1747750917347,,
1747750917609.0,7937.5,7938.5
1747750918008.0,7937.5,7938.5
1747750918411.0,7937.2,7938.2
1747750919552.0,7937.5,7938.5
1747750920091.0,7937.2,7938.2
1747750920489.0,7936.2,7937.2
1747750921318.0,7936.5,7937.5
1747750921738.0,7936.2,7937.2
1747750923699,,
1747750927926.0,7936.5,7937.5
1747750928326.0,7936.2,7937.2
1747750934239.0,7936.0,7937.0
1747750934440.0,7936.2,7937.2
1747750935226.0,7936.5,7937.5
1747750936953.0,7936.5,7937.5
1747750941723.0,7936.7,7937.7
1747750941922,,
1747750944213.0,7937.0,7938.0
1747750945841.0,7936.7,7937.7
1747750946039,,
1747750948106.0,7937.0,7938.0
1747750948306.0,7937.2,7938.2
1747750949105.0,7937.5,7938.5
1747750950219.0,7937.2,7938.2
1747750951015.0,7937.0,7938.0
1747750951615.0,7936.7,7937.7
1747750953418.0,7936.5,7937.5
1747750953614.0,7936.7,7937.7
1747750953817.0,7936.5,7937.5
1747750955239.0,7936.2,7937.2
1747750955458.0,7936.5,7937.5
1747750956380.0,7936.7,7937.7
1747750956588,,
1747750956971.0,7936.5,7937.5
1747750957229.0,7936.7,7937.7
1747750959334.0,7936.5,7937.5
1747750959534.0,7936.7,7937.7
1747750959733.0,7936.5,7937.5
1747750959934.0,7936.7,7937.7
1747750960134.0,7936.5,7937.5
1747750960535.0,7937.0,7938.0
1747750969679.0,7937.2,7938.2
1747750969876.0,7937.5,7938.5
1747750970605.0,7937.2,7938.2
1747750970803.0,7937.5,7938.5
1747750971020.0,7937.7,7938.7
1747750972213.0,7938.0,7939.0
1747750972413.0,7937.7,7938.7
1747750972685.0,7938.0,7939.0
1747750975494.0,7937.7,7938.7
1747750975692,,
1747750976231.0,7937.5,7938.5
1747750976756.0,7937.2,7938.2
1747750978061.0,7937.5,7938.5
1747750979069.0,7937.7,7938.7
1747750983355.0,7937.7,7938.7
1747750983555.0,7937.5,7938.5
1747750984232.0,7937.7,7938.7
1747750984631.0,7937.2,7938.2
1747750985618.0,7937.0,7938.0
1747750985818.0,7937.2,7938.2
1747750986109.0,7937.0,7938.0
1747750986555.0,7936.7,7937.7
1747750986957.0,7936.2,7937.2
1747750987156.0,7936.5,7937.5
1747750987355.0,7936.2,7937.2
1747750988389.0,7936.5,7937.5
1747750988588,,
1747750989347.0,7936.2,7937.2
1747750989547.0,7936.0,7937.0
1747750990928,,
1747750991650.0,7935.7,7936.7
1747750991850.0,7936.0,7937.0
1747750992812.0,7936.2,7937.2
1747750994086.0,7936.5,7937.5
1747750994283.0,7936.7,7937.7
1747750994922.0,7936.5,7937.5
1747750995121.0,7936.2,7937.2
1747750995785.0,7936.5,7937.5
1747750995983.0,7936.2,7937.2
1747751004448.0,7936.0,7937.0
1747751004645,,
1747751004847.0,7936.2,7937.2
1747751007748.0,7936.7,7937.7
1747751014779.0,7937.0,7938.0
1747751014977,,
1747751015856,,
1747751017327.0,7937.0,7938.0
1747751017526.0,7936.7,7937.7
1747751018470.0,7937.0,7938.0
1747751018668.0,7936.7,7937.7
1747751019029.0,7937.0,7938.0
1747751019227.0,7936.7,7937.7
1747751019705.0,7937.0,7938.0
1747751019903.0,7937.2,7938.2
1747751021314.0,7937.0,7938.0
1747751021511.0,7937.2,7938.2
1747751022659.0,7936.7,7937.7
1747751023308.0,7937.0,7938.0
1747751023508.0,7937.2,7938.2
1747751026654.0,7937.0,7938.0
1747751026851.0,7937.2,7938.2
1747751028729.0,7937.5,7938.5
1747751029128.0,7937.2,7938.2
1747751029987.0,7937.5,7938.5
1747751031304.0,7937.2,7938.2
1747751032143.0,7937.0,7938.0
1747751032337.0,7937.2,7938.2
1747751032543.0,7937.0,7938.0
1747751033847.0,7936.7,7937.7
1747751034048.0,7937.0,7938.0
1747751034245.0,7936.5,7937.5
1747751034446.0,7936.7,7937.7
1747751036769.0,7936.5,7937.5
1747751036970.0,7936.7,7937.7
1747751037644.0,7937.0,7938.0
1747751040269.0,7936.7,7937.7
1747751040468,,
1747751041209.0,7936.5,7937.5
1747751041408.0,7936.7,7937.7
1747751041767.0,7937.0,7938.0
1747751041967.0,7936.7,7937.7
1747751042166.0,7937.0,7938.0
1747751042432.0,7937.2,7938.2
1747751042631,,
1747751044387.0,7937.0,7938.0
1747751044786.0,7937.2,7938.2
1747751044994.0,7937.0,7938.0
1747751045194.0,7937.2,7938.2
1747751045480.0,7937.0,7938.0
1747751047669.0,7937.2,7938.2
1747751048069.0,7937.0,7938.0
1747751049889.0,7937.2,7938.2
1747751051014.0,7937.5,7938.5
1747751051211.0,7937.7,7938.7
1747751051415.0,7938.2,7939.2
1747751051790.0,7938.0,7939.0
1747751052190.0,7938.2,7939.2
1747751052387.0,7938.0,7939.0
1747751053745.0,7937.7,7938.7
1747751053942.0,7937.2,7938.2
1747751055150.0,7937.5,7938.5
1747751055550.0,7937.2,7938.2
1747751056041.0,7937.5,7938.5
1747751056239.0,7937.2,7938.2
1747751056983.0,7937.5,7938.5
1747751057178.0,7938.2,7939.2
1747751057378.0,7938.0,7939.0
1747751057823.0,7938.2,7939.2
1747751058047.0,7938.0,7939.0
1747751058417.0,7937.7,7938.7
1747751059485.0,7938.0,7939.0
1747751059885.0,7937.7,7938.7
1747751060305.0,7938.2,7939.2
1747751063430.0,7938.0,7939.0
1747751063627.0,7937.7,7938.7
1747751066298.0,7937.5,7938.5
1747751066701.0,7937.7,7938.7
1747751067268.0,7937.5,7938.5
1747751067669,,
1747751067868.0,7938.0,7939.0
1747751070380.0,7937.7,7938.7
1747751070579,,
1747751071033.0,7938.0,7939.0
1747751074715.0,7937.5,7938.5
1747751075113.0,7937.7,7938.7
1747751075815.0,7937.5,7938.5
1747751076646.0,7937.7,7938.7
1747751076847.0,7937.5,7938.5
1747751079955,,
1747751080157.0,7937.0,7938.0
1747751081656.0,7937.2,7938.2
1747751081853,,
1747751082106.0,7937.0,7938.0
1747751082383.0,7937.2,7938.2
1747751083873.0,7937.0,7938.0
1747751084303.0,7937.2,7938.2
1747751090027.0,7937.0,7938.0
1747751090227.0,7937.2,7938.2
1747751091146.0,7937.0,7938.0
1747751094096.0,7937.2,7938.2
1747751094513.0,7937.0,7938.0
1747751094711.0,7937.2,7938.2
1747751095310.0,7937.2,7938.2
1747751095512.0,7937.0,7938.0
1747751095710.0,7937.2,7938.2
1747751095911.0,7937.0,7938.0
1747751096436.0,7937.2,7938.2
1747751096635.0,7937.0,7938.0
1747751097330.0,7937.2,7938.2
1747751097762.0,7937.0,7938.0
1747751098164.0,7936.7,7937.7
1747751099547.0,7937.0,7938.0
1747751099746.0,7936.7,7937.7
1747751102335.0,7936.5,7937.5
1747751102535.0,7936.2,7937.2
1747751104049.0,7936.0,7937.0
1747751104248.0,7936.2,7937.2
1747751105641.0,7936.0,7937.0
1747751106830.0,7936.2,7937.2
1747751107029.0,7935.7,7936.7
1747751110647.0,7935.5,7936.5
1747751111049.0,7936.2,7937.2
1747751111545.0,7936.5,7937.5
1747751111742.0,7936.7,7937.7
1747751112403.0,7936.5,7937.5
1747751112604.0,7936.7,7937.7
1747751113193.0,7936.7,7937.7
1747751114258.0,7936.5,7937.5
1747751114458.0,7936.2,7937.2
1747751114671.0,7936.0,7937.0
1747751114869.0,7936.2,7937.2
1747751115274.0,7936.0,7937.0
1747751115475.0,7935.7,7936.7
1747751117391.0,7935.5,7936.5
1747751117589.0,7935.7,7936.7
1747751117900.0,7935.5,7936.5
1747751118305.0,7935.7,7936.7
1747751118840.0,7935.5,7936.5
1747751119038.0,7935.7,7936.7
1747751122151.0,7936.0,7937.0
1747751122343.0,7936.5,7937.5
1747751122541,,
1747751124595.0,7936.5,7937.5
1747751125858.0,7936.7,7937.7
1747751126265.0,7936.5,7937.5
1747751126677.0,7936.7,7937.7
1747751126878.0,7936.5,7937.5
1747751127077.0,7936.7,7937.7
1747751129613.0,7936.5,7937.5
1747751129813.0,7936.7,7937.7
1747751130334.0,7936.5,7937.5
1747751131588.0,7936.7,7937.7
1747751133729.0,7937.0,7938.0
1747751133927.0,7937.5,7938.5
1747751134519.0,7937.7,7938.7
1747751134719.0,7938.0,7939.0
1747751136248.0,7937.7,7938.7
1747751137622.0,7938.0,7939.0
1747751137821.0,7937.7,7938.7
1747751138460.0,7938.0,7939.0
1747751138658,,
1747751139472.0,7937.7,7938.7
1747751139671.0,7938.0,7939.0
1747751141120.0,7937.7,7938.7
1747751141319,,
1747751144247.0,7937.5,7938.5
1747751144445.0,7937.7,7938.7
1747751144846.0,7937.5,7938.5
1747751148627.0,7937.7,7938.7
1747751148825,,
1747751149172.0,7937.5,7938.5
1747751149371.0,7937.7,7938.7
1747751149713.0,7937.5,7938.5
1747751149914.0,7937.7,7938.7
1747751154762.0,7937.5,7938.5
1747751154962.0,7937.7,7938.7
1747751158984.0,7938.0,7939.0
1747751159182.0,7937.7,7938.7
1747751159475.0,7938.0,7939.0
1747751159715.0,7937.7,7938.7
1747751162569.0,7937.7,7938.7
1747751164199.0,7937.5,7938.5
1747751166752.0,7937.2,7938.2
1747751166950,,
1747751167423.0,7937.5,7938.5
1747751167622.0,7937.2,7938.2
1747751168081.0,7937.5,7938.5
1747751168688.0,7937.7,7938.7
1747751168885.0,7938.0,7939.0
1747751169085.0,7937.7,7938.7
1747751170164.0,7938.0,7939.0
1747751170629.0,7937.7,7938.7
1747751170826.0,7938.0,7939.0
1747751172775,,
1747751173782.0,7937.7,7938.7
1747751174168.0,7937.5,7938.5
1747751174368.0,7937.7,7938.7
1747751174596.0,7938.0,7939.0
1747751174795.0,7937.7,7938.7
1747751175195.0,7938.0,7939.0
1747751175392.0,7937.7,7938.7
1747751175637.0,7938.0,7939.0
1747751175835.0,7937.7,7938.7
1747751176236.0,7938.0,7939.0
1747751176637.0,7937.7,7938.7
1747751177613.0,7938.0,7939.0
1747751177813,,
1747751178011.0,7938.2,7939.2
1747751179166.0,7938.0,7939.0
1747751179564.0,7938.2,7939.2
1747751179765.0,7938.0,7939.0
1747751180166.0,7938.2,7939.2
1747751181778.0,7938.0,7939.0
1747751181980.0,7937.7,7938.7
1747751182176.0,7938.0,7939.0
1747751182376.0,7937.7,7938.7
1747751182830.0,7937.5,7938.5
1747751183375.0,7937.2,7938.2
1747751183573,,
1747751185197.0,7937.5,7938.5
1747751186311.0,7937.7,7938.7
1747751187917.0,7937.5,7938.5
1747751188117.0,7937.2,7938.2
1747751192461.0,7937.0,7938.0
1747751192657.0,7936.7,7937.7
1747751194806.0,7936.7,7937.7
1747751196392.0,7937.0,7938.0
1747751198563.0,7936.7,7937.7
1747751198760.0,7937.0,7938.0
1747751199676.0,7936.7,7937.7
1747751200376.0,7937.0,7938.0
1747751201299.0,7936.7,7937.7
1747751201498.0,7937.0,7938.0
1747751203976.0,7937.2,7938.2
1747751204175,,
1747751205374.0,7937.2,7938.2
1747751205794.0,7937.0,7938.0
1747751205993.0,7937.2,7938.2
1747751206194.0,7936.7,7937.7
1747751206394.0,7937.0,7938.0
1747751206593.0,7937.2,7938.2
1747751207307.0,7937.0,7938.0
1747751208217.0,7937.2,7938.2
1747751208616.0,7937.0,7938.0
1747751208815.0,7937.7,7938.7
1747751210157.0,7938.0,7939.0
1747751212374,,
1747751212574.0,7938.7,7939.7
1747751214027.0,7938.5,7939.5
1747751215026.0,7938.7,7939.7
1747751215427.0,7938.2,7939.2
1747751215623,,
1747751216226.0,7938.2,7939.2
1747751216427.0,7938.7,7939.7
1747751217027.0,7938.5,7939.5
1747751217225.0,7938.7,7939.7
1747751219429.0,7939.0,7940.0
1747751219622.0,7938.7,7939.7
1747751219823.0,7939.2,7940.2
1747751223941.0,7939.0,7940.0
1747751224518.0,7938.7,7939.7
1747751224714,,
1747751225536.0,7938.5,7939.5
1747751226147.0,7938.2,7939.2
1747751226344,,
1747751226693.0,7938.0,7939.0
1747751226891.0,7937.7,7938.7
1747751228653.0,7937.5,7938.5
1747751229052.0,7937.7,7938.7
1747751229454.0,7937.2,7938.2
1747751230290.0,7936.7,7937.7
1747751231260.0,7936.5,7937.5
1747751231457.0,7936.7,7937.7
1747751234110,,
1747751234309.0,7937.2,7938.2
1747751234711.0,7937.5,7938.5
1747751235418.0,7937.2,7938.2
1747751235617,,
1747751235817.0,7937.5,7938.5
1747751236096.0,7937.2,7938.2
1747751236306,,
1747751238282.0,7937.0,7938.0
1747751238482.0,7937.2,7938.2
1747751239055.0,7937.0,7938.0
1747751239452.0,7937.2,7938.2
1747751243088.0,7937.5,7938.5
1747751243288.0,7937.2,7938.2
1747751245429.0,7937.0,7938.0
1747751245632.0,7936.7,7937.7
1747751248779.0,7937.0,7938.0
1747751248990.0,7937.2,7938.2
1747751249181.0,7937.0,7938.0
1747751249379.0,7937.2,7938.2
1747751253687.0,7937.0,7938.0
1747751253892.0,7937.2,7938.2
1747751257309.0,7937.0,7938.0
1747751257706.0,7937.2,7938.2
1747751260750.0,7937.5,7938.5
1747751261149.0,7937.2,7938.2
1747751267129.0,7937.5,7938.5
1747751267330.0,7937.2,7938.2
1747751269061.0,7937.5,7938.5
1747751269602.0,7937.2,7938.2
1747751269952.0,7937.5,7938.5
1747751274171.0,7937.2,7938.2
1747751274369,,
1747751274977.0,7937.5,7938.5
1747751275177.0,7937.2,7938.2
1747751276151.0,7937.5,7938.5
1747751277030.0,7937.2,7938.2
1747751277227,,
1747751278759.0,7937.5,7938.5
1747751279160.0,7937.2,7938.2
1747751279602.0,7937.5,7938.5
1747751279802.0,7937.2,7938.2
1747751280205.0,7937.7,7938.7
1747751280402.0,7938.2,7939.2
1747751280603.0,7938.0,7939.0
1747751280805.0,7938.2,7939.2
1747751281427.0,7938.0,7939.0
1747751281920.0,7938.2,7939.2
1747751284737.0,7938.0,7939.0
1747751286079.0,7938.2,7939.2
1747751287531.0,7938.5,7939.5
1747751287731.0,7938.2,7939.2
1747751287972.0,7938.5,7939.5
1747751290690.0,7938.2,7939.2
1747751290886,,
1747751292056.0,7938.0,7939.0
1747751292255.0,7937.7,7938.7
1747751292698.0,7937.7,7938.7
1747751294029.0,7937.2,7938.2
1747751295102.0,7937.0,7938.0
1747751295298.0,7937.2,7938.2
1747751295697.0,7937.0,7938.0
1747751295898.0,7937.2,7938.2
1747751296498.0,7937.2,7938.2
1747751296703.0,7937.0,7938.0
1747751296899.0,7936.7,7937.7
1747751297099.0,7937.2,7938.2
1747751302343.0,7937.0,7938.0
1747751302741.0,7936.5,7937.5
1747751302941.0,7936.7,7937.7
1747751303141.0,7936.5,7937.5
1747751303822,,
1747751304024.0,7936.2,7937.2
1747751304350.0,7936.0,7937.0
1747751304554.0,7936.2,7937.2
1747751305034.0,7936.0,7937.0
1747751305231.0,7936.2,7937.2
1747751305705.0,7936.0,7937.0
1747751305905.0,7935.7,7936.7
1747751306279.0,7935.5,7936.5
1747751306679.0,7935.7,7936.7
1747751307616.0,7935.5,7936.5
1747751307818.0,7935.2,7936.2
1747751310271,,
1747751311843.0,7935.0,7936.0
1747751312045.0,7934.7,7935.7
1747751313580.0,7934.5,7935.5
1747751313779.0,7934.7,7935.7
1747751314664.0,7935.0,7936.0
1747751314862.0,7934.7,7935.7
1747751315770.0,7935.0,7936.0
1747751315970.0,7935.2,7936.2
1747751316187.0,7935.5,7936.5
1747751316388.0,7935.7,7936.7
1747751319918.0,7935.5,7936.5
1747751320118.0,7935.7,7936.7
1747751320894.0,7936.0,7937.0
1747751321291.0,7935.7,7936.7
1747751321899.0,7936.0,7937.0
1747751322512.0,7935.7,7936.7
1747751325395.0,7936.0,7937.0
1747751325796.0,7936.2,7937.2
1747751325995.0,7936.7,7937.7
1747751326845.0,7936.5,7937.5
1747751327042,,
1747751327244.0,7936.7,7937.7
1747751332783.0,7937.0,7938.0
1747751334218.0,7936.7,7937.7
1747751334841.0,7937.0,7938.0
1747751337643.0,7937.2,7938.2
1747751337844.0,7937.0,7938.0
1747751339329,,
1747751343170.0,7937.5,7938.5
1747751343369,,
1747751343911.0,7937.2,7938.2
1747751344597.0,7937.5,7938.5
1747751347096.0,7937.7,7938.7
1747751347295.0,7938.0,7939.0
1747751347502.0,7938.2,7939.2
1747751348253.0,7938.0,7939.0
1747751348452.0,7938.2,7939.2
1747751348651.0,7938.0,7939.0
1747751348851.0,7938.2,7939.2
1747751350928.0,7938.0,7939.0
1747751351129.0,7938.2,7939.2
1747751351389.0,7938.5,7939.5
1747751351860.0,7938.2,7939.2
1747751352059,,
1747751358604.0,7938.5,7939.5
1747751358802,,
1747751361977.0,7938.2,7939.2
1747751362173,,
1747751363336.0,7938.5,7939.5
1747751363535.0,7938.2,7939.2
1747751364614.0,7938.5,7939.5
1747751364812.0,7938.2,7939.2
1747751365823.0,7938.5,7939.5
1747751366523.0,7938.2,7939.2
1747751366720,,
1747751367696.0,7938.5,7939.5
1747751367896.0,7938.0,7939.0
1747751368096.0,7937.5,7938.5
1747751368299.0,7937.2,7938.2
1747751368722.0,7937.5,7938.5
1747751368921.0,7937.7,7938.7
1747751370043.0,7938.0,7939.0
1747751370243.0,7937.7,7938.7
1747751371254.0,7938.0,7939.0
1747751371452,,
1747751374693.0,7937.7,7938.7
1747751374893,,
1747751375866.0,7938.0,7939.0
1747751376065.0,7937.7,7938.7
1747751376410.0,7937.5,7938.5
1747751376610.0,7937.7,7938.7
1747751377237.0,7937.7,7938.7
1747751377878,,
1747751378218.0,7938.0,7939.0
1747751380257.0,7937.7,7938.7
1747751380455,,
1747751381430.0,7938.0,7939.0
1747751382140.0,7937.7,7938.7
1747751384074.0,7938.0,7939.0
1747751384275.0,7937.7,7938.7
1747751387119.0,7938.0,7939.0
1747751387318.0,7937.7,7938.7
1747751387720.0,7938.0,7939.0
1747751387916.0,7938.5,7939.5
1747751389233.0,7938.2,7939.2
1747751389432.0,7938.5,7939.5
1747751389631.0,7938.2,7939.2
1747751389830,,
1747751390876.0,7938.5,7939.5
1747751391274,,
1747751392004.0,7938.2,7939.2
1747751392311.0,7938.5,7939.5
1747751393265.0,7938.2,7939.2
1747751393896.0,7938.0,7939.0
1747751394094.0,7938.2,7939.2
1747751395039,,
1747751397805.0,7938.5,7939.5
1747751398222.0,7938.7,7939.7
1747751399955.0,7938.5,7939.5
1747751400155.0,7937.7,7938.7
1747751400354.0,7938.0,7939.0
1747751400562.0,7937.5,7938.5
1747751402234,,
1747751402435.0,7938.0,7939.0
1747751403603.0,7937.7,7938.7
1747751403799.0,7938.0,7939.0
1747751405040.0,7938.2,7939.2
1747751405236,,
1747751405539.0,7938.0,7939.0
1747751405741.0,7938.2,7939.2
1747751406046.0,7938.0,7939.0
1747751406242.0,7937.7,7938.7
1747751406739.0,7937.5,7938.5
1747751408810.0,7937.7,7938.7
1747751409004,,
1747751409241.0,7938.0,7939.0
1747751411085,,
1747751411309,,
1747751415246,,
1747751416810,,
1747751420161.0,7937.7,7938.7
1747751420360.0,7937.5,7938.5
1747751420809.0,7937.2,7938.2
1747751421007,,
1747751421940.0,7937.0,7938.0
1747751426149.0,7936.7,7937.7
1747751426346,,
1747751426633.0,7937.0,7938.0
1747751426835.0,7936.7,7937.7
1747751428382.0,7936.7,7937.7
1747751428863.0,7937.0,7938.0
1747751429562.0,7936.7,7937.7
1747751429961.0,7937.0,7938.0
1747751430419.0,7937.2,7938.2
1747751430636.0,7937.5,7938.5
1747751432566.0,7937.2,7938.2
1747751432765.0,7937.5,7938.5
1747751435419.0,7937.5,7938.5
1747751435975.0,7937.2,7938.2
1747751436176.0,7937.5,7938.5
1747751436746.0,7937.2,7938.2
1747751436945,,
1747751437891.0,7937.0,7938.0
1747751438096.0,7937.2,7938.2
1747751438378.0,7937.5,7938.5
1747751438578.0,7937.2,7938.2
1747751439363.0,7937.5,7938.5
1747751439561.0,7937.2,7938.2
1747751439961.0,7937.5,7938.5
1747751441749.0,7937.7,7938.7
1747751441949,,
1747751444399.0,7937.5,7938.5
1747751444797.0,7937.7,7938.7
1747751445794.0,7938.0,7939.0
1747751445996.0,7937.5,7938.5
1747751446195.0,7937.7,7938.7
1747751447157.0,7937.7,7938.7
1747751448929.0,7938.0,7939.0
1747751449327.0,7938.7,7939.7
1747751450005.0,7938.5,7939.5
1747751450205.0,7938.7,7939.7
1747751450405.0,7938.5,7939.5
1747751450605.0,7938.2,7939.2
1747751451202,,
1747751451496.0,7938.5,7939.5
1747751451697.0,7938.7,7939.7
1747751451896.0,7938.2,7939.2
1747751453918.0,7938.0,7939.0
1747751454492.0,7937.7,7938.7
1747751454691.0,7937.5,7938.5
1747751455073.0,7937.7,7938.7
1747751456061.0,7937.5,7938.5
1747751461543.0,7938.2,7939.2
1747751462072.0,7938.2,7939.2
1747751463990.0,7938.0,7939.0
1747751465175.0,7937.7,7938.7
1747751465369,,
1747751466026.0,7938.0,7939.0
1747751466426.0,7937.7,7938.7
1747751471863.0,7937.5,7938.5
1747751472063.0,7937.2,7938.2
1747751472262,,
1747751472841.0,7937.0,7938.0
1747751473241.0,7937.2,7938.2
1747751473546.0,7937.5,7938.5
1747751473947.0,7937.7,7938.7
1747751475091.0,7938.5,7939.5
1747751475291.0,7938.7,7939.7
1747751477543.0,7938.5,7939.5
1747751477742.0,7938.2,7939.2
1747751478415.0,7938.0,7939.0
1747751479693.0,7938.2,7939.2
1747751479891,,
1747751480492.0,7938.2,7939.2
1747751482630.0,7938.0,7939.0
1747751483227.0,7938.0,7939.0
1747751483775.0,7938.2,7939.2
1747751483974.0,7938.0,7939.0
1747751484174.0,7938.2,7939.2
1747751484415.0,7938.0,7939.0
1747751484613.0,7938.2,7939.2
1747751486448.0,7938.0,7939.0
1747751486648.0,7938.2,7939.2
1747751486902.0,7938.0,7939.0
1747751488173.0,7937.7,7938.7
1747751488370,,
1747751489244.0,7938.0,7939.0
1747751489442.0,7937.7,7938.7
1747751490122.0,7938.0,7939.0
1747751491705.0,7938.2,7939.2
1747751491903,,
1747751494589.0,7938.5,7939.5
1747751494786.0,7938.7,7939.7
1747751496192.0,7939.0,7940.0
1747751496389.0,7939.2,7940.2
1747751496861.0,7939.0,7940.0
1747751498919.0,7939.2,7940.2
1747751499385.0,7939.0,7940.0
1747751500095.0,7939.2,7940.2
1747751503148.0,7939.5,7940.5
1747751503551.0,7940.0,7941.0
1747751505236.0,7939.7,7940.7
1747751505435.0,7940.2,7941.2
1747751506807.0,7940.5,7941.5
1747751507007.0,7940.7,7941.7
1747751508044.0,7941.0,7942.0
1747751508443,,
1747751508942.0,7941.0,7942.0
1747751509140.0,7941.2,7942.2
1747751515693.0,7941.5,7942.5
1747751515891.0,7941.7,7942.7
1747751516355.0,7941.5,7942.5
1747751516842.0,7941.7,7942.7
1747751517042.0,7941.5,7942.5
1747751518382.0,7941.2,7942.2
1747751518565.0,7940.7,7941.7
1747751518965.0,7941.0,7942.0
1747751519527,,
1747751519728.0,7941.2,7942.2
1747751519929.0,7941.5,7942.5
1747751520129.0,7941.2,7942.2
1747751520485.0,7941.0,7942.0
1747751520681.0,7940.7,7941.7
1747751521316.0,7941.0,7942.0
1747751521512.0,7940.7,7941.7
1747751522378.0,7941.0,7942.0
1747751523058.0,7940.7,7941.7
1747751523257,,
1747751523740.0,7941.0,7942.0
1747751523958.0,7940.7,7941.7
1747751526468.0,7940.5,7941.5
1747751526666,,
1747751527631.0,7940.7,7941.7
1747751527843.0,7941.0,7942.0
1747751535563.0,7941.2,7942.2
1747751535762,,
1747751537271.0,7941.5,7942.5
1747751537669.0,7941.0,7942.0
1747751537869.0,7941.2,7942.2
1747751538574.0,7941.0,7942.0
1747751538773.0,7941.2,7942.2
1747751539228.0,7941.0,7942.0
1747751539610,,
1747751539812.0,7940.0,7941.0
1747751540013.0,7940.5,7941.5
1747751540609.0,7940.7,7941.7
1747751542614.0,7940.5,7941.5
1747751542812.0,7940.7,7941.7
1747751543020.0,7940.5,7941.5
1747751543221.0,7940.2,7941.2
1747751543620.0,7940.5,7941.5
1747751544481.0,7940.7,7941.7
1747751544682.0,7941.0,7942.0
1747751545073.0,7940.7,7941.7
1747751545272.0,7941.0,7942.0
1747751545922.0,7940.7,7941.7
1747751546121.0,7941.0,7942.0
1747751546321.0,7940.7,7941.7
1747751547368.0,7940.5,7941.5
1747751547565.0,7940.7,7941.7
1747751548473.0,7940.5,7941.5
1747751548670.0,7940.7,7941.7
1747751549159.0,7940.5,7941.5
1747751549358.0,7940.7,7941.7
1747751549758.0,7940.5,7941.5
1747751549991.0,7940.7,7941.7
1747751550926.0,7941.0,7942.0
1747751551516.0,7941.2,7942.2
1747751551716.0,7941.0,7942.0
1747751552393.0,7941.2,7942.2
1747751552846.0,7941.0,7942.0
1747751553044.0,7940.7,7941.7
1747751553246.0,7941.0,7942.0
1747751553497.0,7940.7,7941.7
1747751554062.0,7940.5,7941.5
1747751554714.0,7940.0,7941.0
1747751554911.0,7940.2,7941.2
1747751555879.0,7940.0,7941.0
1747751556699.0,7940.2,7941.2
1747751556898.0,7940.7,7941.7
1747751557825.0,7940.5,7941.5
1747751558032.0,7940.7,7941.7
1747751558900.0,7940.5,7941.5
1747751559110.0,7940.2,7941.2
1747751560354.0,7940.5,7941.5
1747751561457.0,7940.2,7941.2
1747751561903,,
1747751562103.0,7939.7,7940.7
1747751568118.0,7940.2,7941.2
1747751568797.0,7940.5,7941.5
1747751569611.0,7940.2,7941.2
1747751569809,,
1747751570515.0,7940.0,7941.0
1747751570917.0,7940.2,7941.2
1747751584424.0,7940.0,7941.0
1747751584623.0,7939.7,7940.7
1747751585509.0,7939.5,7940.5
1747751585710.0,7939.7,7940.7
1747751585910.0,7940.0,7941.0
1747751586521.0,7939.7,7940.7
1747751586719,,
1747751587706,,
1747751594459.0,7940.0,7941.0
1747751594656.0,7939.7,7940.7
1747751594863.0,7940.2,7941.2
1747751595343.0,7940.0,7941.0
1747751595542.0,7940.2,7941.2
1747751595742.0,7939.7,7940.7
1747751598345.0,7939.5,7940.5
1747751598544.0,7939.7,7940.7
1747751604229.0,7940.0,7941.0
1747751607410.0,7939.7,7940.7
1747751608529.0,7940.0,7941.0
1747751608727.0,7939.7,7940.7
1747751609532.0,7940.0,7941.0
1747751610441.0,7940.2,7941.2
1747751610638,,
1747751611153.0,7940.0,7941.0
1747751611533.0,7940.2,7941.2
1747751612747.0,7940.0,7941.0
1747751612947.0,7940.2,7941.2
1747751616024.0,7940.5,7941.5
1747751616238.0,7940.2,7941.2
1747751620149.0,7940.5,7941.5
1747751620347.0,7940.2,7941.2
1747751620722.0,7940.5,7941.5
1747751622202.0,7940.2,7941.2
1747751622402,,
1747751623339,,
1747751627396.0,7940.5,7941.5
1747751627595.0,7940.2,7941.2
1747751628095.0,7940.7,7941.7
1747751629335.0,7940.5,7941.5
1747751629532.0,7940.7,7941.7
1747751629731.0,7940.5,7941.5
1747751631567.0,7940.7,7941.7
1747751631985.0,7940.5,7941.5
1747751634612.0,7940.2,7941.2
1747751634810,,
1747751635233.0,7940.0,7941.0
1747751636947.0,7940.2,7941.2
1747751637528.0,7940.0,7941.0
1747751637728.0,7940.2,7941.2
1747751639588.0,7940.0,7941.0
1747751640598.0,7939.7,7940.7
1747751644888.0,7940.0,7941.0
1747751645289.0,7939.7,7940.7
1747751648322.0,7939.5,7940.5
1747751648522.0,7939.7,7940.7
1747751651627.0,7939.5,7940.5
1747751652531.0,7939.2,7940.2
1747751652727,,
1747751652947.0,7939.0,7940.0
1747751653146.0,7939.2,7940.2
1747751653670.0,7939.0,7940.0
1747751653869.0,7939.2,7940.2
1747751655212.0,7939.2,7940.2
1747751657138.0,7939.2,7940.2
1747751658031.0,7939.5,7940.5
1747751658228.0,7939.2,7940.2
1747751666366,,
1747751667343.0,7939.0,7940.0
1747751667542.0,7938.7,7939.7
1747751667741.0,7939.2,7940.2
1747751669597.0,7939.5,7940.5
1747751669796.0,7940.0,7941.0
1747751670098.0,7939.7,7940.7
1747751670644.0,7940.0,7941.0
1747751671642.0,7940.2,7941.2
1747751672165.0,7940.0,7941.0
1747751672365.0,7940.2,7941.2
1747751673036.0,7940.0,7941.0
1747751673741.0,7940.2,7941.2
1747751676741.0,7940.0,7941.0
1747751677285.0,7939.7,7940.7
1747751677484,,
1747751680077.0,7939.5,7940.5
1747751680273.0,7939.2,7940.2
1747751684370.0,7939.0,7940.0
1747751684568.0,7939.2,7940.2
1747751686360.0,7939.5,7940.5
1747751686558.0,7939.2,7940.2
1747751690835.0,7939.5,7940.5
1747751691524,,
1747751691724.0,7939.7,7940.7
1747751694239.0,7940.0,7941.0
1747751694438.0,7940.5,7941.5
1747751694640.0,7940.2,7941.2
1747751695351.0,7940.0,7941.0
1747751695552.0,7940.2,7941.2
1747751696660.0,7940.5,7941.5
1747751696860.0,7940.2,7941.2
1747751698806.0,7940.5,7941.5
1747751699004.0,7940.2,7941.2
1747751700157.0,7940.0,7941.0
1747751700886.0,7940.2,7941.2
1747751703017.0,7940.5,7941.5
1747751703217.0,7940.2,7941.2
1747751703796.0,7940.5,7941.5
1747751705509.0,7940.2,7941.2
1747751706111.0,7940.5,7941.5
1747751707185.0,7940.2,7941.2
1747751707382,,
1747751707603.0,7940.0,7941.0
1747751708370.0,7939.5,7940.5
1747751708569.0,7939.2,7940.2
1747751708771.0,7939.5,7940.5
1747751710050.0,7939.2,7940.2
1747751710809.0,7939.0,7940.0
1747751711009.0,7939.2,7940.2
1747751714993.0,7939.0,7940.0
1747751715431.0,7939.2,7940.2
1747751719568.0,7939.0,7940.0
1747751719966.0,7939.2,7940.2
1747751721714.0,7939.0,7940.0
1747751721913.0,7938.7,7939.7
1747751722113.0,7939.0,7940.0
1747751722516.0,7939.2,7940.2
1747751722712,,
1747751724134.0,7939.2,7940.2
1747751725390.0,7939.5,7940.5
1747751725591.0,7940.2,7941.2
1747751730047.0,7940.0,7941.0
1747751730245.0,7939.5,7940.5
1747751733438,,
1747751733986,,
1747751739516.0,7939.7,7940.7
1747751739713.0,7940.0,7941.0
1747751740148.0,7940.2,7941.2
1747751740362.0,7940.0,7941.0
1747751740545.0,7939.7,7940.7
1747751741393.0,7940.0,7941.0
1747751741792.0,7939.7,7940.7
1747751742475.0,7939.5,7940.5
1747751750305.0,7939.7,7940.7
1747751750503,,
1747751751070.0,7939.5,7940.5
1747751755808.0,7939.2,7940.2
1747751756009,,
1747751756333.0,7939.5,7940.5
1747751756531.0,7939.2,7940.2
1747751756731.0,7939.5,7940.5
1747751757215.0,7939.2,7940.2
1747751759323.0,7939.5,7940.5
1747751759522.0,7939.2,7940.2
1747751762257.0,7939.0,7940.0
1747751762456.0,7938.2,7939.2
1747751764971.0,7938.5,7939.5
1747751765172.0,7938.7,7939.7
1747751768128.0,7939.0,7940.0
1747751769462,,
1747751770249.0,7939.2,7940.2
1747751770449.0,7939.5,7940.5
1747751773025.0,7939.7,7940.7
1747751773223,,
1747751773425.0,7940.0,7941.0
1747751773624.0,7940.2,7941.2
1747751774592.0,7940.0,7941.0
1747751774792.0,7939.7,7940.7
1747751775198.0,7939.5,7940.5
1747751775593.0,7939.2,7940.2
1747751777148.0,7939.5,7940.5
1747751779223.0,7939.5,7940.5
1747751779640.0,7939.2,7940.2
1747751779839,,
1747751780190.0,7939.5,7940.5
1747751780654.0,7939.2,7940.2
1747751783354.0,7939.5,7940.5
1747751783640.0,7939.2,7940.2
1747751784380.0,7939.5,7940.5
1747751784579.0,7939.2,7940.2
1747751784912.0,7939.5,7940.5
1747751785313.0,7939.7,7940.7
1747751786508.0,7939.5,7940.5
1747751786708,,
1747751788213,,
1747751788313.0,7939.2,7940.2
1747751788710.0,7938.7,7939.7
1747751788918,,
1747751789605.0,7939.0,7940.0
1747751790345,,
1747751790544.0,7939.2,7940.2
1747751792252.0,7938.7,7939.7
1747751799834.0,7938.5,7939.5
1747751800298.0,7938.2,7939.2
1747751800697,,
1747751801220.0,7938.5,7939.5
1747751801422.0,7938.2,7939.2
1747751807895.0,7938.0,7939.0
1747751808096.0,7937.7,7938.7
1747751810929.0,7937.5,7938.5
1747751811146,,
1747751812064.0,7937.7,7938.7
1747751812264.0,7938.0,7939.0
1747751812504.0,7937.7,7938.7
1747751812702.0,7938.0,7939.0
1747751813075.0,7937.7,7938.7
1747751813475.0,7938.0,7939.0
1747751814061.0,7937.7,7938.7
1747751814626.0,7938.0,7939.0
1747751818548,,
1747751825357,,
1747751832871.0,7938.2,7939.2
1747751833070,,
1747751833471.0,7938.7,7939.7
1747751836172,,
1747751839229.0,7938.5,7939.5
1747751841155.0,7938.2,7939.2
1747751841353,,
1747751842260.0,7938.5,7939.5
1747751842459.0,7938.2,7939.2
1747751842867.0,7938.5,7939.5
1747751843067.0,7938.2,7939.2
1747751843582.0,7938.5,7939.5
1747751843783.0,7938.2,7939.2
1747751845107.0,7938.5,7939.5
1747751845306.0,7938.2,7939.2
1747751850051.0,7938.0,7939.0
1747751850248.0,7938.2,7939.2
1747751855652.0,7938.0,7939.0
1747751857859.0,7938.2,7939.2
1747751858057,,
1747751859833,,
1747751860031,,
1747751860404.0,7938.0,7939.0
1747751860603.0,7938.2,7939.2
1747751861219.0,7938.0,7939.0
1747751862721.0,7938.2,7939.2
1747751865220.0,7938.0,7939.0
1747751865419.0,7938.2,7939.2
1747751865759.0,7938.0,7939.0
1747751866392.0,7937.7,7938.7
1747751866589,,
1747751866873.0,7937.5,7938.5
1747751867072.0,7937.7,7938.7
1747751867272.0,7937.5,7938.5
1747751867473.0,7937.2,7938.2
1747751871692.0,7937.5,7938.5
1747751874443.0,7937.7,7938.7
1747751874635,,
1747751875582.0,7938.0,7939.0
1747751875780.0,7937.7,7938.7
1747751876063.0,7938.0,7939.0
1747751876264.0,7938.2,7939.2
1747751876464.0,7938.7,7939.7
1747751876681.0,7938.2,7939.2
1747751876938.0,7938.0,7939.0
1747751877344.0,7937.2,7938.2
1747751878273.0,7937.5,7938.5
1747751878472.0,7937.7,7938.7
1747751882483.0,7937.5,7938.5
1747751882680.0,7937.2,7938.2
1747751888802.0,7937.5,7938.5
1747751888999.0,7937.2,7938.2
1747751890117.0,7937.5,7938.5
1747751893215.0,7937.7,7938.7
1747751893413.0,7938.5,7939.5
1747751893752.0,7938.2,7939.2
1747751894152.0,7938.0,7939.0
1747751894351.0,7937.7,7938.7
1747751894550.0,7938.2,7939.2
1747751895239.0,7938.5,7939.5
1747751895439.0,7938.2,7939.2
1747751896702.0,7938.5,7939.5
1747751896899.0,7938.2,7939.2
1747751898449.0,7938.5,7939.5
1747751898647.0,7938.2,7939.2
1747751900853.0,7938.5,7939.5
1747751903370.0,7938.7,7939.7
1747751903567,,
1747751905984.0,7939.0,7940.0
1747751908759.0,7939.2,7940.2
1747751908955,,
1747751910247.0,7939.5,7940.5
1747751910448.0,7939.7,7940.7
1747751912214.0,7940.0,7941.0
1747751912410.0,7940.2,7941.2
1747751912813.0,7940.0,7941.0
1747751913428.0,7940.2,7941.2
1747751913627.0,7939.7,7940.7
1747751913825.0,7940.0,7941.0
1747751914120.0,7940.2,7941.2
1747751915603.0,7940.5,7941.5
1747751915803.0,7940.2,7941.2
1747751916003.0,7940.5,7941.5
1747751916204.0,7940.7,7941.7
1747751916713.0,7940.5,7941.5
1747751917936.0,7940.2,7941.2
1747751918577.0,7940.5,7941.5
1747751918779.0,7940.2,7941.2
1747751919002.0,7940.5,7941.5
1747751919202.0,7940.2,7941.2
1747751921066.0,7940.0,7941.0
1747751921914.0,7939.7,7940.7
1747751922114,,
1747751925529.0,7939.5,7940.5
1747751925729.0,7939.2,7940.2
1747751926092.0,7939.5,7940.5
1747751926299.0,7939.2,7940.2
1747751930850.0,7939.5,7940.5
1747751931048.0,7939.2,7940.2
1747751934187.0,7939.5,7940.5
1747751934386.0,7939.7,7940.7
1747751934875.0,7939.5,7940.5
1747751935467.0,7939.7,7940.7
1747751936076.0,7939.7,7940.7
1747751937764.0,7939.5,7940.5
1747751939244,,
1747751939443.0,7939.5,7940.5
1747751940041.0,7939.2,7940.2
1747751940241,,
1747751942983.0,7939.5,7940.5
1747751943183.0,7939.7,7940.7
1747751943583.0,7940.2,7941.2
1747751944702.0,7940.5,7941.5
1747751944902.0,7941.2,7942.2
1747751946745.0,7941.0,7942.0
1747751947145.0,7941.2,7942.2
1747751949736.0,7941.0,7942.0
1747751950521.0,7940.7,7941.7
1747751950726,,
1747751952550.0,7940.7,7941.7
1747751957883.0,7941.0,7942.0
1747751958082.0,7941.2,7942.2
1747751960136.0,7941.5,7942.5
1747751960347.0,7942.2,7943.2
1747751961141.0,7942.5,7943.5
1747751961344.0,7942.0,7943.0
1747751962546.0,7942.2,7943.2
1747751962744,,
1747751963404.0,7942.5,7943.5
1747751963603.0,7942.2,7943.2
1747751964725.0,7942.0,7943.0
1747751964924.0,7942.2,7943.2
1747751965137,,
1747751965336.0,7941.7,7942.7
1747751967226,,
1747751969565.0,7942.0,7943.0
1747751969762.0,7941.7,7942.7
1747751970194.0,7942.0,7943.0
1747751970393.0,7941.7,7942.7
1747751970594,,
1747751971142.0,7942.0,7943.0
1747751971351.0,7942.2,7943.2
1747751971561.0,7942.0,7943.0
1747751971762.0,7941.7,7942.7
1747751972639.0,7941.5,7942.5
1747751972838.0,7941.7,7942.7
1747751973039.0,7941.2,7942.2
1747751974511.0,7941.0,7942.0
1747751974710.0,7941.2,7942.2
1747751975802.0,7941.5,7942.5
1747751975999.0,7942.2,7943.2
1747751976334.0,7942.0,7943.0
1747751977372.0,7941.7,7942.7
1747751977571,,
1747751978064.0,7941.5,7942.5
1747751978262.0,7942.0,7943.0
1747751978463.0,7941.7,7942.7
1747751979228.0,7942.0,7943.0
1747751979626.0,7941.7,7942.7
1747751979827.0,7942.0,7943.0
1747751985578.0,7942.2,7943.2
1747751985780.0,7942.5,7943.5
1747751985978.0,7942.2,7943.2
1747751988239.0,7942.5,7943.5
1747751988637.0,7942.2,7943.2
1747751990180.0,7942.5,7943.5
1747751990792.0,7942.5,7943.5
1747751990991.0,7942.2,7943.2
1747751992344.0,7942.5,7943.5
1747751992543.0,7942.2,7943.2
1747751996055.0,7942.5,7943.5
1747752000014.0,7942.4,7943.4
1747752000953.0,7942.1,7943.1
1747752001152,,
1747752003055.0,7942.4,7943.4
1747752003656.0,7942.1,7943.1
1747752004239.0,7942.4,7943.4
1747752004438.0,7942.6,7943.6
1747752006111.0,7942.4,7943.4
1747752006308.0,7942.6,7943.6
1747752008123.0,7942.4,7943.4
1747752008321.0,7942.1,7943.1
1747752008681.0,7942.4,7943.4
1747752009696.0,7942.1,7943.1
1747752009892.0,7942.4,7943.4
1747752010292.0,7942.4,7943.4
1747752011092.0,7942.1,7943.1
1747752011520.0,7942.4,7943.4
1747752012203.0,7942.1,7943.1
1747752015492.0,7942.4,7943.4
1747752015691.0,7942.1,7943.1
1747752018307.0,7942.4,7943.4
1747752021877.0,7942.1,7943.1
1747752022075,,
1747752023358.0,7942.4,7943.4
1747752023957.0,7942.1,7943.1
1747752025576.0,7941.9,7942.9
1747752025983.0,7941.9,7942.9
1747752026183.0,7941.6,7942.6
1747752026605.0,7941.9,7942.9
1747752026802.0,7941.6,7942.6
1747752027258.0,7941.9,7942.9
1747752027458.0,7941.6,7942.6
1747752032951.0,7941.4,7942.4
1747752033351.0,7941.6,7942.6
1747752037487.0,7941.9,7942.9
1747752038424.0,7941.6,7942.6
1747752038876.0,7941.9,7942.9
1747752039076.0,7941.6,7942.6
1747752040373.0,7941.9,7942.9
1747752040576.0,7943.4,7944.4
1747752040774.0,7943.1,7944.1
1747752041304.0,7943.4,7944.4
1747752041503.0,7943.1,7944.1
1747752044532.0,7943.4,7944.4
1747752044730.0,7943.1,7944.1
1747752050091.0,7942.9,7943.9
1747752050285.0,7942.6,7943.6
1747752057891,,
1747752058538,,
1747752069525.0,7942.4,7943.4
1747752071229,,
1747752071428.0,7942.6,7943.6
1747752071627.0,7942.4,7943.4
1747752071941.0,7942.6,7943.6
1747752074058.0,7942.4,7943.4
1747752074459.0,7942.1,7943.1
1747752074657.0,7941.9,7942.9
1747752074858.0,7942.1,7943.1
1747752075268.0,7941.9,7942.9
1747752075469.0,7942.1,7943.1
1747752080154.0,7942.4,7943.4
1747752085181.0,7942.6,7943.6
1747752085379,,
1747752085690.0,7942.9,7943.9
1747752085890.0,7942.6,7943.6
1747752086620.0,7942.4,7943.4
1747752087442.0,7942.6,7943.6
1747752087639.0,7942.4,7943.4
1747752088104,,
1747752096865.0,7941.9,7942.9
1747752097554.0,7942.1,7943.1
1747752097751,,
1747752103468.0,7942.4,7943.4
1747752103669.0,7942.1,7943.1
1747752112283.0,7941.6,7942.6
1747752114619.0,7941.4,7942.4
1747752115080.0,7941.6,7942.6
1747752118809.0,7941.9,7942.9
1747752119031.0,7941.6,7942.6
1747752123502.0,7941.4,7942.4
1747752123702.0,7941.1,7942.1
1747752134769.0,7941.4,7942.4
1747752134967,,
1747752137492.0,7941.6,7942.6
1747752137684,,
1747752138339.0,7941.9,7942.9
1747752138538.0,7941.6,7942.6
1747752138991.0,7941.9,7942.9
1747752139192.0,7942.1,7943.1
1747752140768.0,7942.4,7943.4
1747752140980.0,7942.6,7943.6
1747752141232.0,7942.9,7943.9
1747752141432.0,7943.1,7944.1
1747752141631.0,7942.9,7943.9
1747752141831.0,7943.1,7944.1
1747752143611.0,7942.9,7943.9
1747752143809.0,7943.1,7944.1
1747752144188.0,7942.9,7943.9
1747752144388.0,7942.6,7943.6
1747752145388.0,7942.4,7943.4
1747752145589.0,7942.1,7943.1
1747752146406.0,7942.4,7943.4
1747752146607.0,7942.1,7943.1
1747752146805.0,7942.6,7943.6
1747752149479.0,7942.4,7943.4
1747752149678.0,7942.1,7943.1
1747752150018.0,7942.4,7943.4
1747752150217.0,7942.1,7943.1
1747752150596,,
1747752150847.0,7941.6,7942.6
1747752153123.0,7941.9,7942.9
1747752153319.0,7942.1,7943.1
1747752159309.0,7942.4,7943.4
1747752159502.0,7942.1,7943.1
1747752161336.0,7942.4,7943.4
1747752161750.0,7942.1,7943.1
1747752162872.0,7942.4,7943.4
1747752163068.0,7942.1,7943.1
1747752166493.0,7942.4,7943.4
1747752169127.0,7942.6,7943.6
1747752169328.0,7942.9,7943.9
1747752169526.0,7943.1,7944.1
1747752170185.0,7942.9,7943.9
1747752170384.0,7942.6,7943.6
1747752173669.0,7942.4,7943.4
1747752174068.0,7942.1,7943.1
1747752174660.0,7942.4,7943.4
1747752174861.0,7942.6,7943.6
1747752175062.0,7942.9,7943.9
1747752175260.0,7943.1,7944.1
1747752175894.0,7943.4,7944.4
1747752176112.0,7943.6,7944.6
1747752180100.0,7943.4,7944.4
1747752180313.0,7943.1,7944.1
1747752183486.0,7942.9,7943.9
1747752183684.0,7942.6,7943.6
1747752184253.0,7942.9,7943.9
1747752184452.0,7943.1,7944.1
1747752188224.0,7943.4,7944.4
1747752188422.0,7943.6,7944.6
1747752188925.0,7943.4,7944.4
1747752189135.0,7943.1,7944.1
1747752192544.0,7943.4,7944.4
1747752192743.0,7943.1,7944.1
1747752200157.0,7943.4,7944.4
1747752200355.0,7943.1,7944.1
1747752202692.0,7942.9,7943.9
1747752202903.0,7943.1,7944.1
1747752203588.0,7942.9,7943.9
1747752203787.0,7942.4,7943.4
1747752204349.0,7942.1,7943.1
1747752207446.0,7942.4,7943.4
1747752207645,,
1747752208643.0,7942.6,7943.6
1747752208841,,
1747752211953.0,7942.4,7943.4
1747752212153.0,7942.1,7943.1
1747752214112.0,7942.4,7943.4
1747752222137.0,7942.6,7943.6
1747752222336,,
1747752223397.0,7942.9,7943.9
1747752223595.0,7942.6,7943.6
1747752231045.0,7942.4,7943.4
1747752231244.0,7942.1,7943.1
1747752233220.0,7941.9,7942.9
1747752233892.0,7942.1,7943.1
1747752235764.0,7941.9,7942.9
1747752236101.0,7942.1,7943.1
1747752236296.0,7941.9,7942.9
1747752239180.0,7942.1,7943.1
1747752239378,,
1747752241502.0,7942.4,7943.4
1747752241698.0,7942.1,7943.1
1747752242676.0,7942.4,7943.4
1747752242875,,
1747752243075.0,7941.9,7942.9
1747752244127.0,7942.1,7943.1
1747752245043.0,7942.4,7943.4
1747752245243.0,7942.1,7943.1
1747752246219.0,7942.4,7943.4
1747752246416.0,7942.1,7943.1
1747752246951.0,7942.4,7943.4
1747752247151.0,7942.6,7943.6
1747752247418.0,7942.9,7943.9
1747752247618.0,7943.1,7944.1
1747752250593.0,7943.4,7944.4
1747752250792.0,7943.1,7944.1
1747752251857.0,7943.4,7944.4
1747752252056.0,7943.1,7944.1
1747752253084.0,7943.4,7944.4
1747752253509.0,7943.1,7944.1
1747752253707.0,7942.9,7943.9
1747752254679.0,7943.1,7944.1
1747752254876,,
1747752255854.0,7943.4,7944.4
1747752256053.0,7943.1,7944.1
1747752257027.0,7943.4,7944.4
1747752257226.0,7943.1,7944.1
1747752257485.0,7942.9,7943.9
1747752257685.0,7941.6,7942.6
1747752258026.0,7941.4,7942.4
1747752258914.0,7941.1,7942.1
1747752259112,,
1747752260085.0,7941.4,7942.4
1747752260284.0,7941.1,7942.1
1747752261259.0,7941.4,7942.4
1747752261457.0,7941.1,7942.1
1747752262434.0,7941.4,7942.4
1747752263548.0,7941.1,7942.1
1747752263748.0,7941.6,7942.6
1747752264719.0,7941.9,7942.9
1747752265425,,
1747752268131.0,7942.1,7943.1
1747752269233.0,7942.4,7943.4
1747752270065.0,7942.1,7943.1
1747752270264.0,7942.4,7943.4
1747752271237.0,7942.6,7943.6
1747752271433,,
1747752272326.0,7942.4,7943.4
1747752272526.0,7942.1,7943.1
1747752280096.0,7942.4,7943.4
1747752280296.0,7942.9,7943.9
1747752281063.0,7943.1,7944.1
1747752282497.0,7942.9,7943.9
1747752283422.0,7943.1,7944.1
1747752284514.0,7942.9,7943.9
1747752285165,,
1747752285265.0,7942.6,7943.6
1747752285438.0,7942.4,7943.4
1747752285639.0,7942.1,7943.1
1747752287653.0,7942.4,7943.4
1747752287854.0,7942.1,7943.1
1747752300049.0,7941.9,7942.9
1747752300662.0,7942.1,7943.1
1747752305722.0,7942.4,7943.4
1747752305920.0,7942.6,7943.6
1747752310210.0,7942.4,7943.4
1747752310408.0,7942.1,7943.1
1747752311264.0,7941.9,7942.9
1747752311464.0,7942.1,7943.1
1747752311663.0,7941.9,7942.9
1747752312298,,
1747752312503.0,7941.1,7942.1
1747752312698,,
1747752313098.0,7941.6,7942.6
1747752313637.0,7941.4,7942.4
1747752314106.0,7941.6,7942.6
1747752314505.0,7941.4,7942.4
1747752314708.0,7941.1,7942.1
1747752315117.0,7941.4,7942.4
1747752315312.0,7941.6,7942.6
1747752322527.0,7941.4,7942.4
1747752322727.0,7941.1,7942.1
1747752323124.0,7941.4,7942.4
1747752323561.0,7941.6,7942.6
1747752327565.0,7941.4,7942.4
1747752327764.0,7941.1,7942.1
1747752329527.0,7940.9,7941.9
1747752329727.0,7941.1,7942.1
1747752329971.0,7940.9,7941.9
1747752330172.0,7941.1,7942.1
1747752334390.0,7940.9,7941.9
1747752334587.0,7941.1,7942.1
1747752336571.0,7941.4,7942.4
1747752336768.0,7941.6,7942.6
1747752341630,,
1747752347218.0,7942.4,7943.4
1747752347417.0,7942.6,7943.6
1747752350462.0,7942.9,7943.9
1747752350659,,
1747752351238.0,7943.1,7944.1
1747752351639.0,7942.9,7943.9
1747752353435.0,7943.1,7944.1
1747752353633,,
1747752354403.0,7942.9,7943.9
1747752354604.0,7942.6,7943.6
1747752354818.0,7942.9,7943.9
1747752355002.0,7943.1,7944.1
1747752355203.0,7942.9,7943.9
1747752356720.0,7942.6,7943.6
1747752356916,,
1747752358652.0,7942.4,7943.4
1747752358850.0,7942.6,7943.6
1747752361304.0,7942.9,7943.9
1747752361699.0,7942.6,7943.6
1747752364377.0,7942.4,7943.4
1747752364574.0,7942.6,7943.6
1747752365388.0,7942.9,7943.9
1747752365588.0,7942.6,7943.6
1747752367589.0,7942.6,7943.6
1747752369489.0,7942.4,7943.4
1747752369687.0,7942.1,7943.1
1747752370464.0,7942.4,7943.4
1747752370664.0,7942.6,7943.6
1747752372467.0,7942.4,7943.4
1747752372665.0,7942.6,7943.6
1747752374425.0,7942.4,7943.4
1747752374624.0,7942.1,7943.1
1747752375887.0,7942.4,7943.4
1747752376084.0,7942.6,7943.6
1747752376285.0,7942.1,7943.1
1747752377227.0,7942.4,7943.4
1747752377627.0,7942.1,7943.1
1747752379448.0,7942.4,7943.4
1747752379647.0,7942.1,7943.1
1747752381334.0,7941.9,7942.9
1747752381532.0,7942.1,7943.1
1747752382553.0,7941.9,7942.9
1747752382751.0,7941.6,7942.6
1747752387168.0,7941.4,7942.4
1747752387567.0,7941.6,7942.6
1747752395354,,
1747752398488.0,7941.4,7942.4
1747752398945.0,7941.1,7942.1
1747752399144,,
1747752401092.0,7940.9,7941.9
1747752401291,,
1747752402509,,
1747752403147,,
1747752406915.0,7940.6,7941.6
1747752407114,,
1747752409897.0,7940.9,7941.9
1747752410094.0,7941.1,7942.1
1747752411048.0,7940.9,7941.9
1747752411245.0,7940.6,7941.6
1747752419084.0,7940.9,7941.9
1747752419283.0,7941.1,7942.1
1747752422860.0,7940.9,7941.9
1747752423061.0,7940.6,7941.6
1747752423415.0,7940.4,7941.4
1747752423816.0,7940.6,7941.6
1747752424215.0,7940.4,7941.4
1747752424416,,
1747752424816.0,7939.9,7940.9
1747752425017.0,7940.1,7941.1
1747752425469.0,7939.9,7940.9
1747752425666,,
1747752428493.0,7940.1,7941.1
1747752428692,,
1747752433670.0,7939.9,7940.9
1747752437529.0,7939.6,7940.6
1747752437726,,
1747752450438.0,7939.9,7940.9
1747752450831.0,7940.1,7941.1
1747752454168.0,7939.9,7940.9
1747752454364.0,7939.6,7940.6
1747752457926.0,7939.4,7940.4
1747752458123.0,7939.6,7940.6
1747752461329.0,7939.4,7940.4
1747752461525.0,7939.6,7940.6
1747752461929.0,7939.4,7940.4
1747752463299.0,7939.6,7940.6
1747752463495,,
1747752469962.0,7939.9,7940.9
1747752470162.0,7939.6,7940.6
1747752470362.0,7939.9,7940.9
1747752470562.0,7939.6,7940.6
1747752472736.0,7939.9,7940.9
1747752472933.0,7939.6,7940.6
1747752474681.0,7939.9,7940.9
1747752476171.0,7939.6,7940.6
1747752476828.0,7939.4,7940.4
1747752477030.0,7939.6,7940.6
1747752479032.0,7939.9,7940.9
1747752479231.0,7939.6,7940.6
1747752481229.0,7939.9,7940.9
1747752482312.0,7939.6,7940.6
1747752485735.0,7939.9,7940.9
1747752485933.0,7939.6,7940.6
1747752488312.0,7939.9,7940.9
1747752490816,,
1747752491262,,
1747752492232.0,7940.1,7941.1
1747752492428,,
1747752492912.0,7940.1,7941.1
1747752504231.0,7940.4,7941.4
1747752504429.0,7941.1,7942.1
1747752512115.0,7941.4,7942.4
1747752512314.0,7941.1,7942.1
1747752517113,,
1747752517312.0,7940.9,7941.9
1747752517850,,
1747752519027.0,7941.1,7942.1
1747752519223,,
1747752522003.0,7941.4,7942.4
1747752522213.0,7941.1,7942.1
1747752523566.0,7941.4,7942.4
1747752523965.0,7941.6,7942.6
1747752525728.0,7941.4,7942.4
1747752525927.0,7941.1,7942.1
1747752529547.0,7940.9,7941.9
1747752529745.0,7941.1,7942.1
1747752530497.0,7941.1,7942.1
1747752530698.0,7940.6,7941.6
1747752531746.0,7940.9,7941.9
1747752531943,,
1747752532144.0,7940.4,7941.4
1747752533029.0,7940.6,7941.6
1747752535305.0,7940.9,7941.9
1747752535506.0,7941.1,7942.1
1747752536503.0,7940.9,7941.9
1747752536702.0,7941.1,7942.1
1747752539685.0,7940.9,7941.9
1747752539883.0,7941.1,7942.1
1747752541953.0,7940.9,7941.9
1747752542353.0,7941.1,7942.1
1747752542874.0,7940.9,7941.9
1747752543074.0,7940.6,7941.6
1747752545640.0,7940.4,7941.4
1747752545837.0,7940.6,7941.6
1747752546039.0,7940.1,7941.1
1747752546276.0,7939.9,7940.9
1747752550513.0,7940.1,7941.1
1747752550709.0,7940.6,7941.6
1747752550908.0,7940.1,7941.1
1747752555411.0,7940.1,7941.1
1747752561782.0,7939.9,7940.9
1747752561979.0,7940.1,7941.1
1747752565006.0,7939.9,7940.9
1747752565205.0,7940.1,7941.1
1747752567850.0,7939.9,7940.9
1747752577273.0,7940.1,7941.1
1747752577513.0,7940.4,7941.4
1747752578784.0,7940.6,7941.6
1747752580218.0,7940.4,7941.4
1747752581766.0,7940.1,7941.1
1747752581962,,
1747752582838.0,7939.9,7940.9
1747752583038.0,7940.1,7941.1
1747752583237.0,7939.9,7940.9
1747752584074.0,7940.1,7941.1
1747752584935.0,7939.9,7940.9
1747752585133.0,7939.6,7940.6
1747752585826.0,7939.9,7940.9
1747752586025.0,7939.6,7940.6
1747752586223.0,7940.1,7941.1
1747752589137.0,7939.9,7940.9
1747752589535.0,7940.1,7941.1
1747752590283.0,7939.9,7940.9
1747752590683.0,7940.1,7941.1
1747752591947.0,7940.4,7941.4
1747752592344.0,7940.6,7941.6
1747752600017.0,7940.9,7941.9
1747752600114.0,7940.7,7941.7
1747752600295.0,7940.9,7941.9
1747752600642.0,7940.7,7941.7
1747752600841.0,7940.9,7941.9
1747752602482.0,7941.2,7942.2
1747752602680.0,7940.9,7941.9
1747752604030.0,7940.7,7941.7
1747752604230.0,7940.9,7941.9
1747752606108.0,7940.7,7941.7
1747752606690.0,7940.4,7941.4
1747752606889,,
1747752607089.0,7939.9,7940.9
1747752607290.0,7939.7,7940.7
1747752607490.0,7939.4,7940.4
1747752608688.0,7939.2,7940.2
1747752608886.0,7939.4,7940.4
1747752609733.0,7939.2,7940.2
1747752609932.0,7938.9,7939.9
1747752610318.0,7939.2,7940.2
1747752610719.0,7938.9,7939.9
1747752610916.0,7939.2,7940.2
1747752611119.0,7938.9,7939.9
1747752612914.0,7938.7,7939.7
1747752613113.0,7937.9,7938.9
1747752613317.0,7937.7,7938.7
1747752613518.0,7937.9,7938.9
1747752613717.0,7937.7,7938.7
1747752614034.0,7937.9,7938.9
1747752614234.0,7938.4,7939.4
1747752615984.0,7938.2,7939.2
1747752616184.0,7937.9,7938.9
1747752616712.0,7938.2,7939.2
1747752618155.0,7938.4,7939.4
1747752618354,,
1747752619085.0,7938.7,7939.7
1747752620715.0,7938.9,7939.9
1747752620914,,
1747752621261.0,7938.7,7939.7
1747752621934.0,7938.4,7939.4
1747752622333.0,7938.7,7939.7
1747752624057.0,7938.4,7939.4
1747752624256.0,7938.7,7939.7
1747752624875.0,7938.4,7939.4
1747752625074.0,7938.7,7939.7
1747752630670.0,7938.9,7939.9
1747752630869,,
1747752634414.0,7938.7,7939.7
1747752634611.0,7938.9,7939.9
1747752637130.0,7939.2,7940.2
1747752637328.0,7939.4,7940.4
1747752639066.0,7939.2,7940.2
1747752639670.0,7939.4,7940.4
1747752640267.0,7939.2,7940.2
1747752640468.0,7939.4,7940.4
1747752640667.0,7939.2,7940.2
1747752640868.0,7939.4,7940.4
1747752641643,,
1747752641841.0,7939.7,7940.7
1747752645576.0,7939.4,7940.4
1747752645775,,
1747752648129.0,7939.2,7940.2
1747752648327.0,7938.9,7939.9
1747752648906.0,7939.2,7940.2
1747752649627.0,7939.4,7940.4
1747752650027.0,7939.2,7940.2
1747752650225.0,7939.4,7940.4
1747752650750.0,7939.2,7940.2
1747752651149.0,7939.4,7940.4
1747752655275.0,7939.7,7940.7
1747752655473.0,7939.4,7940.4
1747752663094.0,7939.7,7940.7
1747752663492.0,7939.4,7940.4
1747752667901.0,7939.7,7940.7
1747752668098.0,7939.4,7940.4
1747752669057.0,7939.7,7940.7
1747752669255.0,7939.9,7940.9
1747752670315.0,7940.2,7941.2
1747752670515.0,7940.4,7941.4
1747752670743.0,7940.2,7941.2
1747752671311.0,7939.9,7940.9
1747752671508.0,7940.2,7941.2
1747752671906.0,7939.9,7940.9
1747752672104,,
1747752674548.0,7939.7,7940.7
1747752674745.0,7939.9,7940.9
1747752678358.0,7939.7,7940.7
1747752678558.0,7939.4,7940.4
1747752680902.0,7939.7,7940.7
1747752681451,,
1747752683967.0,7939.4,7940.4
1747752684168,,
1747752686265.0,7939.4,7940.4
1747752687507.0,7939.2,7940.2
1747752687707.0,7939.4,7940.4
1747752687908.0,7938.9,7939.9
1747752692445.0,7938.7,7939.7
1747752692648.0,7938.9,7939.9
1747752694853.0,7938.7,7939.7
1747752695054,,
1747752696058,,
1747752696889.0,7938.9,7939.9
1747752697088.0,7939.2,7940.2
1747752703308.0,7938.9,7939.9
1747752703738.0,7939.2,7940.2
1747752703937.0,7938.9,7939.9
1747752708559.0,7939.2,7940.2
1747752711417.0,7939.4,7940.4
1747752711622,,
1747752712682.0,7939.7,7940.7
1747752717279.0,7939.4,7940.4
1747752717476,,
1747752719131.0,7939.2,7940.2
1747752721262.0,7939.4,7940.4
1747752723013.0,7939.2,7940.2
1747752723212.0,7939.4,7940.4
1747752724050.0,7939.2,7940.2
1747752731152,,
1747752731348,,
1747752734742,,
1747752735053.0,7938.9,7939.9
1747752735251.0,7939.2,7940.2
1747752736907.0,7939.4,7940.4
1747752737108.0,7939.7,7940.7
1747752737306.0,7939.4,7940.4
1747752737737.0,7939.7,7940.7
1747752737932.0,7939.4,7940.4
1747752739828.0,7939.7,7940.7
1747752740378.0,7939.9,7940.9
1747752740578,,
1747752741814.0,7939.7,7940.7
1747752742012.0,7939.4,7940.4
1747752742695.0,7939.7,7940.7
1747752742894.0,7939.4,7940.4
1747752744211.0,7939.2,7940.2
1747752746079.0,7939.4,7940.4
1747752746278,,
1747752746608.0,7939.7,7940.7
1747752746804.0,7939.4,7940.4
1747752748159.0,7939.7,7940.7
1747752748355.0,7939.4,7940.4
1747752748559.0,7939.7,7940.7
1747752748840.0,7939.4,7940.4
1747752751335.0,7939.2,7940.2
1747752752402.0,7939.4,7940.4
1747752752605,,
1747752759726.0,7939.2,7940.2
1747752761642.0,7939.2,7940.2
1747752767075.0,7938.9,7939.9
1747752767277.0,7939.2,7940.2
1747752769672.0,7938.9,7939.9
1747752769871,,
1747752771333.0,7938.7,7939.7
1747752771531.0,7938.9,7939.9
1747752782567,,
1747752783833.0,7939.2,7940.2
1747752784232.0,7938.9,7939.9
1747752784832.0,7939.2,7940.2
1747752786842.0,7938.9,7939.9
1747752791769.0,7939.2,7940.2
1747752792683.0,7938.9,7939.9
1747752795241.0,7938.7,7939.7
1747752799214,,
1747752799412.0,7938.9,7939.9
