1747749486011.0,14334.0,14339.0
1747749487379.0,14332.0,14337.0
1747749488736.0,14332.5,14337.5
1747749488960.0,14333.0,14338.0
1747749490116.0,14332.5,14337.5
1747749491238.0,14333.0,14338.0
1747749491463.0,14332.5,14337.5
1747749492143.0,14333.0,14338.0
1747749492596.0,14334.0,14339.0
1747749504117.0,14333.5,14338.5
1747749505750.0,14333.0,14338.0
1747749522066.0,14333.5,14338.5
1747749522704.0,14333.0,14338.0
1747749526024.0,14332.5,14337.5
1747749526259.0,14333.0,14338.0
1747749533957.0,14333.5,14338.5
1747749534189.0,14333.0,14338.0
1747749541362.0,14333.5,14338.5
1747749541588.0,14334.0,14339.0
1747749542170.0,14334.5,14339.5
1747749543621.0,14334.0,14339.0
1747749548742.0,14334.5,14339.5
1747749549803.0,14335.0,14340.0
1747749552306.0,14334.5,14339.5
1747749561675,,
1747749561854.0,14333.5,14338.5
1747749564932.0,14332.0,14337.0
1747749565538.0,14332.5,14337.5
1747749566234.0,14332.0,14337.0
1747749567728.0,14331.5,14336.5
1747749568748.0,14332.0,14337.0
1747749569041.0,14331.5,14336.5
1747749575623.0,14331.0,14336.0
1747749576684.0,14330.5,14335.5
1747749578104.0,14330.0,14335.0
1747749579865.0,14329.5,14334.5
1747749580313.0,14330.5,14335.5
1747749580539.0,14330.0,14335.0
1747749581513.0,14329.5,14334.5
1747749581963.0,14330.0,14335.0
1747749589274.0,14329.5,14334.5
1747749589489.0,14329.0,14334.0
1747749590080.0,14330.0,14335.0
1747749594351.0,14329.5,14334.5
1747749596705,,
1747749598317.0,14329.0,14334.0
1747749600025.0,14327.8,14332.8
1747749603425.0,14328.3,14333.3
1747749604679.0,14327.8,14332.8
1747749605309.0,14327.3,14332.3
1747749605532.0,14326.8,14331.8
1747749606085.0,14327.3,14332.3
1747749607979.0,14328.3,14333.3
1747749608132.0,14328.8,14333.8
1747749615064.0,14327.8,14332.8
1747749618434.0,14328.3,14333.3
1747749618911.0,14327.8,14332.8
1747749619362.0,14328.8,14333.8
1747749620847.0,14328.3,14333.3
1747749621072.0,14328.8,14333.8
1747749623368.0,14329.3,14334.3
1747749625025.0,14330.8,14335.8
1747749630845.0,14331.3,14336.3
1747749631068.0,14331.8,14336.8
1747749631641.0,14332.3,14337.3
1747749631867.0,14332.8,14337.8
1747749632090,,
1747749632317.0,14331.8,14336.8
1747749632709.0,14332.3,14337.3
1747749632933.0,14332.8,14337.8
1747749633821.0,14332.3,14337.3
1747749634046.0,14331.8,14336.8
1747749645521.0,14331.3,14336.3
1747749645745,,
1747749646652.0,14330.8,14335.8
1747749653694.0,14331.3,14336.3
1747749655005,,
1747749655132.0,14332.8,14337.8
1747749656023.0,14332.3,14337.3
1747749656248.0,14331.8,14336.8
1747749661346.0,14332.3,14337.3
1747749661575.0,14331.8,14336.8
1747749666660.0,14330.8,14335.8
1747749670393.0,14331.3,14336.3
1747749670960.0,14330.8,14335.8
1747749681303.0,14331.3,14336.3
1747749682889,,
1747749682988.0,14331.8,14336.8
1747749685034.0,14332.3,14337.3
1747749686233.0,14332.8,14337.8
1747749687019.0,14332.3,14337.3
1747749687242.0,14331.3,14336.3
1747749687827.0,14331.8,14336.8
1747749688458.0,14331.3,14336.3
1747749694290.0,14331.8,14336.8
1747749697354.0,14332.3,14337.3
1747749698463.0,14332.8,14337.8
1747749698685.0,14332.3,14337.3
1747749699502.0,14332.8,14337.8
1747749700476.0,14331.8,14336.8
1747749709648.0,14332.3,14337.3
1747749710359.0,14332.8,14337.8
1747749712520.0,14332.3,14337.3
1747749712743.0,14332.8,14337.8
1747749713468.0,14333.3,14338.3
1747749713691.0,14332.8,14337.8
1747749714094.0,14332.3,14337.3
1747749717305.0,14331.8,14336.8
1747749719802.0,14331.3,14336.3
1747749720024.0,14330.8,14335.8
1747749722073.0,14330.3,14335.3
1747749722298.0,14329.8,14334.8
1747749723692.0,14329.3,14334.3
1747749723916.0,14328.8,14333.8
1747749727075.0,14328.3,14333.3
1747749731352.0,14328.8,14333.8
1747749735726.0,14329.3,14334.3
1747749735949.0,14329.8,14334.8
1747749736843.0,14330.3,14335.3
1747749737292.0,14330.8,14335.8
1747749737522.0,14331.3,14336.3
1747749738076.0,14331.8,14336.8
1747749743907.0,14332.3,14337.3
1747749744147,,
1747749744875.0,14332.8,14337.8
1747749750510.0,14333.8,14338.8
1747749755156.0,14334.3,14339.3
1747749756119,,
1747749756806.0,14334.8,14339.8
1747749757028.0,14334.3,14339.3
1747749759258.0,14333.3,14338.3
1747749760417.0,14333.8,14338.8
1747749761176.0,14333.3,14338.3
1747749761402.0,14332.8,14337.8
1747749761740.0,14333.3,14338.3
1747749761964.0,14332.8,14337.8
1747749762290.0,14332.3,14337.3
1747749762515.0,14331.8,14336.8
1747749763718.0,14334.8,14339.8
1747749763964.0,14334.3,14339.3
1747749764187.0,14333.8,14338.8
1747749764852.0,14334.3,14339.3
1747749765076.0,14333.8,14338.8
1747749765304,,
1747749765526.0,14334.8,14339.8
1747749765752.0,14333.8,14338.8
1747749769211,,
1747749776472.0,14333.3,14338.3
1747749776694,,
1747749777631.0,14333.8,14338.8
1747749780230.0,14334.3,14339.3
1747749780686.0,14334.8,14339.8
1747749784173.0,14335.3,14340.3
1747749784403.0,14335.8,14340.8
1747749789152.0,14335.3,14340.3
1747749790909.0,14334.8,14339.8
1747749795468.0,14335.3,14340.3
1747749795689.0,14335.8,14340.8
1747749800206,,
1747749800370.0,14333.8,14338.8
1747749801864.0,14334.3,14339.3
1747749802091.0,14334.8,14339.8
1747749802876.0,14334.3,14339.3
1747749803329.0,14334.8,14339.8
1747749803602.0,14335.3,14340.3
1747749807320.0,14335.8,14340.8
1747749809463.0,14335.3,14340.3
1747749809953.0,14334.8,14339.8
1747749820209.0,14334.3,14339.3
1747749820423.0,14333.8,14338.8
1747749821042.0,14334.3,14339.3
1747749821265.0,14334.8,14339.8
1747749821490.0,14334.3,14339.3
1747749823154.0,14333.8,14338.8
1747749827115.0,14333.3,14338.3
1747749827338.0,14332.8,14337.8
1747749836657.0,14333.3,14338.3
1747749837517.0,14333.8,14338.8
1747749838520.0,14334.3,14339.3
1747749840060.0,14334.8,14339.8
1747749840592.0,14334.3,14339.3
1747749840816.0,14333.8,14338.8
1747749843472.0,14334.3,14339.3
1747749844263.0,14334.8,14339.8
1747749846135.0,14334.3,14339.3
1747749846784.0,14333.8,14338.8
1747749848990.0,14334.3,14339.3
1747749849215.0,14334.8,14339.8
1747749856447.0,14335.3,14340.3
1747749856670.0,14335.8,14340.8
1747749859022.0,14335.3,14340.3
1747749859247.0,14334.8,14339.8
1747749859478.0,14334.3,14339.3
1747749860126.0,14333.8,14338.8
1747749871541.0,14333.3,14338.3
1747749872436.0,14333.8,14338.8
1747749877693.0,14333.3,14338.3
1747749877916.0,14332.8,14337.8
1747749879151.0,14332.3,14337.3
1747749879376.0,14331.8,14336.8
1747749879604.0,14332.3,14337.3
1747749880331.0,14331.8,14336.8
1747749885762.0,14331.3,14336.3
1747749885985.0,14331.8,14336.8
1747749897911.0,14331.3,14336.3
1747749898360,,
1747749900747.0,14329.8,14334.8
1747749901164.0,14330.3,14335.3
1747749901870.0,14330.8,14335.8
1747749902911.0,14330.3,14335.3
1747749907680,,
1747749907862.0,14330.8,14335.8
1747749908380.0,14331.3,14336.3
1747749909911.0,14330.3,14335.3
1747749910104.0,14330.8,14335.8
1747749914063.0,14331.3,14336.3
1747749914287.0,14331.8,14336.8
1747749918446.0,14332.3,14337.3
1747749918670.0,14331.8,14336.8
1747749919749.0,14332.3,14337.3
1747749919974.0,14331.8,14336.8
1747749924915.0,14331.3,14336.3
1747749925483.0,14331.8,14336.8
1747749925711.0,14332.3,14337.3
1747749927610.0,14332.8,14337.8
1747749936012.0,14333.3,14338.3
1747749936236.0,14331.8,14336.8
1747749937661.0,14331.3,14336.3
1747749938156.0,14330.8,14335.8
1747749942346.0,14331.8,14336.8
1747749942933.0,14332.3,14337.3
1747749943156.0,14332.8,14337.8
1747749943798.0,14332.3,14337.3
1747749944023.0,14331.8,14336.8
1747749950549.0,14331.3,14336.3
1747749950776.0,14330.3,14335.3
1747749951579.0,14330.8,14335.8
1747749952030.0,14329.8,14334.8
1747749961911.0,14330.3,14335.3
1747749962136.0,14329.8,14334.8
1747749962687.0,14330.8,14335.8
1747749967463.0,14330.3,14335.3
1747749967689.0,14329.8,14334.8
1747749968051.0,14330.3,14335.3
1747749968502.0,14329.8,14334.8
1747749973659.0,14329.3,14334.3
1747749973893.0,14327.8,14332.8
1747749975082.0,14327.3,14332.3
1747749975297.0,14326.8,14331.8
1747749977124.0,14326.3,14331.3
1747749978245.0,14325.8,14330.8
1747749978470.0,14325.3,14330.3
1747749978694.0,14323.8,14328.8
1747749999414.0,14324.3,14329.3
1747749999639.0,14323.8,14328.8
1747750006930.0,14322.8,14327.8
1747750013388.0,14321.8,14326.8
1747750015621.0,14321.3,14326.3
1747750016631.0,14320.3,14325.3
1747750017595.0,14319.8,14324.8
1747750018538.0,14319.3,14324.3
1747750018763.0,14319.8,14324.8
1747750019996.0,14320.3,14325.3
1747750022163.0,14321.8,14326.8
1747750027879.0,14322.3,14327.3
1747750028333.0,14322.8,14327.8
1747750030550.0,14322.3,14327.3
1747750030773.0,14321.8,14326.8
1747750031013.0,14321.3,14326.3
1747750031237.0,14320.8,14325.8
1747750031664.0,14320.3,14325.3
1747750031889,,
1747750032129.0,14319.8,14324.8
1747750033716.0,14319.3,14324.3
1747750035092.0,14318.8,14323.8
1747750035352.0,14318.3,14323.3
1747750035850.0,14318.8,14323.8
1747750036317.0,14318.3,14323.3
1747750036766.0,14318.3,14323.3
1747750037305.0,14318.8,14323.8
1747750037751.0,14318.3,14323.3
1747750038264.0,14318.8,14323.8
1747750039448.0,14318.3,14323.3
1747750039672.0,14317.8,14322.8
1747750042385.0,14317.3,14322.3
1747750042608.0,14316.8,14321.8
1747750043523.0,14317.3,14322.3
1747750043748.0,14317.8,14322.8
1747750045105,,
1747750045308.0,14318.8,14323.8
1747750051163.0,14319.3,14324.3
1747750051386.0,14319.8,14324.8
1747750052147.0,14320.3,14325.3
1747750052370.0,14320.8,14325.8
1747750062841.0,14321.8,14326.8
1747750064374.0,14322.3,14327.3
1747750064599.0,14322.8,14327.8
1747750065454.0,14322.3,14327.3
1747750065677.0,14321.8,14326.8
1747750066340.0,14322.3,14327.3
1747750066583.0,14321.8,14326.8
1747750069398.0,14322.3,14327.3
1747750069623.0,14322.8,14327.8
1747750070904.0,14322.3,14327.3
1747750071437.0,14322.8,14327.8
1747750072673.0,14322.3,14327.3
1747750075850.0,14321.3,14326.3
1747750076172.0,14321.8,14326.8
1747750077405.0,14322.3,14327.3
1747750078599.0,14321.8,14326.8
1747750078823.0,14319.8,14324.8
1747750079237.0,14320.3,14325.3
1747750081710.0,14319.8,14324.8
1747750084477.0,14319.3,14324.3
1747750084704.0,14319.8,14324.8
1747750085714.0,14319.3,14324.3
1747750086165.0,14318.8,14323.8
1747750087750.0,14319.3,14324.3
1747750087973.0,14319.8,14324.8
1747750088198.0,14319.3,14324.3
1747750088846.0,14319.8,14324.8
1747750089070.0,14319.3,14324.3
1747750090892.0,14318.8,14323.8
1747750091117.0,14318.3,14323.3
1747750092172.0,14317.8,14322.8
1747750093958.0,14317.3,14322.3
1747750094185.0,14318.3,14323.3
1747750094407.0,14318.8,14323.8
1747750099661.0,14319.3,14324.3
1747750099885.0,14319.8,14324.8
1747750107304.0,14319.3,14324.3
1747750107529.0,14318.8,14323.8
1747750109045.0,14318.3,14323.3
1747750109256.0,14317.8,14322.8
1747750111754.0,14317.3,14322.3
1747750111980.0,14316.8,14321.8
1747750112233.0,14316.3,14321.3
1747750112461.0,14315.8,14320.8
1747750115123.0,14315.3,14320.3
1747750116598.0,14315.8,14320.8
1747750118889.0,14316.3,14321.3
1747750119139.0,14316.8,14321.8
1747750121695.0,14316.3,14321.3
1747750121917.0,14315.8,14320.8
1747750123030.0,14315.3,14320.3
1747750123255.0,14314.8,14319.8
1747750126279.0,14315.3,14320.3
1747750126505.0,14315.8,14320.8
1747750135522.0,14315.3,14320.3
1747750136012.0,14315.8,14320.8
1747750136606.0,14315.3,14320.3
1747750137515.0,14314.8,14319.8
1747750137740.0,14314.3,14319.3
1747750138936.0,14313.8,14318.8
1747750141767.0,14314.3,14319.3
1747750141990.0,14314.8,14319.8
1747750149239.0,14314.3,14319.3
1747750149465.0,14313.8,14318.8
1747750149690.0,14314.3,14319.3
1747750151286.0,14313.8,14318.8
1747750152098.0,14314.3,14319.3
1747750153411.0,14313.8,14318.8
1747750154117.0,14314.3,14319.3
1747750154341.0,14314.8,14319.8
1747750154819.0,14314.3,14319.3
1747750155043.0,14314.8,14319.8
1747750155267.0,14313.8,14318.8
1747750161540.0,14313.3,14318.3
1747750161764.0,14312.8,14317.8
1747750165464.0,14312.3,14317.3
1747750165688.0,14311.8,14316.8
1747750167662.0,14312.3,14317.3
1747750167888.0,14312.8,14317.8
1747750169496.0,14313.3,14318.3
1747750169720.0,14313.8,14318.8
1747750170524.0,14313.3,14318.3
1747750173723.0,14313.8,14318.8
1747750176997.0,14314.3,14319.3
1747750177221.0,14313.8,14318.8
1747750178612.0,14313.8,14318.8
1747750178836.0,14312.8,14317.8
1747750185095.0,14312.3,14317.3
1747750185321.0,14311.8,14316.8
1747750187408.0,14310.3,14315.3
1747750187633.0,14310.8,14315.8
1747750191391.0,14311.3,14316.3
1747750191618.0,14311.8,14316.8
1747750191842.0,14311.3,14316.3
1747750194443.0,14311.8,14316.8
1747750195080.0,14311.3,14316.3
1747750195303.0,14311.8,14316.8
1747750195986.0,14312.3,14317.3
1747750196215.0,14312.8,14317.8
1747750198351.0,14312.3,14317.3
1747750198894.0,14312.8,14317.8
1747750199344.0,14312.3,14317.3
1747750199569.0,14312.8,14317.8
1747750199955.0,14312.3,14317.3
1747750200056.0,14312.7,14317.7
1747750200406.0,14312.2,14317.2
1747750201145.0,14312.7,14317.7
1747750201369.0,14312.2,14317.2
1747750202852.0,14311.7,14316.7
1747750203088.0,14312.2,14317.2
1747750203305.0,14311.7,14316.7
1747750203526.0,14311.2,14316.2
1747750203748.0,14310.7,14315.7
1747750203974.0,14311.2,14316.2
1747750204407.0,14311.7,14316.7
1747750204855.0,14312.2,14317.2
1747750205623.0,14311.7,14316.7
1747750205847.0,14312.2,14317.2
1747750207221.0,14311.7,14316.7
1747750207460.0,14312.2,14317.2
1747750207686.0,14311.7,14316.7
1747750209364.0,14311.2,14316.2
1747750211112.0,14310.7,14315.7
1747750211820.0,14311.2,14316.2
1747750212497.0,14310.7,14315.7
1747750212948.0,14311.2,14316.2
1747750213344.0,14310.7,14315.7
1747750213563.0,14310.2,14315.2
1747750214236.0,14310.7,14315.7
1747750214972.0,14311.2,14316.2
1747750216310.0,14311.7,14316.7
1747750217014,,
1747750217114.0,14311.2,14316.2
1747750217706.0,14310.7,14315.7
1747750217930.0,14311.2,14316.2
1747750218455.0,14311.7,14316.7
1747750218682.0,14313.2,14318.2
1747750219180.0,14313.7,14318.7
1747750219406.0,14314.2,14319.2
1747750224766.0,14314.7,14319.7
1747750227555.0,14314.2,14319.2
1747750227869.0,14314.7,14319.7
1747750228096.0,14315.2,14320.2
1747750228320.0,14314.7,14319.7
1747750228545.0,14313.7,14318.7
1747750229389.0,14314.2,14319.2
1747750230483.0,14313.7,14318.7
1747750230922.0,14313.7,14318.7
1747750231148.0,14314.2,14319.2
1747750232413.0,14313.7,14318.7
1747750232634,,
1747750233543,,
1747750238231,,
1747750240943.0,14313.2,14318.2
1747750250023.0,14312.7,14317.7
1747750251616.0,14313.2,14318.2
1747750252066.0,14312.7,14317.7
1747750252640.0,14313.2,14318.2
1747750256409.0,14312.7,14317.7
1747750256632.0,14311.7,14316.7
1747750257081.0,14311.2,14316.2
1747750259239.0,14311.7,14316.7
1747750259687.0,14312.2,14317.2
1747750260560.0,14311.7,14316.7
1747750260784.0,14311.2,14316.2
1747750262163.0,14310.7,14315.7
1747750262390.0,14311.2,14316.2
1747750263482.0,14310.7,14315.7
1747750263706.0,14311.2,14316.2
1747750264378.0,14310.7,14315.7
1747750265115.0,14311.2,14316.2
1747750265360.0,14310.7,14315.7
1747750265585.0,14311.2,14316.2
1747750272843.0,14310.7,14315.7
1747750273069.0,14309.7,14314.7
1747750273492.0,14310.2,14315.2
1747750274014.0,14310.7,14315.7
1747750274239.0,14309.7,14314.7
1747750274462.0,14309.2,14314.2
1747750274688,,
1747750275155.0,14308.7,14313.7
1747750277660.0,14308.2,14313.2
1747750277883,,
1747750278124.0,14308.7,14313.7
1747750280807.0,14309.2,14314.2
1747750282918.0,14308.2,14313.2
1747750290710.0,14307.7,14312.7
1747750290935.0,14308.2,14313.2
1747750293356.0,14307.7,14312.7
1747750294286.0,14307.2,14312.2
1747750294533.0,14306.7,14311.7
1747750294760.0,14306.2,14311.2
1747750295319.0,14305.7,14310.7
1747750295543,,
1747750295993.0,14305.7,14310.7
1747750297586.0,14305.2,14310.2
1747750303058.0,14305.7,14310.7
1747750305432.0,14307.2,14312.2
1747750308733.0,14306.7,14311.7
1747750308957.0,14306.2,14311.2
1747750309668.0,14306.7,14311.7
1747750310115.0,14306.2,14311.2
1747750310392.0,14306.7,14311.7
1747750310965.0,14306.2,14311.2
1747750312306.0,14306.7,14311.7
1747750313022.0,14306.2,14311.2
1747750314913,,
1747750315013.0,14305.7,14310.7
1747750316731,,
1747750316927.0,14304.7,14309.7
1747750318686.0,14305.2,14310.2
1747750318863.0,14304.7,14309.7
1747750321823.0,14305.2,14310.2
1747750323123.0,14304.7,14309.7
1747750323875.0,14303.2,14308.2
1747750329887.0,14302.7,14307.7
1747750330593.0,14302.2,14307.2
1747750330820.0,14302.7,14307.7
1747750331385.0,14303.2,14308.2
1747750332063.0,14302.2,14307.2
1747750333377.0,14302.7,14307.7
1747750333604.0,14301.7,14306.7
1747750333825.0,14302.2,14307.2
1747750335109.0,14302.7,14307.7
1747750335561.0,14301.7,14306.7
1747750335785.0,14300.2,14305.2
1747750336236.0,14299.7,14304.7
1747750337009.0,14300.2,14305.2
1747750337232,,
1747750337457.0,14299.7,14304.7
1747750337682.0,14300.2,14305.2
1747750337980.0,14299.7,14304.7
1747750338895.0,14298.2,14303.2
1747750339685.0,14298.7,14303.7
1747750340157.0,14298.2,14303.2
1747750340865.0,14297.7,14302.7
1747750341089.0,14298.2,14303.2
1747750342759.0,14297.7,14302.7
1747750342982.0,14298.2,14303.2
1747750343516.0,14298.7,14303.7
1747750344288.0,14299.2,14304.2
1747750345163.0,14299.7,14304.7
1747750345388.0,14301.2,14306.2
1747750348872.0,14301.7,14306.7
1747750349097.0,14301.2,14306.2
1747750353159,,
1747750353386.0,14302.2,14307.2
1747750355764,,
1747750359694.0,14302.7,14307.7
1747750359918.0,14303.2,14308.2
1747750367273.0,14302.7,14307.7
1747750369213.0,14302.2,14307.2
1747750369663.0,14303.2,14308.2
1747750369887.0,14304.2,14309.2
1747750370602.0,14304.7,14309.7
1747750370824.0,14305.2,14310.2
1747750371097.0,14304.7,14309.7
1747750371308.0,14304.2,14309.2
1747750374039.0,14304.7,14309.7
1747750374488.0,14304.2,14309.2
1747750376080.0,14304.7,14309.7
1747750376529.0,14305.2,14310.2
1747750378688.0,14305.2,14310.2
1747750379172.0,14305.7,14310.7
1747750379397.0,14306.2,14311.2
1747750383284.0,14306.7,14311.7
1747750383507.0,14307.2,14312.2
1747750390267.0,14307.7,14312.7
1747750390494.0,14308.2,14313.2
1747750392637.0,14307.7,14312.7
1747750392860.0,14308.2,14313.2
1747750394027.0,14307.7,14312.7
1747750394475.0,14307.2,14312.2
1747750395070.0,14307.7,14312.7
1747750395529.0,14308.2,14313.2
1747750399634.0,14307.7,14312.7
1747750399859.0,14308.2,14313.2
1747750407467.0,14307.7,14312.7
1747750408161.0,14307.2,14312.2
1747750410110.0,14306.7,14311.7
1747750410635.0,14307.2,14312.2
1747750411751.0,14306.7,14311.7
1747750412202.0,14306.2,14311.2
1747750414245.0,14305.7,14310.7
1747750416160.0,14305.2,14310.2
1747750430167.0,14305.7,14310.7
1747750430629.0,14305.2,14310.2
1747750433809.0,14304.7,14309.7
1747750437454.0,14307.2,14312.2
1747750441424.0,14307.7,14312.7
1747750441648.0,14307.2,14312.2
1747750442370.0,14306.7,14311.7
1747750442591.0,14307.2,14312.2
1747750446262.0,14306.7,14311.7
1747750446989.0,14304.2,14309.2
1747750447408.0,14304.7,14309.7
1747750448082.0,14304.2,14309.2
1747750449807,,
1747750451363.0,14303.7,14308.7
1747750451587.0,14303.2,14308.2
1747750451811.0,14302.7,14307.7
1747750452694.0,14303.2,14308.2
1747750453628.0,14302.7,14307.7
1747750453853.0,14302.2,14307.2
1747750456328.0,14301.7,14306.7
1747750456551.0,14301.2,14306.2
1747750459510.0,14300.7,14305.7
1747750459732.0,14300.2,14305.2
1747750460057.0,14300.7,14305.7
1747750460982.0,14298.2,14303.2
1747750461207.0,14298.7,14303.7
1747750461756.0,14299.2,14304.2
1747750462213.0,14298.7,14303.7
1747750463068.0,14299.2,14304.2
1747750463292.0,14298.7,14303.7
1747750465799.0,14299.2,14304.2
1747750466020.0,14300.2,14305.2
1747750466497.0,14299.2,14304.2
1747750470156.0,14299.7,14304.7
1747750470608.0,14300.2,14305.2
1747750470833.0,14299.7,14304.7
1747750472569.0,14300.2,14305.2
1747750472793.0,14301.2,14306.2
1747750473018.0,14300.2,14305.2
1747750473244.0,14301.2,14306.2
1747750473469.0,14300.7,14305.7
1747750473859.0,14300.2,14305.2
1747750475648.0,14299.7,14304.7
1747750476098.0,14300.2,14305.2
1747750480056.0,14300.7,14305.7
1747750480278.0,14301.2,14306.2
1747750482288.0,14300.7,14305.7
1747750484293.0,14300.2,14305.2
1747750485610.0,14300.7,14305.7
1747750486253.0,14301.2,14306.2
1747750489943.0,14300.7,14305.7
1747750490166.0,14301.2,14306.2
1747750494254.0,14300.7,14305.7
1747750497168.0,14300.2,14305.2
1747750500530.0,14299.7,14304.7
1747750500754.0,14299.2,14304.2
1747750503185.0,14299.7,14304.7
1747750507537.0,14299.2,14304.2
1747750513587.0,14298.7,14303.7
1747750514047.0,14299.2,14304.2
1747750515743.0,14298.7,14303.7
1747750516192.0,14299.2,14304.2
1747750521343,,
1747750521507.0,14298.7,14303.7
1747750521955.0,14299.2,14304.2
1747750522528.0,14299.7,14304.7
1747750522752.0,14299.2,14304.2
1747750522975.0,14301.2,14306.2
1747750523327.0,14300.7,14305.7
1747750523554.0,14300.2,14305.2
1747750525038.0,14301.2,14306.2
1747750525804.0,14300.7,14305.7
1747750526039,,
1747750528111,,
1747750529147,,
1747750529245.0,14301.2,14306.2
1747750529711,,
1747750531320.0,14302.2,14307.2
1747750534999,,
1747750537797.0,14302.7,14307.7
1747750538280.0,14302.2,14307.2
1747750538673.0,14301.7,14306.7
1747750539203.0,14302.2,14307.2
1747750539874.0,14301.7,14306.7
1747750540097.0,14302.2,14307.2
1747750540323.0,14302.7,14307.7
1747750540548.0,14303.2,14308.2
1747750541776.0,14302.7,14307.7
1747750541999.0,14302.2,14307.2
1747750542777,,
1747750544903.0,14301.7,14306.7
1747750545123.0,14301.2,14306.2
1747750545429.0,14300.7,14305.7
1747750548783.0,14301.2,14306.2
1747750550267.0,14300.7,14305.7
1747750550491.0,14301.2,14306.2
1747750555676.0,14300.7,14305.7
1747750556553.0,14299.7,14304.7
1747750557238.0,14298.2,14303.2
1747750560203.0,14297.7,14302.7
1747750560426.0,14297.2,14302.2
1747750562373.0,14296.7,14301.7
1747750562588.0,14296.2,14301.2
1747750565548.0,14296.7,14301.7
1747750565775.0,14298.2,14303.2
1747750567083.0,14297.7,14302.7
1747750567307.0,14296.2,14301.2
1747750573922.0,14295.2,14300.2
1747750576889.0,14294.2,14299.2
1747750578270.0,14294.7,14299.7
1747750579443.0,14294.2,14299.2
1747750582304.0,14294.7,14299.7
1747750583407.0,14294.2,14299.2
1747750586785.0,14294.7,14299.7
1747750587234.0,14293.7,14298.7
1747750587910.0,14293.2,14298.2
1747750592108.0,14292.2,14297.2
1747750592599.0,14292.7,14297.7
1747750592823.0,14293.2,14298.2
1747750599521.0,14292.7,14297.7
1747750599746.0,14291.7,14296.7
1747750599971.0,14292.2,14297.2
1747750601052.0,14291.7,14296.7
1747750601276.0,14291.2,14296.2
1747750604137.0,14290.7,14295.7
1747750604378.0,14290.2,14295.2
1747750607117.0,14290.7,14295.7
1747750607340.0,14291.2,14296.2
1747750608775.0,14291.7,14296.7
1747750609226.0,14291.2,14296.2
1747750613248.0,14290.7,14295.7
1747750614247.0,14291.2,14296.2
1747750614698.0,14290.7,14295.7
1747750616305.0,14291.2,14296.2
1747750616980.0,14290.7,14295.7
1747750617204.0,14291.2,14296.2
1747750617856.0,14290.7,14295.7
1747750618604.0,14291.2,14296.2
1747750619181.0,14290.7,14295.7
1747750619911.0,14290.2,14295.2
1747750620377.0,14289.7,14294.7
1747750620602.0,14289.2,14294.2
1747750620948.0,14288.7,14293.7
1747750621181.0,14289.2,14294.2
1747750621637.0,14288.7,14293.7
1747750622088.0,14287.7,14292.7
1747750622836.0,14288.2,14293.2
1747750623061.0,14287.2,14292.2
1747750626665.0,14286.7,14291.7
1747750627342.0,14285.7,14290.7
1747750627567.0,14285.2,14290.2
1747750629436.0,14286.2,14291.2
1747750629661.0,14285.7,14290.7
1747750630098.0,14285.2,14290.2
1747750631077.0,14284.7,14289.7
1747750633434.0,14285.2,14290.2
1747750635082.0,14284.7,14289.7
1747750636209.0,14285.2,14290.2
1747750636781.0,14284.7,14289.7
1747750637811.0,14284.2,14289.2
1747750638995.0,14284.7,14289.7
1747750639225.0,14285.2,14290.2
1747750640333.0,14285.7,14290.7
1747750640560.0,14285.2,14290.2
1747750645327.0,14285.7,14290.7
1747750645804.0,14285.2,14290.2
1747750650304.0,14284.7,14289.7
1747750652781.0,14284.2,14289.2
1747750653228,,
1747750654554,,
1747750654677.0,14284.7,14289.7
1747750655747.0,14284.2,14289.2
1747750660586.0,14284.7,14289.7
1747750660812.0,14285.7,14290.7
1747750661037.0,14285.2,14290.2
1747750664844.0,14284.2,14289.2
1747750665472.0,14283.7,14288.7
1747750665704.0,14283.2,14288.2
1747750666220.0,14282.7,14287.7
1747750666444.0,14282.2,14287.2
1747750670338.0,14283.2,14288.2
1747750673052.0,14283.7,14288.7
1747750673504.0,14284.7,14289.7
1747750674096.0,14285.2,14290.2
1747750674838.0,14283.7,14288.7
1747750676350.0,14284.2,14289.2
1747750677530.0,14283.7,14288.7
1747750677754.0,14284.2,14289.2
1747750678852.0,14283.7,14288.7
1747750679075.0,14282.2,14287.2
1747750685134.0,14282.7,14287.7
1747750685911.0,14283.2,14288.2
1747750688941.0,14282.7,14287.7
1747750689163.0,14283.2,14288.2
1747750689389.0,14283.7,14288.7
1747750690436.0,14283.2,14288.2
1747750691009.0,14282.7,14287.7
1747750691704.0,14284.2,14289.2
1747750693221.0,14284.7,14289.7
1747750694435.0,14284.2,14289.2
1747750695788.0,14283.7,14288.7
1747750696011.0,14283.2,14288.2
1747750697711.0,14283.7,14288.7
1747750697933.0,14284.2,14289.2
1747750700652.0,14283.7,14288.7
1747750700875.0,14283.2,14288.2
1747750703128.0,14282.7,14287.7
1747750703352.0,14282.2,14287.2
1747750707433.0,14282.7,14287.7
1747750707657.0,14282.2,14287.2
1747750708110.0,14282.7,14287.7
1747750708333.0,14283.2,14288.2
1747750710108.0,14283.7,14288.7
1747750710780.0,14283.2,14288.2
1747750711477.0,14283.7,14288.7
1747750711702.0,14284.2,14289.2
1747750714122.0,14284.7,14289.7
1747750714345.0,14285.2,14290.2
1747750715835.0,14284.7,14289.7
1747750716060.0,14284.2,14289.2
1747750716287.0,14285.2,14290.2
1747750717784.0,14284.7,14289.7
1747750719903.0,14285.2,14290.2
1747750721266.0,14284.7,14289.7
1747750722213.0,14285.2,14290.2
1747750722660.0,14284.7,14289.7
1747750722990.0,14285.2,14290.2
1747750723521.0,14284.7,14289.7
1747750725387.0,14284.2,14289.2
1747750727149.0,14283.7,14288.7
1747750727371.0,14284.2,14289.2
1747750736617.0,14283.7,14288.7
1747750737066.0,14282.2,14287.2
1747750743712.0,14281.7,14286.7
1747750744163.0,14282.7,14287.7
1747750746173.0,14282.2,14287.2
1747750746685.0,14282.7,14287.7
1747750748655.0,14282.2,14287.2
1747750752521.0,14281.7,14286.7
1747750752742.0,14282.2,14287.2
1747750753448.0,14281.7,14286.7
1747750753673.0,14281.2,14286.2
1747750756890.0,14280.7,14285.7
1747750757115.0,14281.2,14286.2
1747750757682.0,14280.7,14285.7
1747750757905.0,14280.2,14285.2
1747750759531.0,14279.7,14284.7
1747750759755.0,14280.2,14285.2
1747750759980.0,14279.7,14284.7
1747750760798.0,14279.2,14284.2
1747750764576.0,14279.7,14284.7
1747750764803.0,14280.7,14285.7
1747750771715,,
1747750771814.0,14280.2,14285.2
1747750772779.0,14279.7,14284.7
1747750776990.0,14279.2,14284.2
1747750778250.0,14278.7,14283.7
1747750778473.0,14279.2,14284.2
1747750780112.0,14279.7,14284.7
1747750784507.0,14280.2,14285.2
1747750785448.0,14279.7,14284.7
1747750785669.0,14279.2,14284.2
1747750786484.0,14278.7,14283.7
1747750786707.0,14278.2,14283.2
1747750787673.0,14277.7,14282.7
1747750787896.0,14277.2,14282.2
1747750792036.0,14277.7,14282.7
1747750792258.0,14278.2,14283.2
1747750792679.0,14277.7,14282.7
1747750795592.0,14277.2,14282.2
1747750796621.0,14277.7,14282.7
1747750797179.0,14278.2,14283.2
1747750797917.0,14278.7,14283.7
1747750798367.0,14279.2,14284.2
1747750800013.0,14279.6,14284.6
1747750800112.0,14280.1,14285.1
1747750800844.0,14280.6,14285.6
1747750801933.0,14280.1,14285.1
1747750803003.0,14280.6,14285.6
1747750803514.0,14281.1,14286.1
1747750804203.0,14281.6,14286.6
1747750804427.0,14282.6,14287.6
1747750804652.0,14283.1,14288.1
1747750805302.0,14282.6,14287.6
1747750805907.0,14282.1,14287.1
1747750810620.0,14281.6,14286.6
1747750813653.0,14282.1,14287.1
1747750813879.0,14283.1,14288.1
1747750814526.0,14283.6,14288.6
1747750815015.0,14283.1,14288.1
1747750815803.0,14283.6,14288.6
1747750819891.0,14283.1,14288.1
1747750820117.0,14282.6,14287.6
1747750821871.0,14281.1,14286.1
1747750822487.0,14280.6,14285.6
1747750822714.0,14279.6,14284.6
1747750823158.0,14279.1,14284.1
1747750823611.0,14279.6,14284.6
1747750826378.0,14279.1,14284.1
1747750826828.0,14279.6,14284.6
1747750827908.0,14280.1,14285.1
1747750828136.0,14280.6,14285.6
1747750828358.0,14280.1,14285.1
1747750829217.0,14280.6,14285.6
1747750829821.0,14280.1,14285.1
1747750831217.0,14279.6,14284.6
1747750832816.0,14279.1,14284.1
1747750833042.0,14278.6,14283.6
1747750836542.0,14280.1,14285.1
1747750836784.0,14279.6,14284.6
1747750839619.0,14279.1,14284.1
1747750841997.0,14280.1,14285.1
1747750844064,,
1747750845957.0,14280.6,14285.6
1747750848620,,
1747750854681.0,14281.1,14286.1
1747750854899.0,14280.6,14285.6
1747750855213.0,14281.1,14286.1
1747750855439.0,14281.6,14286.6
1747750855884.0,14282.1,14287.1
1747750856334.0,14281.6,14286.6
1747750857072.0,14282.1,14287.1
1747750857295.0,14283.1,14288.1
1747750858218.0,14282.6,14287.6
1747750859631.0,14283.1,14288.1
1747750861182.0,14283.6,14288.6
1747750862713.0,14284.1,14289.1
1747750862933.0,14283.6,14288.6
1747750865878.0,14284.1,14289.1
1747750866118.0,14285.6,14290.6
1747750869193.0,14286.1,14291.1
1747750870558.0,14285.6,14290.6
1747750879127.0,14284.6,14289.6
1747750885446.0,14286.6,14291.6
1747750885849.0,14286.1,14291.1
1747750886075.0,14285.6,14290.6
1747750888252.0,14285.1,14290.1
1747750888476.0,14284.6,14289.6
1747750890558.0,14285.1,14290.1
1747750890780.0,14285.6,14290.6
1747750891444.0,14285.1,14290.1
1747750892174.0,14284.6,14289.6
1747750895686.0,14285.1,14290.1
1747750896137.0,14284.6,14289.6
1747750896361.0,14285.1,14290.1
1747750896762.0,14284.6,14289.6
1747750896985,,
1747750899471.0,14285.1,14290.1
1747750900708.0,14285.6,14290.6
1747750902512.0,14286.1,14291.1
1747750902734.0,14287.6,14292.6
1747750903951.0,14287.1,14292.1
1747750904403.0,14287.6,14292.6
1747750907693.0,14288.1,14293.1
1747750909945,,
1747750913399.0,14287.6,14292.6
1747750914225.0,14287.1,14292.1
1747750914450.0,14286.6,14291.6
1747750920075.0,14286.1,14291.1
1747750920527.0,14284.6,14289.6
1747750921398.0,14285.1,14290.1
1747750921847.0,14284.6,14289.6
1747750925984.0,14285.1,14290.1
1747750926837.0,14285.6,14290.6
1747750928274.0,14285.1,14290.1
1747750929971.0,14284.6,14289.6
1747750930196.0,14285.1,14290.1
1747750932870.0,14285.6,14290.6
1747750935115.0,14285.1,14290.1
1747750936227.0,14284.6,14289.6
1747750937171.0,14285.1,14290.1
1747750944129.0,14285.6,14290.6
1747750944851.0,14285.1,14290.1
1747750948203.0,14285.6,14290.6
1747750949319.0,14286.1,14291.1
1747750949551.0,14286.6,14291.6
1747750949767.0,14285.6,14290.6
1747750951260.0,14286.1,14291.1
1747750951485.0,14285.6,14290.6
1747750955593.0,14286.1,14291.1
1747750956375.0,14286.6,14291.6
1747750956599.0,14287.1,14292.1
1747750956823.0,14286.6,14291.6
1747750959788.0,14286.1,14291.1
1747750960014.0,14286.6,14291.6
1747750960251.0,14286.1,14291.1
1747750960467.0,14285.6,14290.6
1747750960686.0,14286.1,14291.1
1747750962246.0,14286.6,14291.6
1747750962869.0,14287.1,14292.1
1747750963092.0,14287.6,14292.6
1747750971799.0,14286.6,14291.6
1747750972709.0,14287.1,14292.1
1747750972931.0,14287.6,14292.6
1747750977716.0,14287.1,14292.1
1747750978168.0,14287.6,14292.6
1747750982485.0,14288.1,14293.1
1747750983403.0,14287.6,14292.6
1747750985656.0,14287.1,14292.1
1747750985879.0,14287.6,14292.6
1747750986134.0,14287.1,14292.1
1747750987597.0,14286.6,14291.6
1747750991550.0,14286.1,14291.1
1747750992004.0,14285.6,14290.6
1747750994091.0,14286.1,14291.1
1747750994535.0,14286.6,14291.6
1747750996083.0,14285.6,14290.6
1747751007782,,
1747751007882.0,14287.6,14292.6
1747751015473.0,14288.1,14293.1
1747751016262.0,14288.6,14293.6
1747751016780.0,14288.1,14293.1
1747751017575.0,14286.6,14291.6
1747751018359.0,14287.1,14292.1
1747751019938,,
1747751020037.0,14287.6,14292.6
1747751021337.0,14287.1,14292.1
1747751021592.0,14286.6,14291.6
1747751023239.0,14286.1,14291.1
1747751023464.0,14287.1,14292.1
1747751024862.0,14287.6,14292.6
1747751028792.0,14287.1,14292.1
1747751029015.0,14286.6,14291.6
1747751030010.0,14287.1,14292.1
1747751031325.0,14286.6,14291.6
1747751033697.0,14286.1,14291.1
1747751033918.0,14285.6,14290.6
1747751037911.0,14287.1,14292.1
1747751040293,,
1747751041498,,
1747751041899,,
1747751044622.0,14286.1,14291.1
1747751044848.0,14287.1,14292.1
1747751046486.0,14287.6,14292.6
1747751047702.0,14288.1,14293.1
1747751047927.0,14288.6,14293.6
1747751051198.0,14289.1,14294.1
1747751051421.0,14289.6,14294.6
1747751056527.0,14289.1,14294.1
1747751056981.0,14288.6,14293.6
1747751057210.0,14289.1,14294.1
1747751057427.0,14288.6,14293.6
1747751058363.0,14289.1,14294.1
1747751060130.0,14289.6,14294.6
1747751065478.0,14288.6,14293.6
1747751067990.0,14290.6,14295.6
1747751074179,,
1747751074466.0,14290.1,14295.1
1747751074692.0,14289.6,14294.6
1747751076055,,
1747751078306.0,14289.1,14294.1
1747751078534.0,14289.6,14294.6
1747751080121.0,14289.1,14294.1
1747751080338.0,14289.6,14294.6
1747751080926.0,14289.1,14294.1
1747751081149.0,14289.6,14294.6
1747751082615.0,14290.1,14295.1
1747751082838.0,14289.6,14294.6
1747751087622.0,14289.1,14294.1
1747751087844.0,14289.6,14294.6
1747751091614.0,14290.1,14295.1
1747751091832,,
1747751092060.0,14289.6,14294.6
1747751092282.0,14290.1,14295.1
1747751094143.0,14290.6,14295.6
1747751097227.0,14290.1,14295.1
1747751097449,,
1747751097675.0,14290.6,14295.6
1747751099169,,
1747751099283.0,14289.6,14294.6
1747751102352.0,14289.1,14294.1
1747751102577.0,14288.6,14293.6
1747751105636.0,14288.1,14293.1
1747751106085.0,14287.6,14292.6
1747751106310.0,14288.1,14293.1
1747751106877.0,14287.6,14292.6
1747751107115,,
1747751107326.0,14288.1,14293.1
1747751107550.0,14289.1,14294.1
1747751109041.0,14289.6,14294.6
1747751110126.0,14290.1,14295.1
1747751110349,,
1747751110789,,
1747751110891.0,14288.6,14293.6
1747751111116,,
1747751111774,,
1747751115472.0,14288.1,14293.1
1747751118834.0,14289.1,14294.1
1747751119099.0,14288.6,14293.6
1747751121025.0,14288.1,14293.1
1747751121474.0,14288.6,14293.6
1747751121776.0,14289.1,14294.1
1747751122277.0,14289.6,14294.6
1747751122504.0,14290.6,14295.6
1747751123093.0,14289.6,14294.6
1747751125830.0,14290.1,14295.1
1747751126053.0,14290.6,14295.6
1747751126282.0,14290.1,14295.1
1747751127287.0,14290.6,14295.6
1747751127833.0,14291.1,14296.1
1747751128284.0,14291.6,14296.6
1747751130520.0,14291.1,14296.1
1747751131613.0,14291.6,14296.6
1747751131838.0,14292.1,14297.1
1747751132061.0,14291.6,14296.6
1747751132997.0,14291.1,14296.1
1747751133744.0,14291.6,14296.6
1747751134444.0,14292.1,14297.1
1747751135089.0,14292.6,14297.6
1747751144223.0,14293.1,14298.1
1747751144447.0,14292.6,14297.6
1747751145098.0,14292.1,14297.1
1747751145320.0,14291.6,14296.6
1747751145707.0,14291.1,14296.1
1747751145926.0,14291.6,14296.6
1747751146565.0,14290.6,14295.6
1747751147977.0,14292.1,14297.1
1747751148225,,
1747751154302,,
1747751155196,,
1747751157443.0,14292.6,14297.6
1747751161239.0,14292.1,14297.1
1747751161690.0,14292.6,14297.6
1747751162146.0,14292.1,14297.1
1747751163146.0,14291.6,14296.6
1747751163369.0,14292.1,14297.1
1747751166099,,
1747751166282.0,14291.6,14296.6
1747751170306.0,14292.1,14297.1
1747751172911.0,14291.6,14296.6
1747751175667.0,14292.1,14297.1
1747751176817.0,14291.6,14296.6
1747751177043,,
1747751177848.0,14292.1,14297.1
1747751178805.0,14292.6,14297.6
1747751180472.0,14292.1,14297.1
1747751180697.0,14291.6,14296.6
1747751181821.0,14291.1,14296.1
1747751182046.0,14292.1,14297.1
1747751183150.0,14291.6,14296.6
1747751184586.0,14291.1,14296.1
1747751184811.0,14291.6,14296.6
1747751186024.0,14292.1,14297.1
1747751189986.0,14291.6,14296.6
1747751192502.0,14291.1,14296.1
1747751192725.0,14291.6,14296.6
1747751192950,,
1747751194616.0,14291.1,14296.1
1747751194844.0,14291.6,14296.6
1747751197085.0,14291.1,14296.1
1747751197310.0,14291.6,14296.6
1747751198190.0,14292.1,14297.1
1747751198413.0,14291.1,14296.1
1747751199283.0,14290.6,14295.6
1747751202488.0,14290.1,14295.1
1747751202938.0,14289.6,14294.6
1747751204807.0,14289.1,14294.1
1747751205031.0,14289.6,14294.6
1747751205652.0,14289.1,14294.1
1747751206441.0,14288.6,14293.6
1747751208527.0,14290.6,14295.6
1747751208816.0,14290.1,14295.1
1747751209040.0,14291.6,14296.6
1747751211187.0,14292.1,14297.1
1747751211407.0,14292.6,14297.6
1747751212420.0,14293.1,14298.1
1747751212631.0,14293.6,14298.6
1747751214037.0,14293.1,14298.1
1747751214261.0,14292.6,14297.6
1747751217112.0,14293.1,14298.1
1747751217547.0,14293.6,14298.6
1747751217929.0,14294.1,14299.1
1747751219313.0,14294.6,14299.6
1747751219770.0,14295.1,14300.1
1747751219993.0,14294.6,14299.6
1747751223310.0,14295.1,14300.1
1747751224198.0,14294.6,14299.6
1747751226178.0,14294.1,14299.1
1747751226403.0,14294.6,14299.6
1747751227402.0,14294.1,14299.1
1747751228152.0,14293.6,14298.6
1747751229440.0,14293.1,14298.1
1747751230199.0,14292.6,14297.6
1747751232587.0,14293.1,14298.1
1747751234378.0,14294.1,14299.1
1747751234602.0,14294.6,14299.6
1747751235062.0,14294.1,14299.1
1747751235286.0,14293.6,14298.6
1747751236010.0,14294.1,14299.1
1747751236235.0,14293.6,14298.6
1747751238675.0,14294.1,14299.1
1747751240158.0,14294.6,14299.6
1747751247886.0,14294.1,14299.1
1747751248506.0,14294.6,14299.6
1747751250223.0,14295.1,14300.1
1747751250450.0,14294.6,14299.6
1747751251535,,
1747751252371.0,14294.1,14299.1
1747751256691.0,14294.6,14299.6
1747751257309.0,14294.1,14299.1
1747751257756.0,14294.6,14299.6
1747751270926.0,14294.1,14299.1
1747751271151.0,14294.6,14299.6
1747751272733.0,14294.1,14299.1
1747751273738.0,14294.6,14299.6
1747751274418.0,14293.6,14298.6
1747751278243.0,14293.1,14298.1
1747751278784.0,14293.6,14298.6
1747751280599.0,14292.6,14297.6
1747751284650.0,14292.1,14297.1
1747751285731.0,14291.6,14296.6
1747751286602.0,14291.1,14296.1
1747751286824.0,14291.6,14296.6
1747751287553.0,14292.1,14297.1
1747751288188.0,14292.6,14297.6
1747751292076.0,14292.1,14297.1
1747751292302.0,14291.6,14296.6
1747751295122.0,14291.1,14296.1
1747751295347.0,14290.6,14295.6
1747751298115.0,14291.1,14296.1
1747751298341.0,14291.6,14296.6
1747751299216.0,14291.1,14296.1
1747751299440.0,14291.6,14296.6
1747751304129.0,14290.6,14295.6
1747751305873.0,14290.1,14295.1
1747751306095.0,14289.1,14294.1
1747751307713.0,14288.6,14293.6
1747751310237.0,14289.1,14294.1
1747751311145.0,14288.6,14293.6
1747751311582.0,14289.1,14294.1
1747751311909.0,14288.6,14293.6
1747751313584.0,14288.1,14293.1
1747751313806.0,14287.6,14292.6
1747751314689.0,14288.1,14293.1
1747751315463.0,14287.6,14292.6
1747751315930.0,14288.1,14293.1
1747751316377.0,14289.1,14294.1
1747751317259.0,14288.6,14293.6
1747751317999.0,14289.1,14294.1
1747751318224.0,14289.6,14294.6
1747751322129.0,14290.1,14295.1
1747751322354.0,14290.6,14295.6
1747751325888.0,14291.1,14296.1
1747751326110.0,14291.6,14296.6
1747751326868.0,14291.1,14296.1
1747751327103.0,14290.6,14295.6
1747751327317.0,14291.1,14296.1
1747751328121.0,14290.6,14295.6
1747751329069.0,14291.1,14296.1
1747751329708.0,14291.6,14296.6
1747751335740.0,14292.1,14297.1
1747751341064.0,14291.6,14296.6
1747751344844.0,14292.1,14297.1
1747751347314.0,14295.1,14300.1
1747751347537.0,14294.6,14299.6
1747751348813.0,14294.1,14299.1
1747751349649.0,14294.6,14299.6
1747751351585.0,14294.1,14299.1
1747751353658.0,14293.6,14298.6
1747751360104.0,14294.1,14299.1
1747751360330.0,14295.1,14300.1
1747751362885,,
1747751363027.0,14294.6,14299.6
1747751368106.0,14294.1,14299.1
1747751368329.0,14293.6,14298.6
1747751369437.0,14294.1,14299.1
1747751377134.0,14293.6,14298.6
1747751384088.0,14294.1,14299.1
1747751384312.0,14295.6,14300.6
1747751384539.0,14296.6,14301.6
1747751384762.0,14295.6,14300.6
1747751385297.0,14296.1,14301.1
1747751386469.0,14295.6,14300.6
1747751386958.0,14296.1,14301.1
1747751387185.0,14296.6,14301.6
1747751387725.0,14297.1,14302.1
1747751387953.0,14297.6,14302.6
1747751391339.0,14298.1,14303.1
1747751391790.0,14297.6,14302.6
1747751393394.0,14297.1,14302.1
1747751393619.0,14296.6,14301.6
1747751400020.0,14294.7,14299.7
1747751401341.0,14295.2,14300.2
1747751401566.0,14295.7,14300.7
1747751403991.0,14295.2,14300.2
1747751405036.0,14294.7,14299.7
1747751405258.0,14295.7,14300.7
1747751406065.0,14295.2,14300.2
1747751406290.0,14294.7,14299.7
1747751406764.0,14294.2,14299.2
1747751406990.0,14293.7,14298.7
1747751408844.0,14294.2,14299.2
1747751409050.0,14294.7,14299.7
1747751419967.0,14294.2,14299.2
1747751420192.0,14294.7,14299.7
1747751426174.0,14294.2,14299.2
1747751429016.0,14294.7,14299.7
1747751430442.0,14295.2,14300.2
1747751431148.0,14294.7,14299.7
1747751438317.0,14295.2,14300.2
1747751438544.0,14295.7,14300.7
1747751442490.0,14296.2,14301.2
1747751442939.0,14295.7,14300.7
1747751443164.0,14296.7,14301.7
1747751447782.0,14297.2,14302.2
1747751449075.0,14297.7,14302.7
1747751449304.0,14299.2,14304.2
1747751456083.0,14298.7,14303.7
1747751461261.0,14299.2,14304.2
1747751461489.0,14299.7,14304.7
1747751466260.0,14300.2,14305.2
1747751466483.0,14299.7,14304.7
1747751469550.0,14300.2,14305.2
1747751470168.0,14300.7,14305.7
1747751471917.0,14300.2,14305.2
1747751472146.0,14299.7,14304.7
1747751473062.0,14299.2,14304.2
1747751473286.0,14299.7,14304.7
1747751473571.0,14300.2,14305.2
1747751474021.0,14300.7,14305.7
1747751474289.0,14300.2,14305.2
1747751474913.0,14300.7,14305.7
1747751475370.0,14301.7,14306.7
1747751475659.0,14301.2,14306.2
1747751475883.0,14300.7,14305.7
1747751476244.0,14301.2,14306.2
1747751476469.0,14300.7,14305.7
1747751477563.0,14300.2,14305.2
1747751477792.0,14299.7,14304.7
1747751481964.0,14300.2,14305.2
1747751488511.0,14299.2,14304.2
1747751490433.0,14299.7,14304.7
1747751491341.0,14300.2,14305.2
1747751491790.0,14300.7,14305.7
1747751492726.0,14300.2,14305.2
1747751492952.0,14299.7,14304.7
1747751493502.0,14300.2,14305.2
1747751493721.0,14299.7,14304.7
1747751494609.0,14300.2,14305.2
1747751494833.0,14300.7,14305.7
1747751500807.0,14301.2,14306.2
1747751501031.0,14301.7,14306.7
1747751503505.0,14302.2,14307.2
1747751503726.0,14302.7,14307.7
1747751503949.0,14302.2,14307.2
1747751505589.0,14303.7,14308.7
1747751515727.0,14304.2,14309.2
1747751515952.0,14303.7,14308.7
1747751518383.0,14303.2,14308.2
1747751518609.0,14302.7,14307.7
1747751518833.0,14303.2,14308.2
1747751519543.0,14303.7,14308.7
1747751520515.0,14303.2,14308.2
1747751520966.0,14303.7,14308.7
1747751523083.0,14303.2,14308.2
1747751523733.0,14303.7,14308.7
1747751526488.0,14303.2,14308.2
1747751526713.0,14302.7,14307.7
1747751527454.0,14303.2,14308.2
1747751527902.0,14303.7,14308.7
1747751533407.0,14304.2,14309.2
1747751533632.0,14303.7,14308.7
1747751535582.0,14304.2,14309.2
1747751535807.0,14304.7,14309.7
1747751539234.0,14304.2,14309.2
1747751539463.0,14302.7,14307.7
1747751540647.0,14303.2,14308.2
1747751540869.0,14303.7,14308.7
1747751543429.0,14303.2,14308.2
1747751544522.0,14304.7,14309.7
1747751552236.0,14305.2,14310.2
1747751552459.0,14304.7,14309.7
1747751554532.0,14304.2,14309.2
1747751554771.0,14302.7,14307.7
1747751554995.0,14303.7,14308.7
1747751555432.0,14304.2,14309.2
1747751555904.0,14303.7,14308.7
1747751556788.0,14304.2,14309.2
1747751557014.0,14304.7,14309.7
1747751559093,,
1747751559192.0,14303.7,14308.7
1747751559525.0,14304.2,14309.2
1747751559751.0,14304.7,14309.7
1747751561919.0,14304.2,14309.2
1747751562159.0,14303.7,14308.7
1747751567951.0,14304.2,14309.2
1747751568443.0,14303.7,14308.7
1747751568667.0,14304.7,14309.7
1747751568963.0,14304.2,14309.2
1747751569414.0,14304.7,14309.7
1747751569639.0,14304.2,14309.2
1747751569865.0,14303.7,14308.7
1747751575517.0,14303.2,14308.2
1747751582193,,
1747751582317.0,14304.2,14309.2
1747751582542.0,14303.7,14308.7
1747751584508.0,14303.2,14308.2
1747751584730,,
1747751584957.0,14302.7,14307.7
1747751585872.0,14303.2,14308.2
1747751586096.0,14303.7,14308.7
1747751586321.0,14303.2,14308.2
1747751589322,,
1747751589421.0,14303.7,14308.7
1747751594448.0,14304.2,14309.2
1747751594671.0,14304.7,14309.7
1747751595735.0,14304.2,14309.2
1747751595960.0,14303.7,14308.7
1747751597375.0,14302.7,14307.7
1747751603497.0,14303.2,14308.2
1747751604252.0,14303.7,14308.7
1747751610449.0,14304.2,14309.2
1747751610673.0,14304.7,14309.7
1747751611159.0,14304.2,14309.2
1747751611378.0,14303.7,14308.7
1747751612763.0,14303.2,14308.2
1747751612987.0,14303.7,14308.7
1747751616043.0,14304.2,14309.2
1747751616269.0,14303.7,14308.7
1747751622257.0,14303.2,14308.2
1747751622706.0,14303.7,14308.7
1747751627489.0,14304.2,14309.2
1747751627713.0,14303.7,14308.7
1747751630576.0,14302.2,14307.2
1747751630802.0,14302.7,14307.7
1747751634748.0,14302.2,14307.2
1747751635378.0,14302.7,14307.7
1747751636277.0,14302.2,14307.2
1747751636503.0,14302.7,14307.7
1747751639608.0,14302.2,14307.2
1747751640358.0,14302.7,14307.7
1747751640583.0,14301.2,14306.2
1747751640808.0,14301.7,14306.7
1747751644182.0,14301.2,14306.2
1747751644404.0,14301.7,14306.7
1747751648344.0,14301.2,14306.2
1747751648822.0,14301.7,14306.7
1747751652360.0,14301.2,14306.2
1747751655118,,
1747751655485.0,14301.2,14306.2
1747751657185.0,14300.7,14305.7
1747751658174.0,14301.7,14306.7
1747751658403.0,14302.7,14307.7
1747751666484.0,14302.2,14307.2
1747751666708.0,14301.7,14306.7
1747751667378.0,14301.2,14306.2
1747751667605.0,14300.7,14305.7
1747751668666.0,14301.2,14306.2
1747751668888.0,14301.7,14306.7
1747751676866.0,14301.2,14306.2
1747751677095.0,14300.7,14305.7
1747751683262.0,14301.2,14306.2
1747751683483.0,14301.7,14306.7
1747751690862.0,14302.2,14307.2
1747751691087.0,14302.7,14307.7
1747751691850.0,14303.2,14308.2
1747751692073.0,14302.7,14307.7
1747751692409.0,14303.2,14308.2
1747751694313.0,14304.2,14309.2
1747751694536.0,14304.7,14309.7
1747751695370.0,14304.2,14309.2
1747751695596.0,14303.7,14308.7
1747751703078,,
1747751705670.0,14303.2,14308.2
1747751707531.0,14302.2,14307.2
1747751707755.0,14301.2,14306.2
1747751707980.0,14301.7,14306.7
1747751708204.0,14301.2,14306.2
1747751708430.0,14300.7,14305.7
1747751711813.0,14300.2,14305.2
1747751712036.0,14300.7,14305.7
1747751712360.0,14300.2,14305.2
1747751712584.0,14299.7,14304.7
1747751712808.0,14298.7,14303.7
1747751728485.0,14299.2,14304.2
1747751730303.0,14297.7,14302.7
1747751734376.0,14298.2,14303.2
1747751734600.0,14298.7,14303.7
1747751739114.0,14297.7,14302.7
1747751740082.0,14298.2,14303.2
1747751740307.0,14297.7,14302.7
1747751741423.0,14298.2,14303.2
1747751741647.0,14298.7,14303.7
1747751742321.0,14298.2,14303.2
1747751742563.0,14297.7,14302.7
1747751752895.0,14297.2,14302.2
1747751753119.0,14296.7,14301.7
1747751762285.0,14296.2,14301.2
1747751762509.0,14295.7,14300.7
1747751763739.0,14296.2,14301.2
1747751763962.0,14295.7,14300.7
1747751764453.0,14296.2,14301.2
1747751764686.0,14296.7,14301.7
1747751767904.0,14297.2,14302.2
1747751768353.0,14297.7,14302.7
1747751768602.0,14298.2,14303.2
1747751768824.0,14298.7,14303.7
1747751771484.0,14299.2,14304.2
1747751771709.0,14299.7,14304.7
1747751772404.0,14300.2,14305.2
1747751772629.0,14300.7,14305.7
1747751775527.0,14300.2,14305.2
1747751775752.0,14300.7,14305.7
1747751783875.0,14301.2,14306.2
1747751784085.0,14301.7,14306.7
1747751785312.0,14302.2,14307.2
1747751785536.0,14302.7,14307.7
1747751788403.0,14301.2,14306.2
1747751788753.0,14300.7,14305.7
1747751788977.0,14301.7,14306.7
1747751792076.0,14301.2,14306.2
1747751792949.0,14301.7,14306.7
1747751793173.0,14300.7,14305.7
1747751800334.0,14300.2,14305.2
1747751800783.0,14300.7,14305.7
1747751801163.0,14301.2,14306.2
1747751801387.0,14301.7,14306.7
1747751810950.0,14301.2,14306.2
1747751811189.0,14299.7,14304.7
1747751812119.0,14300.2,14305.2
1747751813330.0,14299.7,14304.7
1747751820816.0,14300.2,14305.2
1747751821041.0,14300.7,14305.7
1747751821952.0,14300.2,14305.2
1747751822402.0,14300.7,14305.7
1747751822688.0,14300.2,14305.2
1747751822911.0,14300.7,14305.7
1747751823882.0,14300.2,14305.2
1747751824931.0,14299.7,14304.7
1747751830777.0,14299.2,14304.2
1747751831002.0,14298.7,14303.7
1747751833626.0,14300.2,14305.2
1747751837333.0,14299.7,14304.7
1747751838148.0,14299.2,14304.2
1747751838372.0,14298.7,14303.7
1747751856465.0,14299.2,14304.2
1747751857529.0,14299.7,14304.7
1747751859863.0,14299.2,14304.2
1747751860088.0,14299.7,14304.7
1747751860651.0,14299.2,14304.2
1747751867122.0,14298.7,14303.7
1747751868215.0,14299.2,14304.2
1747751868697.0,14298.7,14303.7
1747751872509.0,14299.2,14304.2
1747751873470.0,14299.7,14304.7
1747751876465.0,14300.2,14305.2
1747751876709.0,14300.7,14305.7
1747751876916.0,14300.2,14305.2
1747751877156.0,14299.7,14304.7
1747751877364,,
1747751878302.0,14300.2,14305.2
1747751879156.0,14299.7,14304.7
1747751879917.0,14300.2,14305.2
1747751880141.0,14300.7,14305.7
1747751886134.0,14300.2,14305.2
1747751891004.0,14300.7,14305.7
1747751893274.0,14301.2,14306.2
1747751893793.0,14300.7,14305.7
1747751894241.0,14300.2,14305.2
1747751897039.0,14300.7,14305.7
1747751898003.0,14301.2,14306.2
1747751902849.0,14301.7,14306.7
1747751905995.0,14302.2,14307.2
1747751906217.0,14303.7,14308.7
1747751909344.0,14304.2,14309.2
1747751909570.0,14303.7,14308.7
1747751910276.0,14304.2,14309.2
1747751910496.0,14304.7,14309.7
1747751910721.0,14303.7,14308.7
1747751916288.0,14304.2,14309.2
1747751916513.0,14304.7,14309.7
1747751916738.0,14304.2,14309.2
1747751918114,,
1747751918214.0,14303.7,14308.7
1747751919843.0,14303.2,14308.2
1747751920068.0,14303.7,14308.7
1747751921112.0,14303.2,14308.2
1747751925803.0,14302.7,14307.7
1747751926971.0,14302.2,14307.2
1747751927848.0,14302.7,14307.7
1747751928299.0,14301.7,14306.7
1747751934218.0,14302.2,14307.2
1747751934443.0,14302.7,14307.7
1747751937560.0,14303.2,14308.2
1747751937786.0,14302.7,14307.7
1747751943008.0,14303.2,14308.2
1747751943231.0,14303.7,14308.7
1747751944720.0,14304.2,14309.2
1747751944943.0,14304.7,14309.7
1747751960241.0,14305.7,14310.7
1747751960709.0,14305.2,14310.2
1747751961159.0,14305.7,14310.7
1747751961385.0,14304.7,14309.7
1747751962603.0,14305.2,14310.2
1747751962825.0,14305.7,14310.7
1747751966047.0,14305.2,14310.2
1747751966271.0,14304.7,14309.7
1747751968449.0,14304.2,14309.2
1747751969582.0,14304.7,14309.7
1747751972660.0,14304.2,14309.2
1747751972883.0,14304.7,14309.7
1747751973108.0,14304.2,14309.2
1747751973334.0,14304.7,14309.7
1747751975823.0,14305.2,14310.2
1747751976065.0,14305.7,14310.7
1747751978445.0,14306.7,14311.7
1747751978733.0,14306.2,14311.2
1747751978959.0,14305.7,14310.7
1747751985603.0,14306.2,14311.2
1747751985825.0,14306.7,14311.7
1747751986051.0,14306.2,14311.2
1747751986277.0,14305.7,14310.7
1747751986502.0,14306.7,14311.7
1747752000012.0,14306.9,14311.9
1747752000266.0,14307.4,14312.4
1747752000489.0,14307.9,14312.9
1747752015521.0,14308.4,14313.4
1747752015970.0,14307.9,14312.9
1747752017373.0,14307.4,14312.4
1747752017597.0,14306.9,14311.9
1747752018996.0,14307.9,14312.9
1747752025631.0,14307.4,14312.4
1747752025856.0,14306.9,14311.9
1747752028965.0,14307.9,14312.9
1747752033225.0,14308.4,14313.4
1747752033451.0,14307.9,14312.9
1747752035497.0,14308.4,14313.4
1747752035993.0,14308.9,14313.9
1747752040140.0,14309.4,14314.4
1747752040595.0,14309.9,14314.9
1747752040814.0,14309.4,14314.4
1747752041770.0,14308.9,14313.9
1747752042416.0,14309.4,14314.4
1747752042640.0,14309.9,14314.9
1747752049608.0,14309.4,14314.4
1747752050205,,
1747752050332.0,14308.9,14313.9
1747752050556.0,14307.9,14312.9
1747752050847.0,14308.4,14313.4
1747752051757.0,14308.9,14313.9
1747752064849.0,14309.4,14314.4
1747752065074.0,14309.9,14314.9
1747752066423.0,14309.4,14314.4
1747752066884.0,14309.9,14314.9
1747752068710.0,14310.4,14315.4
1747752068934.0,14310.9,14315.9
1747752069552.0,14310.4,14315.4
1747752074312.0,14309.9,14314.9
1747752074535.0,14308.9,14313.9
1747752076238.0,14308.4,14313.4
1747752077045.0,14307.9,14312.9
1747752084933.0,14308.4,14313.4
1747752085715.0,14308.9,14313.9
1747752088055.0,14308.4,14313.4
1747752088277.0,14307.9,14312.9
1747752090022,,
1747752092711.0,14307.4,14312.4
1747752092934.0,14306.9,14311.9
1747752095711.0,14306.4,14311.4
1747752095937.0,14306.9,14311.9
1747752103008.0,14307.4,14312.4
1747752103511.0,14307.9,14312.9
1747752112105.0,14307.4,14312.4
1747752112329.0,14306.9,14311.9
1747752116787.0,14306.4,14311.4
1747752117009.0,14305.9,14310.9
1747752124279.0,14305.4,14310.4
1747752124502.0,14304.9,14309.9
1747752125721.0,14304.4,14309.4
1747752125942.0,14303.9,14308.9
1747752126169.0,14302.9,14307.9
1747752128130.0,14303.4,14308.4
1747752128983.0,14303.9,14308.9
1747752129437.0,14304.4,14309.4
1747752129659.0,14304.9,14309.9
1747752140793.0,14305.4,14310.4
1747752141018.0,14305.9,14310.9
1747752143330.0,14306.4,14311.4
1747752143553.0,14306.9,14311.9
1747752144756.0,14306.4,14311.4
1747752145573.0,14305.9,14310.9
1747752146856.0,14306.4,14311.4
1747752149723.0,14305.9,14310.9
1747752150681.0,14305.4,14310.4
1747752150907.0,14304.9,14309.9
1747752151130.0,14304.4,14309.4
1747752151871.0,14304.9,14309.9
1747752153829.0,14305.4,14310.4
1747752154278.0,14305.9,14310.9
1747752170075.0,14306.4,14311.4
1747752175289.0,14307.4,14312.4
1747752176132.0,14307.9,14312.9
1747752176356.0,14308.4,14313.4
1747752178137.0,14308.9,14313.9
1747752180133.0,14308.4,14313.4
1747752180355.0,14307.9,14312.9
1747752182450.0,14307.4,14312.4
1747752182675.0,14307.9,14312.9
1747752183079.0,14307.4,14312.4
1747752184291.0,14307.9,14312.9
1747752184794.0,14308.4,14313.4
1747752188950.0,14307.9,14312.9
1747752190368.0,14307.4,14312.4
1747752190958.0,14307.9,14312.9
1747752192590.0,14308.4,14313.4
1747752192814.0,14308.9,14313.9
1747752194715.0,14309.4,14314.4
1747752194938.0,14308.9,14313.9
1747752196795.0,14308.4,14313.4
1747752197327.0,14307.9,14312.9
1747752202713.0,14307.4,14312.4
1747752204309.0,14306.9,14311.9
1747752204758.0,14306.4,14311.4
1747752206965.0,14306.9,14311.9
1747752209575.0,14307.4,14312.4
1747752211179.0,14307.9,14312.9
1747752211982.0,14307.4,14312.4
1747752215168.0,14307.9,14312.9
1747752221347.0,14307.4,14312.4
1747752221571.0,14307.9,14312.9
1747752230483.0,14308.4,14313.4
1747752230932.0,14307.9,14312.9
1747752235834.0,14308.4,14313.4
1747752238151,,
1747752239451.0,14308.9,14313.9
1747752242351.0,14309.4,14314.4
1747752242803.0,14310.4,14315.4
1747752243025.0,14309.9,14314.9
1747752243861.0,14309.4,14314.4
1747752244087.0,14309.9,14314.9
1747752245989.0,14310.4,14315.4
1747752247227.0,14311.4,14316.4
1747752247632.0,14311.9,14316.9
1747752247857.0,14311.4,14316.4
1747752248092.0,14311.9,14316.9
1747752250325.0,14312.4,14317.4
1747752251317.0,14311.9,14316.9
1747752252255.0,14312.4,14317.4
1747752257817.0,14309.9,14314.9
1747752258942.0,14309.4,14314.4
1747752259391.0,14309.9,14314.9
1747752263480.0,14309.4,14314.4
1747752263705.0,14310.9,14315.9
1747752263930.0,14311.9,14316.9
1747752265871.0,14311.4,14316.4
1747752268002.0,14311.9,14316.9
1747752271675.0,14312.4,14317.4
1747752271897.0,14312.9,14317.9
1747752273563.0,14312.4,14317.4
1747752276058.0,14311.9,14316.9
1747752280118.0,14312.4,14317.4
1747752280349.0,14311.9,14316.9
1747752280659.0,14311.4,14316.4
1747752285503.0,14310.9,14315.9
1747752295067.0,14311.4,14316.4
1747752301035,,
1747752301135.0,14311.9,14316.9
1747752305736.0,14312.4,14317.4
1747752305971.0,14312.9,14317.9
1747752309816.0,14313.4,14318.4
1747752310265.0,14312.9,14317.9
1747752312402.0,14312.4,14317.4
1747752312850.0,14310.9,14315.9
1747752314698.0,14310.4,14315.4
1747752314923.0,14309.9,14314.9
1747752315456.0,14310.4,14315.4
1747752315681.0,14310.9,14315.9
1747752327907.0,14310.4,14315.4
1747752329709.0,14309.9,14314.9
1747752332219.0,14310.4,14315.4
1747752332443.0,14310.9,14315.9
1747752333291.0,14310.4,14315.4
1747752334640.0,14309.9,14314.9
1747752337090.0,14310.4,14315.4
1747752340607.0,14310.9,14315.9
1747752342750.0,14310.4,14315.4
1747752343741.0,14309.9,14314.9
1747752347165.0,14310.4,14315.4
1747752347392.0,14309.9,14314.9
1747752348835.0,14310.4,14315.4
1747752349284.0,14309.9,14314.9
1747752353454.0,14310.4,14315.4
1747752353904.0,14309.9,14314.9
1747752355421.0,14310.4,14315.4
1747752355646.0,14309.9,14314.9
1747752356848.0,14309.4,14314.4
1747752357055.0,14309.9,14314.9
1747752357734.0,14310.4,14315.4
1747752358184.0,14309.9,14314.9
1747752358683.0,14310.4,14315.4
1747752358906.0,14309.9,14314.9
1747752365320.0,14310.4,14315.4
1747752365543.0,14310.9,14315.9
1747752369509.0,14310.4,14315.4
1747752369735.0,14309.9,14314.9
1747752370568.0,14310.4,14315.4
1747752370792.0,14310.9,14315.9
1747752372488.0,14310.4,14315.4
1747752372943.0,14310.9,14315.9
1747752373168.0,14310.4,14315.4
1747752374097.0,14310.9,14315.9
1747752374546.0,14309.9,14314.9
1747752379467.0,14309.4,14314.4
1747752379691.0,14308.4,14313.4
1747752379915.0,14307.9,14312.9
1747752380802.0,14308.4,14313.4
1747752384213,,
1747752384322.0,14309.4,14314.4
1747752384584.0,14309.9,14314.9
1747752397638.0,14308.9,14313.9
1747752401114.0,14308.4,14313.4
1747752401337.0,14307.9,14312.9
1747752409941.0,14308.4,14313.4
1747752410163.0,14308.9,14313.9
1747752411963.0,14308.4,14313.4
1747752412410.0,14308.9,14313.9
1747752415337.0,14309.4,14314.4
1747752416120.0,14309.9,14314.9
1747752419104.0,14310.4,14315.4
1747752419330.0,14310.9,14315.9
1747752423436.0,14310.4,14315.4
1747752424747.0,14309.9,14314.9
1747752425490.0,14309.4,14314.4
1747752425714.0,14309.9,14314.9
1747752433695.0,14309.4,14314.4
1747752438107.0,14308.9,14313.9
1747752440425.0,14308.4,14313.4
1747752440649.0,14308.9,14313.9
1747752450456.0,14309.4,14314.4
1747752450971.0,14309.9,14314.9
1747752454178.0,14309.4,14314.4
1747752454402.0,14308.9,14313.9
1747752459011.0,14309.4,14314.4
1747752459236.0,14309.9,14314.9
1747752459573.0,14309.4,14314.4
1747752460143.0,14309.9,14314.9
1747752460595.0,14309.4,14314.4
1747752463032.0,14308.9,14313.9
1747752467189.0,14309.4,14314.4
1747752469924.0,14309.9,14314.9
1747752470567.0,14309.4,14314.4
1747752477063.0,14308.9,14313.9
1747752481255.0,14309.4,14314.4
1747752481480.0,14309.9,14314.9
1747752483478.0,14309.4,14314.4
1747752485331.0,14309.9,14314.9
1747752492763.0,14310.4,14315.4
1747752492985.0,14310.9,14315.9
1747752496214.0,14311.4,14316.4
1747752496437.0,14311.9,14316.9
1747752498613.0,14311.4,14316.4
1747752504490.0,14311.9,14316.9
1747752515057.0,14312.4,14317.4
1747752515280.0,14311.9,14316.9
1747752515506.0,14312.9,14317.9
1747752519628.0,14312.4,14317.4
1747752519849.0,14312.9,14317.9
1747752523779.0,14313.4,14318.4
1747752524006.0,14313.9,14318.9
1747752525751.0,14313.4,14318.4
1747752530544.0,14312.9,14317.9
1747752533055.0,14312.4,14317.4
1747752533278.0,14311.9,14316.9
1747752535327.0,14312.4,14317.4
1747752535551.0,14312.9,14317.9
1747752536525.0,14312.4,14317.4
1747752536749.0,14312.9,14317.9
1747752540292,,
1747752541102.0,14313.4,14318.4
1747752541628.0,14312.9,14317.9
1747752545135.0,14312.4,14317.4
1747752545754.0,14312.9,14317.9
1747752546203.0,14312.4,14317.4
1747752548845.0,14312.9,14317.9
1747752560148.0,14312.4,14317.4
1747752562819.0,14312.9,14317.9
1747752567881.0,14312.4,14317.4
1747752568102.0,14311.4,14316.4
1747752585324.0,14309.9,14314.9
1747752585848.0,14310.4,14315.4
1747752586073.0,14309.9,14314.9
1747752586302.0,14310.4,14315.4
1747752586527.0,14310.9,14315.9
1747752592014.0,14310.4,14315.4
1747752592238.0,14310.9,14315.9
1747752598686.0,14311.4,14316.4
1747752598909.0,14311.9,14316.9
1747752600020.0,14313.2,14318.2
1747752600118.0,14312.7,14317.7
1747752600527,,
1747752601064,,
1747752602696.0,14313.2,14318.2
1747752605403.0,14312.7,14317.7
1747752606825,,
1747752606948.0,14312.2,14317.2
1747752607428,,
1747752612942.0,14311.7,14316.7
1747752613171.0,14311.2,14316.2
1747752613389.0,14309.7,14314.7
1747752614430.0,14310.7,14315.7
1747752614643.0,14311.2,14316.2
1747752616006.0,14310.7,14315.7
1747752616246.0,14310.2,14315.2
1747752618284.0,14310.7,14315.7
1747752618510.0,14311.2,14316.2
1747752619830.0,14311.7,14316.7
1747752620744.0,14312.2,14317.2
1747752630535.0,14311.2,14316.2
1747752631297.0,14312.7,14317.7
1747752633185.0,14313.2,14318.2
1747752634424.0,14312.7,14317.7
1747752634648.0,14313.7,14318.7
1747752634986.0,14313.2,14318.2
1747752638208.0,14313.7,14318.7
1747752639096.0,14313.2,14318.2
1747752641735.0,14313.7,14318.7
1747752645053.0,14314.2,14319.2
1747752654652.0,14314.7,14319.7
1747752655418.0,14315.2,14320.2
1747752668612.0,14315.7,14320.7
1747752669304.0,14317.2,14322.2
1747752671344.0,14316.7,14321.7
1747752675910.0,14317.2,14322.2
1747752678381.0,14316.7,14321.7
1747752678612.0,14317.2,14322.2
1747752683988.0,14316.7,14321.7
1747752686108.0,14316.2,14321.2
1747752687527.0,14315.7,14320.7
1747752687977.0,14315.2,14320.2
1747752688776.0,14315.7,14320.7
1747752689569.0,14316.2,14321.2
1747752689793.0,14315.7,14320.7
1747752690018.0,14316.2,14321.2
1747752691084.0,14315.7,14320.7
1747752691309.0,14316.2,14321.2
1747752692465.0,14315.7,14320.7
1747752692689.0,14315.2,14320.2
1747752693954.0,14315.7,14320.7
1747752695175.0,14316.2,14321.2
1747752697056.0,14316.7,14321.7
1747752701075.0,14317.2,14322.2
1747752701298.0,14316.2,14321.2
1747752704703.0,14315.7,14320.7
1747752704917.0,14315.2,14320.2
1747752707771.0,14315.7,14320.7
1747752708221.0,14315.7,14320.7
1747752708471.0,14316.2,14321.2
1747752716670.0,14316.7,14321.7
1747752716893.0,14316.2,14321.2
1747752717172.0,14316.7,14321.7
1747752717397.0,14316.2,14321.2
1747752725095.0,14316.7,14321.7
1747752730869.0,14316.2,14321.2
1747752731094.0,14315.7,14320.7
1747752732975.0,14316.2,14321.2
1747752733199.0,14315.7,14320.7
1747752733629.0,14316.2,14321.2
1747752734326.0,14315.7,14320.7
1747752734775.0,14315.2,14320.2
1747752736840.0,14315.7,14320.7
1747752737064.0,14316.2,14321.2
1747752737769.0,14316.7,14321.7
1747752737992.0,14316.2,14321.2
1747752739598.0,14316.7,14321.7
1747752740409.0,14317.2,14322.2
1747752741930.0,14316.7,14321.7
1747752742156.0,14316.2,14321.2
1747752746386.0,14316.7,14321.7
1747752749125.0,14316.2,14321.2
1747752759751.0,14315.7,14320.7
1747752761668,,
1747752770936.0,14314.2,14319.2
1747752772152,,
1747752772252.0,14315.2,14320.2
1747752775027.0,14315.7,14320.7
1747752778578.0,14315.2,14320.2
1747752780101.0,14314.7,14319.7
1747752781187.0,14314.2,14319.2
1747752782954.0,14314.7,14319.7
1747752783179.0,14315.2,14320.2
1747752783832.0,14315.7,14320.7
1747752784057.0,14317.2,14322.2
1747752799753.0,14317.7,14322.7
1747752799980.0,14318.2,14323.2
1747752800203.0,14317.7,14322.7
1747752802243.0,14317.2,14322.2
1747752806939.0,14316.7,14321.7
1747752807163.0,14317.2,14322.2
1747752818405.0,14317.7,14322.7
1747752818949.0,14317.2,14322.2
1747752822184.0,14316.7,14321.7
1747752825241,,
1747752830127.0,14316.2,14321.2
1747752845870.0,14315.7,14320.7
1747752848038.0,14315.2,14320.2
1747752849910.0,14314.7,14319.7
1747752850369.0,14315.2,14320.2
1747752850817.0,14313.2,14318.2
1747752853452.0,14312.7,14317.7
1747752853676.0,14312.2,14317.2
1747752855848.0,14312.7,14317.7
1747752856073.0,14312.2,14317.2
1747752858470.0,14312.7,14317.7
1747752858694.0,14313.2,14318.2
1747752862615.0,14313.7,14318.7
1747752862837.0,14314.2,14319.2
1747752882092.0,14313.7,14318.7
1747752882315.0,14313.2,14318.2
1747752883446.0,14313.7,14318.7
1747752884161.0,14313.2,14318.2
1747752885076.0,14313.7,14318.7
1747752885824.0,14313.2,14318.2
1747752886050.0,14315.2,14320.2
1747752886273.0,14314.7,14319.7
1747752886501.0,14314.2,14319.2
1747752886958.0,14314.7,14319.7
1747752888041.0,14314.2,14319.2
1747752888264.0,14314.7,14319.7
1747752890080.0,14315.2,14320.2
1747752890530.0,14314.7,14319.7
1747752891292.0,14315.2,14320.2
1747752892105.0,14315.7,14320.7
1747752895166.0,14315.2,14320.2
1747752898004.0,14314.7,14319.7
1747752898228.0,14314.2,14319.2
1747752898521.0,14314.7,14319.7
1747752899777.0,14314.2,14319.2
1747752900592.0,14314.7,14319.7
1747752903167.0,14315.2,14320.2
1747752903663.0,14315.7,14320.7
1747752903888.0,14315.2,14320.2
1747752911218.0,14314.7,14319.7
1747752911672.0,14315.2,14320.2
1747752914844.0,14315.7,14320.7
1747752915069.0,14316.2,14321.2
1747752916772.0,14316.7,14321.7
1747752916994.0,14318.2,14323.2
1747752917375.0,14317.7,14322.7
1747752917599.0,14317.2,14322.2
1747752917823.0,14317.7,14322.7
1747752918625.0,14317.2,14322.2
1747752919233.0,14317.7,14322.7
1747752920553.0,14318.2,14323.2
1747752923409.0,14318.7,14323.7
1747752923930.0,14318.2,14323.2
1747752925721.0,14318.7,14323.7
1747752928450.0,14319.2,14324.2
1747752930955.0,14319.7,14324.7
1747752931180.0,14320.2,14325.2
1747752933002.0,14320.7,14325.7
1747752933489.0,14320.2,14325.2
1747752934577.0,14320.7,14325.7
1747752935338.0,14321.2,14326.2
1747752936750.0,14320.7,14325.7
1747752937661.0,14321.2,14326.2
1747752937884.0,14320.7,14325.7
1747752938267.0,14321.2,14326.2
1747752939499.0,14320.7,14325.7
1747752939722,,
1747752940144.0,14321.2,14326.2
1747752942391.0,14320.7,14325.7
1747752942614.0,14321.2,14326.2
1747752943274.0,14321.7,14326.7
1747752943721.0,14321.2,14326.2
1747752945919.0,14320.7,14325.7
1747752946156.0,14321.2,14326.2
1747752946367.0,14320.7,14325.7
1747752947218.0,14320.2,14325.2
1747752947918.0,14320.7,14325.7
1747752948141.0,14321.2,14326.2
1747752950494.0,14320.7,14325.7
1747752954860.0,14321.2,14326.2
1747752960861.0,14321.7,14326.7
1747752961888.0,14321.2,14326.2
1747752962336.0,14321.7,14326.7
1747752965722.0,14321.2,14326.2
1747752966181.0,14321.7,14326.7
1747752966403.0,14322.2,14327.2
1747752968157.0,14322.7,14327.7
1747752968383.0,14322.2,14327.2
1747752977623.0,14321.7,14326.7
1747752978078.0,14322.2,14327.2
1747752978661.0,14322.7,14327.7
1747752979268.0,14322.2,14327.2
1747752981135.0,14323.2,14328.2
1747752985883.0,14323.7,14328.7
1747752986106.0,14324.2,14329.2
1747752987694.0,14325.2,14330.2
1747752988509.0,14324.7,14329.7
1747752989851.0,14324.2,14329.2
1747753001102.0,14323.7,14328.7
1747753001551.0,14324.7,14329.7
1747753001776.0,14324.2,14329.2
1747753002118.0,14324.7,14329.7
1747753003317.0,14325.2,14330.2
1747753010216.0,14325.7,14330.7
1747753014449,,
1747753014610.0,14324.2,14329.2
1747753019091.0,14323.7,14328.7
1747753019314.0,14323.2,14328.2
1747753021016.0,14322.7,14327.7
1747753022688,,
1747753022908.0,14323.2,14328.2
1747753025166.0,14322.7,14327.7
1747753027516,,
1747753027727.0,14323.7,14328.7
1747753029331.0,14323.2,14328.2
1747753032598.0,14322.7,14327.7
1747753032823.0,14322.2,14327.2
1747753035077,,
1747753035278.0,14323.2,14328.2
1747753037367.0,14322.7,14327.7
1747753037592.0,14322.2,14327.2
1747753038216.0,14322.7,14327.7
1747753038831.0,14323.2,14328.2
1747753039450.0,14322.7,14327.7
1747753040447.0,14323.2,14328.2
1747753041503.0,14322.7,14327.7
1747753042517.0,14323.2,14328.2
1747753044912.0,14322.2,14327.2
1747753045248.0,14322.7,14327.7
1747753048016.0,14323.2,14328.2
1747753048985.0,14323.7,14328.7
1747753050183.0,14324.2,14329.2
1747753050408.0,14323.7,14328.7
1747753051208.0,14324.2,14329.2
1747753052463.0,14323.7,14328.7
1747753052685.0,14324.2,14329.2
1747753060218.0,14323.7,14328.7
1747753060444.0,14323.2,14328.2
1747753060711.0,14322.2,14327.2
1747753061860.0,14321.7,14326.7
1747753062084.0,14321.2,14326.2
1747753066072.0,14321.7,14326.7
1747753066296.0,14323.7,14328.7
1747753066816.0,14324.2,14329.2
1747753067890.0,14323.7,14328.7
1747753070154,,
1747753070367.0,14323.2,14328.2
1747753070687.0,14323.7,14328.7
1747753073644.0,14324.2,14329.2
1747753077857.0,14323.7,14328.7
1747753079663.0,14323.2,14328.2
1747753080773.0,14323.7,14328.7
1747753082699.0,14323.2,14328.2
1747753083191.0,14323.7,14328.7
1747753084293.0,14323.2,14328.2
1747753085118.0,14322.7,14327.7
1747753085569.0,14323.2,14328.2
1747753087716.0,14322.7,14327.7
1747753089154.0,14323.2,14328.2
1747753090387.0,14322.7,14327.7
1747753092980.0,14323.2,14328.2
1747753095217.0,14322.7,14327.7
1747753096795.0,14322.2,14327.2
1747753097170.0,14322.7,14327.7
1747753097394.0,14323.2,14328.2
1747753098347.0,14322.7,14327.7
1747753101102.0,14323.7,14328.7
1747753101328.0,14324.2,14329.2
1747753102227.0,14323.7,14328.7
1747753102451.0,14323.2,14328.2
1747753103669.0,14323.7,14328.7
1747753105256.0,14323.2,14328.2
1747753106742.0,14323.7,14328.7
1747753106968.0,14323.2,14328.2
1747753107923.0,14323.7,14328.7
1747753110360.0,14323.2,14328.2
1747753110811.0,14322.7,14327.7
1747753111557.0,14323.2,14328.2
1747753112005.0,14322.7,14327.7
1747753114047.0,14322.2,14327.2
1747753114262.0,14321.7,14326.7
1747753114481.0,14321.2,14326.2
1747753118690.0,14320.7,14325.7
1747753119673.0,14320.2,14325.2
1747753120814.0,14319.7,14324.7
1747753123858.0,14319.2,14324.2
1747753127205.0,14319.7,14324.7
1747753127427.0,14320.2,14325.2
1747753128965.0,14319.7,14324.7
1747753129414.0,14319.2,14324.2
1747753132875.0,14319.7,14324.7
1747753133768.0,14320.2,14325.2
1747753142967.0,14320.7,14325.7
1747753143204.0,14321.2,14326.2
1747753143735.0,14320.7,14325.7
1747753143938.0,14320.2,14325.2
1747753145631.0,14320.7,14325.7
1747753146170.0,14321.2,14326.2
1747753146959.0,14320.7,14325.7
1747753150173.0,14321.2,14326.2
1747753151214.0,14321.7,14326.7
1747753155719.0,14322.7,14327.7
1747753156395.0,14322.2,14327.2
1747753157423.0,14322.7,14327.7
1747753159535.0,14321.7,14326.7
1747753159809.0,14322.2,14327.2
1747753160660.0,14321.7,14326.7
1747753161454.0,14322.2,14327.2
1747753163121.0,14321.7,14326.7
1747753163863.0,14322.2,14327.2
1747753167256.0,14321.7,14326.7
1747753167480.0,14321.2,14326.2
1747753184335.0,14320.7,14325.7
1747753185318.0,14320.2,14325.2
1747753188444.0,14319.7,14324.7
1747753189078.0,14319.2,14324.2
1747753193299.0,14319.7,14324.7
1747753194179,,
1747753194375.0,14320.2,14325.2
1747753199212.0,14320.7,14325.7
1747753199436.0,14321.2,14326.2
1747753200018.0,14321.1,14326.1
1747753203387.0,14320.6,14325.6
1747753203611.0,14320.1,14325.1
1747753203834.0,14319.6,14324.6
1747753204240.0,14319.1,14324.1
1747753205086.0,14320.1,14325.1
1747753205522.0,14320.6,14325.6
1747753205972.0,14320.1,14325.1
1747753206422.0,14320.6,14325.6
1747753206647.0,14320.1,14325.1
1747753207477.0,14320.6,14325.6
1747753208704.0,14320.1,14325.1
1747753209487.0,14321.1,14326.1
1747753213569.0,14322.1,14327.1
1747753214163.0,14323.1,14328.1
1747753219426.0,14322.6,14327.6
1747753219650.0,14322.1,14327.1
1747753223103.0,14321.6,14326.6
1747753223324.0,14321.1,14326.1
1747753226984.0,14321.6,14326.6
1747753227208.0,14322.1,14327.1
1747753231566.0,14321.6,14326.6
1747753231791.0,14321.1,14326.1
1747753233254.0,14321.6,14326.6
1747753233478.0,14321.1,14326.1
1747753234861,,
1747753236801.0,14320.6,14325.6
1747753237251.0,14321.1,14326.1
1747753241594.0,14321.6,14326.6
1747753242534.0,14322.1,14327.1
1747753245122.0,14322.6,14327.6
1747753245558.0,14322.1,14327.1
1747753252082.0,14321.6,14326.6
1747753252306.0,14320.1,14325.1
1747753252743.0,14320.6,14325.6
1747753252967.0,14321.1,14326.1
1747753255391.0,14321.6,14326.6
1747753255615.0,14321.1,14326.1
1747753256933.0,14321.6,14326.6
1747753262722.0,14321.1,14326.1
1747753263170.0,14321.6,14326.6
1747753266474.0,14321.1,14326.1
1747753267462.0,14320.6,14325.6
1747753269458.0,14321.1,14326.1
1747753272593.0,14320.6,14325.6
1747753272817.0,14320.1,14325.1
1747753273741.0,14319.6,14324.6
1747753287237.0,14319.1,14324.1
1747753292753.0,14319.6,14324.6
1747753294120.0,14319.1,14324.1
1747753296769.0,14319.6,14324.6
1747753297929.0,14319.1,14324.1
1747753303498.0,14318.6,14323.6
1747753303723.0,14319.1,14324.1
1747753305190.0,14318.1,14323.1
1747753313298.0,14317.1,14322.1
1747753316473.0,14317.6,14322.6
1747753316696.0,14318.1,14323.1
1747753317385.0,14318.6,14323.6
1747753317611.0,14318.1,14323.1
1747753322614.0,14317.6,14322.6
1747753323064.0,14317.1,14322.1
1747753324126.0,14317.6,14322.6
1747753326897.0,14317.1,14322.1
1747753327350.0,14317.6,14322.6
1747753328383.0,14318.1,14323.1
1747753333472.0,14318.6,14323.6
1747753333695.0,14318.1,14323.1
1747753337781.0,14317.1,14322.1
1747753346114.0,14317.6,14322.6
1747753348034,,
1747753348176.0,14317.1,14322.1
1747753355991.0,14317.6,14322.6
1747753356969.0,14317.1,14322.1
1747753357841.0,14316.6,14321.6
1747753358066.0,14317.1,14322.1
1747753362263.0,14317.6,14322.6
1747753363329.0,14317.1,14322.1
1747753363551,,
1747753367572.0,14316.6,14321.6
1747753367797.0,14316.1,14321.1
1747753378777.0,14315.6,14320.6
1747753379936.0,14315.1,14320.1
1747753383219.0,14314.6,14319.6
1747753385231,,
1747753385377.0,14315.1,14320.1
1747753389040.0,14314.6,14319.6
1747753389264.0,14314.1,14319.1
1747753390532.0,14314.6,14319.6
1747753390981.0,14314.1,14319.1
1747753393588.0,14314.6,14319.6
1747753393833.0,14315.1,14320.1
1747753394376.0,14314.6,14319.6
1747753397047.0,14315.1,14320.1
1747753397497.0,14315.6,14320.6
1747753398347.0,14315.1,14320.1
1747753407813.0,14315.6,14320.6
1747753408279.0,14315.1,14320.1
1747753409968.0,14315.6,14320.6
1747753411685.0,14316.6,14321.6
1747753412503.0,14317.1,14322.1
1747753412727.0,14316.1,14321.1
1747753424042.0,14316.6,14321.6
1747753425633.0,14317.1,14322.1
1747753426082.0,14317.6,14322.6
1747753427668.0,14318.1,14323.1
1747753447823.0,14317.6,14322.6
1747753448046.0,14316.6,14321.6
1747753448272.0,14317.1,14322.1
1747753457612.0,14316.6,14321.6
1747753457835.0,14316.1,14321.1
1747753465666.0,14316.6,14321.6
1747753465889.0,14317.1,14322.1
1747753476919.0,14317.6,14322.6
1747753477152.0,14317.1,14322.1
1747753477593.0,14317.6,14322.6
1747753479238.0,14317.1,14322.1
1747753479462.0,14316.1,14321.1
1747753480280.0,14315.6,14320.6
1747753480512.0,14315.1,14320.1
1747753482159.0,14315.6,14320.6
1747753482384.0,14316.1,14321.1
1747753491095.0,14315.6,14320.6
1747753491614.0,14316.1,14321.1
1747753499162.0,14315.6,14320.6
1747753500141.0,14316.1,14321.1
1747753501474.0,14315.6,14320.6
1747753501697.0,14316.1,14321.1
1747753504402.0,14315.6,14320.6
1747753504626.0,14315.1,14320.1
1747753504992.0,14315.6,14320.6
1747753505216.0,14315.1,14320.1
1747753505780.0,14315.6,14320.6
1747753506003.0,14316.1,14321.1
1747753506455.0,14315.6,14320.6
1747753508452.0,14315.1,14320.1
1747753509604.0,14315.6,14320.6
1747753509827.0,14316.1,14321.1
1747753511066.0,14314.1,14319.1
1747753515933.0,14314.6,14319.6
1747753516158.0,14315.1,14320.1
1747753517740.0,14315.6,14320.6
1747753517965.0,14316.1,14321.1
1747753519775.0,14316.6,14321.6
1747753522140,,
1747753522814.0,14316.1,14321.1
1747753523050.0,14315.6,14320.6
1747753524731.0,14315.1,14320.1
1747753528432.0,14315.6,14320.6
1747753530227.0,14317.1,14322.1
1747753533826.0,14316.6,14321.6
1747753534046.0,14316.1,14321.1
1747753535728.0,14316.6,14321.6
1747753535952.0,14316.1,14321.1
1747753536788.0,14315.6,14320.6
1747753537012.0,14316.1,14321.1
1747753537711.0,14315.6,14320.6
1747753538161.0,14316.1,14321.1
1747753542319.0,14316.6,14321.6
1747753542542.0,14317.1,14322.1
1747753546660.0,14316.1,14321.1
1747753547513.0,14316.6,14321.6
1747753547963.0,14317.1,14322.1
1747753557316.0,14317.6,14322.6
1747753557540.0,14318.1,14323.1
1747753562065.0,14316.1,14321.1
1747753563667.0,14316.6,14321.6
1747753564407,,
1747753564738.0,14315.1,14320.1
1747753565037.0,14315.6,14320.6
1747753566395.0,14316.1,14321.1
1747753571457.0,14315.6,14320.6
1747753571686.0,14315.1,14320.1
1747753573474.0,14315.6,14320.6
1747753573694.0,14316.6,14321.6
1747753573916.0,14316.1,14321.1
1747753575646.0,14316.6,14321.6
1747753576095.0,14316.1,14321.1
1747753588560.0,14316.6,14321.6
1747753589673.0,14317.1,14322.1
1747753590949.0,14317.6,14322.6
1747753591173.0,14318.1,14323.1
1747753594705.0,14316.1,14321.1
1747753595116,,
1747753601298.0,14315.6,14320.6
1747753601519.0,14315.1,14320.1
1747753603766.0,14315.6,14320.6
1747753603990.0,14316.1,14321.1
1747753606021.0,14315.6,14320.6
1747753606470.0,14316.1,14321.1
1747753607990.0,14315.6,14320.6
1747753608224.0,14314.1,14319.1
1747753608544.0,14313.6,14318.6
1747753610188.0,14312.1,14317.1
1747753614228.0,14312.6,14317.6
1747753614446.0,14313.1,14318.1
1747753615221.0,14313.6,14318.6
1747753615965.0,14314.1,14319.1
1747753617104.0,14313.6,14318.6
1747753617591.0,14314.1,14319.1
1747753618365.0,14314.6,14319.6
1747753618815,,
1747753620277.0,14314.1,14319.1
1747753620780.0,14313.6,14318.6
1747753621005.0,14314.1,14319.1
1747753621696.0,14313.6,14318.6
1747753621922.0,14314.1,14319.1
1747753623372.0,14313.1,14318.1
1747753626993.0,14312.6,14317.6
1747753627224.0,14313.1,14318.1
1747753627444.0,14312.1,14317.1
1747753630449.0,14311.6,14316.6
1747753633993.0,14312.1,14317.1
1747753636929.0,14312.6,14317.6
1747753637166.0,14314.1,14319.1
1747753637636.0,14313.1,14318.1
1747753637860,,
1747753638451.0,14312.6,14317.6
1747753638676.0,14312.1,14317.1
1747753639723,,
1747753640209,,
1747753640561.0,14312.6,14317.6
1747753642072.0,14312.1,14317.1
1747753643908.0,14312.6,14317.6
1747753644356.0,14312.1,14317.1
1747753646351.0,14311.6,14316.6
1747753646556,,
1747753647265.0,14311.1,14316.1
1747753647972.0,14310.6,14315.6
1747753648195,,
1747753648666.0,14310.1,14315.1
1747753651657.0,14311.1,14316.1
1747753652681.0,14311.6,14316.6
1747753652907.0,14312.1,14317.1
1747753659311.0,14312.6,14317.6
1747753662686.0,14313.1,14318.1
1747753668041.0,14313.6,14318.6
1747753668265.0,14314.1,14319.1
1747753675546,,
1747753679332.0,14313.6,14318.6
1747753679782.0,14313.1,14318.1
1747753685373.0,14312.6,14317.6
1747753692317.0,14313.1,14318.1
1747753698517.0,14313.6,14318.6
1747753700446,,
1747753700616.0,14315.1,14320.1
1747753700907.0,14314.6,14319.6
1747753701132.0,14314.1,14319.1
1747753707897.0,14314.6,14319.6
1747753710798.0,14315.1,14320.1
1747753712267.0,14315.6,14320.6
1747753712492.0,14315.1,14320.1
1747753714356.0,14314.6,14319.6
1747753714582.0,14314.1,14319.1
1747753723482.0,14314.6,14319.6
1747753723708.0,14315.1,14320.1
1747753726847.0,14315.6,14320.6
1747753727628.0,14315.1,14320.1
1747753733415.0,14315.6,14320.6
1747753733876.0,14316.1,14321.1
1747753746135.0,14315.6,14320.6
1747753746361.0,14317.1,14322.1
1747753749075.0,14316.6,14321.6
1747753749918.0,14317.1,14322.1
1747753750140.0,14316.1,14321.1
1747753750791.0,14316.6,14321.6
1747753751020.0,14317.1,14322.1
1747753754366.0,14317.6,14322.6
1747753761121.0,14318.1,14323.1
1747753762081.0,14318.6,14323.6
1747753762306.0,14318.1,14323.1
1747753762623.0,14318.6,14323.6
1747753763279.0,14319.1,14324.1
1747753767725.0,14319.6,14324.6
1747753767946.0,14320.1,14325.1
1747753768557.0,14319.1,14324.1
1747753769021.0,14320.1,14325.1
1747753776935.0,14319.6,14324.6
1747753777791.0,14318.6,14323.6
1747753780392.0,14318.1,14323.1
1747753781327.0,14317.6,14322.6
1747753781550.0,14317.1,14322.1
1747753800012.0,14318.4,14323.4
1747753801771.0,14318.9,14323.9
1747753801995.0,14319.4,14324.4
1747753803974.0,14318.9,14323.9
1747753804198.0,14319.9,14324.9
1747753804713.0,14320.4,14325.4
1747753804937.0,14320.9,14325.9
1747753806333.0,14320.4,14325.4
1747753813514.0,14322.4,14327.4
1747753818305.0,14322.9,14327.9
1747753818530.0,14323.9,14328.9
1747753819277.0,14324.4,14329.4
1747753821415.0,14323.9,14328.9
1747753822076.0,14324.4,14329.4
1747753822696.0,14324.9,14329.9
1747753822919.0,14324.4,14329.4
1747753823703.0,14323.9,14328.9
1747753823926.0,14323.4,14328.4
1747753827522.0,14323.9,14328.9
1747753827745.0,14324.4,14329.4
1747753832789.0,14323.9,14328.9
1747753833019.0,14323.4,14328.4
1747753834249.0,14323.9,14328.9
1747753834472.0,14323.4,14328.4
1747753841292.0,14323.9,14328.9
1747753841514.0,14324.4,14329.4
1747753842158.0,14324.9,14329.9
1747753842606.0,14324.4,14329.4
1747753842831.0,14324.9,14329.9
1747753843057.0,14325.4,14330.4
1747753843283.0,14324.4,14329.4
1747753844639.0,14324.9,14329.9
1747753845088.0,14324.4,14329.4
1747753852224.0,14323.9,14328.9
1747753853071.0,14324.4,14329.4
1747753854983.0,14324.9,14329.9
1747753855432.0,14324.4,14329.4
1747753858718.0,14324.9,14329.9
1747753860011.0,14323.9,14328.9
1747753860235.0,14323.4,14328.4
1747753862874.0,14323.9,14328.9
1747753863098.0,14324.4,14329.4
1747753865066.0,14323.9,14328.9
1747753865290.0,14324.4,14329.4
1747753867136.0,14323.9,14328.9
1747753867962.0,14324.4,14329.4
1747753868896.0,14323.9,14328.9
1747753869347.0,14324.9,14329.9
1747753869881.0,14325.4,14330.4
1747753870569.0,14325.9,14330.9
1747753870793.0,14325.4,14330.4
1747753873807.0,14325.9,14330.9
1747753874259.0,14326.4,14331.4
1747753875083.0,14326.9,14331.9
1747753878306.0,14325.9,14330.9
1747753879919.0,14325.4,14330.4
1747753880143.0,14325.9,14330.9
1747753883593.0,14325.4,14330.4
1747753883819.0,14325.9,14330.9
1747753884042.0,14326.4,14331.4
1747753885826.0,14325.9,14330.9
1747753886606.0,14326.4,14331.4
1747753888536.0,14326.9,14331.9
1747753888985.0,14326.4,14331.4
1747753891732.0,14326.9,14331.9
1747753892717.0,14327.4,14332.4
1747753894834,,
1747753895597.0,14327.9,14332.9
1747753896045.0,14327.4,14332.4
1747753896439.0,14327.9,14332.9
1747753896890.0,14328.4,14333.4
1747753897483.0,14327.4,14332.4
1747753898803.0,14326.9,14331.9
1747753899024.0,14326.4,14331.4
1747753907114.0,14325.9,14330.9
1747753909959.0,14326.4,14331.4
1747753919090.0,14325.9,14330.9
1747753919313.0,14325.4,14330.4
1747753921228.0,14324.9,14329.9
1747753921449.0,14325.4,14330.4
1747753926253.0,14325.9,14330.9
1747753926477.0,14325.4,14330.4
1747753927675.0,14325.9,14330.9
1747753927902.0,14326.4,14331.4
1747753930178.0,14326.9,14331.9
1747753930404.0,14326.4,14331.4
1747753933909.0,14326.9,14331.9
1747753934131.0,14327.4,14332.4
1747753936062.0,14327.9,14332.9
1747753936288.0,14328.4,14333.4
1747753937551.0,14327.9,14332.9
1747753938001.0,14327.4,14332.4
1747753942422.0,14327.9,14332.9
1747753942645.0,14328.4,14333.4
1747753946670.0,14327.9,14332.9
1747753948185,,
1747753948508.0,14327.4,14332.4
1747753952552.0,14327.9,14332.9
1747753953427.0,14328.4,14333.4
1747753958534.0,14328.9,14333.9
1747753959285.0,14329.4,14334.4
1747753959734.0,14328.4,14333.4
1747753963330.0,14328.9,14333.9
1747753963552.0,14329.4,14334.4
1747753980718,,
1747753981375.0,14328.9,14333.9
1747753982509.0,14328.4,14333.4
1747753983961.0,14327.9,14332.9
1747753985497.0,14327.4,14332.4
1747753986209.0,14327.4,14332.4
1747753987171.0,14327.9,14332.9
1747753987396.0,14327.4,14332.4
1747753990045,,
1747753990463.0,14327.9,14332.9
1747753994677.0,14327.4,14332.4
1747753999347.0,14326.9,14331.9
1747754002086.0,14327.4,14332.4
1747754002535.0,14329.4,14334.4
1747754007982.0,14329.9,14334.9
1747754008213.0,14330.4,14335.4
1747754053021.0,14330.9,14335.9
1747754053917.0,14330.4,14335.4
1747754054517.0,14330.9,14335.9
1747754054742.0,14331.4,14336.4
1747754062151.0,14330.9,14335.9
1747754062375.0,14330.4,14335.4
1747754064304,,
1747754069351,,
1747754070159.0,14329.9,14334.9
1747754070925,,
1747754071026.0,14328.4,14333.4
1747754077484.0,14329.9,14334.9
1747754080912.0,14330.4,14335.4
1747754084711.0,14330.9,14335.9
1747754084933.0,14330.4,14335.4
1747754087321.0,14330.9,14335.9
1747754087771.0,14331.4,14336.4
1747754089659.0,14331.9,14336.9
1747754089881.0,14331.4,14336.4
1747754090439.0,14330.9,14335.9
1747754097182,,
1747754100293,,
1747754100393.0,14330.4,14335.4
1747754100607.0,14329.9,14334.9
1747754101585,,
1747754101685.0,14330.4,14335.4
1747754106512.0,14330.9,14335.9
1747754106734.0,14330.4,14335.4
1747754108524.0,14329.9,14334.9
1747754108749.0,14328.9,14333.9
1747754109315.0,14328.4,14333.4
1747754109539.0,14326.4,14331.4
1747754112931.0,14325.9,14330.9
1747754113170.0,14324.4,14329.4
1747754113392.0,14325.4,14330.4
1747754113623.0,14325.9,14330.9
1747754113849.0,14326.4,14331.4
1747754116874.0,14326.9,14331.9
1747754117803.0,14327.4,14332.4
1747754119021.0,14326.9,14331.9
1747754120182.0,14326.4,14331.4
1747754120416.0,14325.9,14330.9
1747754124486.0,14324.9,14329.9
1747754124947.0,14324.4,14329.4
1747754126608.0,14324.9,14329.9
1747754127703.0,14324.4,14329.4
1747754130114.0,14323.9,14328.9
1747754130338.0,14323.4,14328.4
1747754147921.0,14323.9,14328.9
1747754148144.0,14324.4,14329.4
1747754150617.0,14324.9,14329.9
1747754150845,,
1747754151067.0,14325.4,14330.4
1747754154761.0,14324.4,14329.4
1747754157661.0,14324.9,14329.9
1747754157883.0,14325.4,14330.4
1747754160255.0,14325.9,14330.9
1747754160478.0,14326.4,14331.4
1747754162704.0,14325.9,14330.9
1747754163835.0,14326.4,14331.4
1747754165310.0,14325.9,14330.9
1747754165782.0,14326.4,14331.4
1747754176803,,
1747754178053.0,14325.9,14330.9
1747754184956.0,14325.4,14330.4
1747754190067,,
1747754193158.0,14324.9,14329.9
1747754197568.0,14325.4,14330.4
1747754201006,,
1747754213195.0,14326.4,14331.4
1747754219692.0,14325.9,14330.9
1747754219907.0,14325.4,14330.4
1747754220171.0,14324.9,14329.9
1747754220623.0,14324.4,14329.4
1747754222486.0,14324.9,14329.9
1747754222710.0,14326.4,14331.4
1747754226085.0,14325.9,14330.9
1747754226309,,
1747754227707.0,14326.4,14331.4
1747754230099.0,14325.9,14330.9
1747754230873.0,14326.4,14331.4
1747754231787.0,14325.9,14330.9
1747754233184.0,14326.4,14331.4
1747754234113.0,14326.9,14331.9
1747754235257.0,14327.4,14332.4
1747754240513.0,14326.9,14331.9
1747754242238.0,14326.4,14331.4
1747754242462.0,14325.9,14330.9
1747754243432.0,14325.4,14330.4
1747754243657.0,14324.9,14329.9
1747754243884.0,14325.4,14330.4
1747754250122.0,14324.9,14329.9
1747754251031.0,14325.4,14330.4
1747754260656.0,14324.9,14329.9
1747754261702.0,14325.4,14330.4
1747754261927.0,14324.9,14329.9
1747754263979.0,14325.4,14330.4
1747754282092.0,14324.9,14329.9
1747754284867.0,14323.9,14328.9
1747754285445.0,14324.4,14329.4
1747754300289.0,14323.9,14328.9
1747754300515.0,14323.4,14328.4
1747754300825.0,14323.9,14328.9
1747754301273.0,14324.4,14329.4
1747754305755.0,14324.9,14329.9
1747754305980.0,14325.4,14330.4
1747754313939,,
1747754316629.0,14325.9,14330.9
1747754316870.0,14326.4,14331.4
1747754320235.0,14326.9,14331.9
1747754320692.0,14326.4,14331.4
1747754323735.0,14326.9,14331.9
1747754324885.0,14327.4,14332.4
1747754326268.0,14326.9,14331.9
1747754327631,,
1747754328973.0,14326.9,14331.9
1747754329434.0,14326.4,14331.4
1747754335180,,
1747754335819.0,14325.9,14330.9
1747754336942.0,14326.4,14331.4
1747754338803.0,14325.9,14330.9
1747754339843.0,14326.9,14331.9
1747754343895,,
1747754343994.0,14325.9,14330.9
1747754344508.0,14326.4,14331.4
1747754344732.0,14325.4,14330.4
1747754345456.0,14324.9,14329.9
1747754345681.0,14325.4,14330.4
1747754346544.0,14324.9,14329.9
1747754346768.0,14324.4,14329.4
1747754366704.0,14324.9,14329.9
1747754366927.0,14325.4,14330.4
1747754369973.0,14325.9,14330.9
1747754370197.0,14326.4,14331.4
1747754383415,,
1747754395098.0,14326.9,14331.9
1747754397372.0,14327.4,14332.4
1747754399117.0,14327.9,14332.9
1747754399339.0,14327.4,14332.4
1747754400011.0,14325.6,14330.6
1747754400114.0,14326.1,14331.1
1747754400332.0,14325.6,14330.6
1747754402243.0,14325.1,14330.1
1747754402466.0,14324.1,14329.1
1747754403141,,
1747754403291.0,14324.6,14329.6
1747754407968.0,14325.1,14330.1
1747754408417.0,14325.6,14330.6
1747754408991.0,14325.1,14330.1
1747754411250.0,14325.6,14330.6
1747754412248.0,14324.6,14329.6
1747754413246.0,14325.1,14330.1
1747754413470.0,14324.6,14329.6
1747754414706.0,14324.1,14329.1
1747754414929.0,14324.6,14329.6
1747754418103.0,14325.1,14330.1
1747754418324.0,14324.6,14329.6
1747754418821.0,14325.1,14330.1
1747754420931.0,14324.6,14329.6
1747754421369.0,14324.1,14329.1
1747754421595.0,14324.6,14329.6
1747754422044.0,14324.1,14329.1
1747754424053.0,14324.6,14329.6
1747754424284.0,14325.1,14330.1
1747754424899.0,14324.6,14329.6
1747754425722.0,14325.1,14330.1
1747754426312.0,14325.6,14330.6
1747754426536.0,14325.1,14330.1
1747754427328.0,14324.6,14329.6
1747754427778.0,14325.6,14330.6
1747754428003.0,14325.1,14330.1
1747754428229.0,14325.6,14330.6
1747754431980.0,14325.1,14330.1
1747754432185.0,14324.6,14329.6
1747754432409.0,14325.1,14330.1
1747754434628.0,14325.6,14330.6
1747754436685.0,14325.1,14330.1
1747754447530.0,14325.6,14330.6
1747754450377.0,14326.1,14331.1
1747754450602.0,14325.6,14330.6
1747754452294.0,14325.1,14330.1
1747754453803.0,14325.6,14330.6
1747754454028.0,14325.1,14330.1
1747754454428.0,14324.6,14329.6
1747754473986.0,14325.1,14330.1
1747754474575,,
1747754474708.0,14325.6,14330.6
1747754474933.0,14325.1,14330.1
1747754476078.0,14325.6,14330.6
1747754481116.0,14325.1,14330.1
1747754481340.0,14324.6,14329.6
1747754484049.0,14325.1,14330.1
1747754485867.0,14324.6,14329.6
1747754486086,,
1747754487359.0,14325.1,14330.1
1747754487808,,
1747754490074,,
1747754490295.0,14324.6,14329.6
1747754490520.0,14324.1,14329.1
1747754497771.0,14323.6,14328.6
1747754500990,,
1747754503293.0,14323.1,14328.1
1747754503515.0,14322.6,14327.6
1747754511850.0,14323.1,14328.1
1747754512076.0,14323.6,14328.6
1747754515054.0,14324.1,14329.1
1747754515278,,
1747754516344.0,14323.6,14328.6
1747754528004.0,14324.1,14329.1
1747754528229.0,14323.6,14328.6
1747754528696.0,14324.1,14329.1
1747754529149.0,14323.6,14328.6
1747754532747.0,14323.1,14328.1
1747754533510.0,14323.6,14328.6
1747754535140.0,14323.1,14328.1
1747754536897.0,14323.6,14328.6
1747754555234,,
1747754560455.0,14323.1,14328.1
1747754560681.0,14324.1,14329.1
1747754562509.0,14323.6,14328.6
1747754563522,,
1747754566885,,
1747754567083.0,14323.1,14328.1
1747754567308.0,14323.6,14328.6
1747754567539.0,14323.1,14328.1
1747754572029,,
1747754576307.0,14324.1,14329.1
1747754577803.0,14323.6,14328.6
1747754583523.0,14322.6,14327.6
1747754584233.0,14322.1,14327.1
1747754584684.0,14321.6,14326.6
1747754586305.0,14321.1,14326.1
1747754586544.0,14320.6,14325.6
1747754590827.0,14320.1,14325.1
1747754591307.0,14320.6,14325.6
1747754591757.0,14319.6,14324.6
1747754591981.0,14320.6,14325.6
1747754593155.0,14320.1,14325.1
1747754593607.0,14320.6,14325.6
1747754594830.0,14320.1,14325.1
1747754595280.0,14320.6,14325.6
1747754605958.0,14321.1,14326.1
1747754607249.0,14322.1,14327.1
1747754609920.0,14321.6,14326.6
1747754610466.0,14321.1,14326.1
1747754610689.0,14320.6,14325.6
1747754619345,,
1747754626104.0,14320.1,14325.1
1747754626319.0,14320.6,14325.6
1747754626545.0,14319.6,14324.6
1747754626768.0,14320.6,14325.6
1747754627071.0,14320.1,14325.1
1747754627297.0,14319.6,14324.6
1747754627524.0,14320.6,14325.6
1747754627973.0,14320.1,14325.1
1747754628257.0,14319.6,14324.6
1747754633482,,
1747754637839.0,14319.1,14324.1
1747754638064.0,14319.6,14324.6
1747754638825.0,14320.1,14325.1
1747754639644.0,14320.6,14325.6
1747754652045.0,14320.1,14325.1
1747754652267.0,14321.1,14326.1
1747754652737.0,14320.6,14325.6
1747754654116.0,14321.1,14326.1
1747754654339.0,14321.6,14326.6
1747754659688.0,14321.1,14326.1
1747754659911.0,14321.6,14326.6
1747754670153,,
1747754671069.0,14321.1,14326.1
1747754672035.0,14321.6,14326.6
1747754672462.0,14321.1,14326.1
1747754672686.0,14321.6,14326.6
1747754677457.0,14321.1,14326.1
1747754684769.0,14320.6,14325.6
1747754685752.0,14320.1,14325.1
1747754685974.0,14320.6,14325.6
1747754686458.0,14320.1,14325.1
1747754687304.0,14320.6,14325.6
1747754688061.0,14320.1,14325.1
1747754688652.0,14320.6,14325.6
1747754689102.0,14320.1,14325.1
1747754689612.0,14319.6,14324.6
1747754694545.0,14319.1,14324.1
1747754694769.0,14318.6,14323.6
1747754696855.0,14318.1,14323.1
1747754697553.0,14317.6,14322.6
1747754698862.0,14317.1,14322.1
1747754699089,,
1747754702045,,
1747754703070,,
1747754705408.0,14318.1,14323.1
1747754714324.0,14319.1,14324.1
1747754715442,,
1747754715550.0,14318.6,14323.6
1747754716437.0,14318.1,14323.1
1747754716662.0,14318.6,14323.6
1747754716886.0,14319.1,14324.1
1747754718515.0,14319.6,14324.6
1747754719158.0,14319.1,14324.1
1747754720092,,
1747754720273.0,14319.6,14324.6
1747754721957.0,14320.1,14325.1
1747754722182.0,14319.6,14324.6
1747754722431.0,14319.1,14324.1
1747754723229.0,14318.6,14323.6
1747754724390.0,14319.1,14324.1
1747754724611.0,14319.6,14324.6
1747754725332.0,14319.1,14324.1
1747754726028.0,14319.6,14324.6
1747754728810.0,14320.1,14325.1
1747754729023,,
1747754729248.0,14320.6,14325.6
1747754730799.0,14321.1,14326.1
1747754735724.0,14321.6,14326.6
1747754739054.0,14321.1,14326.1
1747754739280.0,14321.6,14326.6
1747754755180,,
1747754765212,,
1747754765465.0,14320.6,14325.6
1747754770018.0,14320.1,14325.1
1747754770240.0,14320.6,14325.6
1747754772780,,
1747754775952.0,14321.1,14326.1
1747754785765.0,14320.6,14325.6
1747754794948.0,14320.1,14325.1
1747754800087,,
1747754800267.0,14320.6,14325.6
1747754801268.0,14321.1,14326.1
1747754801495.0,14321.6,14326.6
1747754803866.0,14321.1,14326.1
1747754804088.0,14320.6,14325.6
1747754804509.0,14321.1,14326.1
1747754808711.0,14321.6,14326.6
1747754809798.0,14322.1,14327.1
1747754810022.0,14321.6,14326.6
1747754813751.0,14322.1,14327.1
1747754816169.0,14322.6,14327.6
1747754828151.0,14321.6,14326.6
1747754830257.0,14322.1,14327.1
1747754830481.0,14322.6,14327.6
1747754831753.0,14322.1,14327.1
1747754832621.0,14321.6,14326.6
1747754836574.0,14321.6,14326.6
1747754839084.0,14321.1,14326.1
1747754841194,,
1747754842435.0,14321.6,14326.6
1747754843274.0,14321.1,14326.1
1747754851314.0,14320.6,14325.6
1747754852986.0,14320.1,14325.1
1747754853909.0,14320.6,14325.6
1747754854563.0,14320.1,14325.1
1747754858564.0,14320.6,14325.6
1747754866595.0,14320.1,14325.1
1747754872589.0,14320.6,14325.6
1747754875587.0,14320.1,14325.1
1747754875811.0,14320.6,14325.6
1747754894146.0,14320.1,14325.1
1747754898658,,
1747754900903.0,14320.6,14325.6
1747754902099.0,14321.1,14326.1
1747754904986.0,14321.6,14326.6
1747754906026.0,14322.1,14327.1
1747754906250.0,14321.6,14326.6
1747754906818.0,14322.1,14327.1
1747754908598.0,14321.6,14326.6
1747754911344.0,14322.1,14327.1
1747754911568.0,14321.6,14326.6
1747754912402,,
1747754914181.0,14321.1,14326.1
1747754916827.0,14321.6,14326.6
1747754918557.0,14321.1,14326.1
1747754920313.0,14321.6,14326.6
1747754920537.0,14321.1,14326.1
1747754926538.0,14320.1,14325.1
1747754927341.0,14320.6,14325.6
1747754927601.0,14320.1,14325.1
1747754933742.0,14320.6,14325.6
1747754936310,,
1747754936929.0,14320.1,14325.1
1747754939736.0,14319.6,14324.6
1747754941449.0,14320.1,14325.1
1747754946363.0,14320.6,14325.6
1747754946966.0,14321.1,14326.1
1747754949138.0,14322.1,14327.1
1747754950191,,
1747754952635,,
1747754954048.0,14321.6,14326.6
1747754959362.0,14321.1,14326.1
1747754961338,,
1747754965211,,
1747754965651.0,14320.1,14325.1
1747754965873.0,14321.1,14326.1
1747754966282.0,14321.6,14326.6
1747754966505,,
1747754968381.0,14320.6,14325.6
1747754969930.0,14319.6,14324.6
1747754970803.0,14319.1,14324.1
1747754971026.0,14318.6,14323.6
1747754972065.0,14318.1,14323.1
1747754975006,,
1747754975200.0,14318.6,14323.6
1747754975424.0,14319.1,14324.1
1747754980059,,
1747754981703.0,14319.6,14324.6
1747754983086.0,14319.1,14324.1
1747754985087,,
1747754985623,,
1747754986301.0,14319.6,14324.6
1747754986525.0,14319.1,14324.1
1747754988126.0,14318.6,14323.6
1747754988926.0,14319.1,14324.1
1747754989376.0,14318.1,14323.1
1747754990183.0,14316.6,14321.6
1747754990422.0,14315.1,14320.1
1747754990633.0,14315.6,14320.6
1747754991502.0,14312.1,14317.1
1747754991728.0,14313.6,14318.6
1747754992138.0,14313.1,14318.1
1747754992589.0,14313.6,14318.6
1747754992812.0,14313.1,14318.1
1747754993037,,
1747754993263.0,14312.6,14317.6
1747754993874.0,14310.1,14315.1
1747754994099.0,14308.1,14313.1
1747754994324.0,14308.6,14313.6
1747754994549.0,14308.1,14313.1
1747754994776.0,14306.1,14311.1
1747754994997,,
1747754995223.0,14305.6,14310.6
1747754995450.0,14306.1,14311.1
1747754995674.0,14305.6,14310.6
1747754995898.0,14305.1,14310.1
1747754996124.0,14305.6,14310.6
1747754996348.0,14304.6,14309.6
1747754996574.0,14305.1,14310.1
1747754996799,,
1747754997273,,
1747754998175,,
1747754998410.0,14306.1,14311.1
1747754998635.0,14306.6,14311.6
1747754999087.0,14307.1,14312.1
1747754999309,,
1747754999536.0,14307.6,14312.6
1747754999761.0,14307.1,14312.1
1747755000088.0,14306.6,14312.6
1747755000281,,
1747755000691.0,14308.6,
1747755000920.0,,14315.6
1747755001506.0,14310.6,14317.6
1747755001823,,
1747755001954,,
1747755002179,,
1747755002407.0,14311.6,14318.6
1747755002629,,
1747755002856.0,,14317.6
1747755003090,,
1747755003716.0,,14318.6
1747755004522.0,,14317.6
1747755004749.0,14310.6,
1747755006117.0,,14316.6
1747755006339,,
1747755008519,,
1747755009857.0,14309.6,
1747755010080.0,14310.6,
1747755012872,,
1747755013091.0,14308.6,14315.6
1747755013313.0,,14314.6
1747755013538.0,14307.6,
1747755013763.0,14308.6,
1747755015155.0,14307.6,
1747755015379,,
1747755015606.0,14306.6,14313.6
1747755017278.0,14307.6,
1747755020375.0,14306.6,
1747755020599.0,14307.6,
1747755021911.0,14306.6,
1747755022362.0,14305.6,14312.6
1747755022585.0,14306.6,
1747755023841,,
1747755024060.0,14307.6,14313.6
1747755029191.0,14306.6,
1747755032995.0,14307.6,
1747755033219,,
1747755034833,,
1747755039622,,
1747755039794.0,14308.6,14314.6
1747755041343.0,14309.6,14315.6
1747755044119,,
1747755046203.0,14307.6,
1747755046428.0,14308.6,
1747755046794.0,14309.6,
1747755049118.0,14306.6,14313.6
1747755054511,,
1747755055077.0,,14312.6
1747755056071.0,14305.6,14311.6
1747755059465.0,14304.6,14310.6
1747755060987.0,14305.6,14311.6
1747755061504.0,14304.6,
1747755063255.0,14305.6,
1747755063465,,
1747755064977.0,,14312.6
1747755065898.0,14306.6,
1747755066575.0,14305.6,
1747755067160.0,14306.6,
1747755067852.0,14307.6,14313.6
1747755074732.0,14306.6,14312.6
1747755074956.0,,14313.6
1747755075674.0,14307.6,
1747755077602,,
1747755077774.0,14306.6,14312.6
1747755078769.0,14307.6,14313.6
1747755083392.0,14306.6,
1747755084203.0,14307.6,
1747755084425.0,14306.6,14312.6
1747755084650.0,,14313.6
1747755085455.0,14307.6,
1747755086248.0,,14314.6
1747755087307.0,14308.6,
1747755087754,,
1747755091522.0,14307.6,
1747755091745.0,14308.6,
1747755091969.0,14307.6,14313.6
1747755093155.0,,14314.6
1747755096152.0,14306.6,14313.6
1747755098270.0,,14312.6
1747755106339.0,,14313.6
1747755109528.0,,14312.6
1747755111692.0,,14313.6
1747755114142,,
1747755114596.0,14307.6,
1747755122397,,
1747755124210,,
1747755128390.0,14306.6,14312.6
1747755132638.0,14305.6,14311.6
1747755135944,,
1747755138470.0,,14312.6
1747755138814.0,14306.6,
1747755139324.0,14305.6,
1747755148047.0,,14311.6
1747755149077.0,14304.6,14310.6
1747755149304.0,14303.6,
1747755150760.0,,14309.6
1747755150984.0,,14310.6
1747755153214.0,14306.6,14313.6
1747755159706.0,14310.6,14316.6
1747755160309.0,14309.6,14315.6
1747755161520.0,14308.6,
1747755161734,,
1747755161956.0,14309.6,
1747755165864.0,,14316.6
1747755172062.0,,14315.6
1747755173519.0,14310.6,
1747755173748.0,,14317.6
1747755175950.0,,14316.6
1747755176174.0,,14317.6
1747755177294.0,,14316.6
1747755178854.0,14309.6,
1747755180663.0,14310.6,
1747755181646.0,14309.6,
1747755181870,,
1747755184033.0,,14315.6
1747755185982.0,14308.6,
1747755187040.0,,14314.6
1747755187264.0,14307.6,14313.6
1747755187490.0,14306.6,
1747755188317.0,,14312.6
1747755188542.0,14309.6,14316.6
1747755188764.0,14310.6,
1747755190602,,
1747755190701.0,14309.6,
1747755207152.0,14310.6,
1747755207375.0,,14317.6
1747755208613.0,14311.6,
1747755208842.0,14310.6,
1747755212210.0,14309.6,14316.6
1747755220968.0,14312.6,14318.6
1747755221647.0,14311.6,
1747755221871.0,14312.6,
1747755222812.0,14311.6,14317.6
1747755223340.0,14310.6,
1747755224137.0,14309.6,14316.6
1747755230336.0,14310.6,
1747755231372.0,,14317.6
1747755231821.0,14309.6,14316.6
1747755234587.0,14310.6,
1747755234810.0,14309.6,
1747755235733.0,14310.6,
1747755235959.0,14309.6,
1747755236560.0,14310.6,
1747755236785.0,,14317.6
1747755245332.0,14311.6,
1747755245549,,
1747755246188.0,14310.6,
1747755246867.0,,14316.6
1747755247092.0,,14317.6
1747755249753.0,,14316.6
1747755250484.0,,14317.6
1747755250939.0,,14316.6
1747755251896.0,,14317.6
1747755253726.0,,14316.6
1747755255302.0,14309.6,
1747755258569.0,,14315.6
1747755258794.0,14308.6,
1747755259208.0,,14314.6
1747755259433.0,,14315.6
1747755259663,,
1747755260241.0,14309.6,
1747755260466.0,14310.6,14317.6
1747755262114.0,14311.6,
1747755262338,,
1747755264550.0,14310.6,
1747755265501.0,14311.6,
1747755265722,,
1747755266002.0,14310.6,
1747755269178.0,14311.6,
1747755269403,,
1747755270287.0,,14318.6
1747755270507.0,14312.6,
1747755271019.0,14314.6,14320.6
1747755271245.0,14313.6,14319.6
1747755271574.0,14312.6,
1747755271798.0,,14318.6
1747755272364.0,14311.6,
1747755272590.0,14310.6,14317.6
1747755272902.0,14311.6,
1747755273928.0,,14318.6
1747755274446.0,14312.6,14319.6
1747755276628.0,,14318.6
1747755276852,,
1747755277138,,
1747755278053.0,14313.6,14319.6
1747755278295.0,,14320.6
1747755279546.0,,14319.6
1747755279770.0,14312.6,
1747755280655,,
1747755280880.0,14313.6,14320.6
1747755281265.0,14314.6,
1747755281715.0,14313.6,
1747755282670.0,14312.6,14319.6
1747755283558.0,14313.6,14320.6
1747755284715.0,,14319.6
1747755285165.0,14314.6,14320.6
1747755285544,,
1747755285712.0,,14321.6
1747755286404.0,14315.6,
1747755286627.0,14314.6,14320.6
1747755286852.0,14315.6,14321.6
1747755287345.0,,14322.6
1747755287571.0,14316.6,
1747755287794.0,14315.6,
1747755288268.0,14316.6,
1747755288718.0,,14323.6
1747755289167.0,14316.6,
1747755289677.0,14317.6,
1747755289899,,
1747755290165.0,14316.6,
1747755290389.0,14317.6,14324.6
1747755290858.0,14318.6,
1747755291083.0,14317.6,
1747755292014,,
1747755292465.0,14316.6,14323.6
1747755292689.0,14317.6,
1747755293364.0,,14324.6
1747755293875.0,14318.6,
