1747749485639.0,24058.1,24059.5
1747749486061.0,24058.6,24060.0
1747749486528.0,24058.1,24059.5
1747749486693.0,24058.6,24060.0
1747749487131.0,24058.1,24059.5
1747749487322.0,24058.6,24060.0
1747749487423.0,24058.1,24059.5
1747749487757.0,24058.6,24060.0
1747749488192.0,24058.6,24060.0
1747749488711.0,24059.1,24060.5
1747749489109.0,24060.1,24061.5
1747749489532.0,24061.1,24062.5
1747749489582.0,24060.6,24062.0
1747749490099.0,24060.1,24061.5
1747749490192.0,24059.6,24061.0
1747749491437.0,24059.6,24061.0
1747749491488.0,24059.1,24060.5
1747749492815.0,24060.6,24062.0
1747749493039.0,24061.1,24062.5
1747749493085.0,24060.6,24062.0
1747749494153.0,24060.6,24062.0
1747749495697.0,24061.6,24063.0
1747749496028.0,24061.1,24062.5
1747749496074.0,24060.6,24062.0
1747749497132.0,24059.6,24061.0
1747749497183.0,24060.6,24062.0
1747749497664.0,24059.6,24061.0
1747749497713.0,24060.1,24061.5
1747749497917.0,24059.6,24061.0
1747749498089.0,24059.6,24061.0
1747749498465.0,24059.1,24060.5
1747749498513.0,24059.6,24061.0
1747749498969.0,24060.1,24061.5
1747749500439.0,24061.1,24062.5
1747749500850.0,24061.1,24062.5
1747749501225.0,24061.6,24063.0
1747749501882.0,24061.1,24062.5
1747749505534.0,24059.6,24061.0
1747749507150.0,24060.1,24061.5
1747749507198.0,24060.6,24062.0
1747749507717.0,24060.1,24061.5
1747749508132.0,24060.6,24062.0
1747749509307.0,24059.1,24060.5
1747749509358.0,24059.6,24061.0
1747749509503,,
1747749510410.0,24060.6,24062.0
1747749510737.0,24060.1,24061.5
1747749510859.0,24060.6,24062.0
1747749512067.0,24061.1,24062.5
1747749512313.0,24060.1,24061.5
1747749512550.0,24060.1,24061.5
1747749512909.0,24060.6,24062.0
1747749513487.0,24059.6,24061.0
1747749513915.0,24060.1,24061.5
1747749513962.0,24060.6,24062.0
1747749515291.0,24061.1,24062.5
1747749515440.0,24060.6,24062.0
1747749515679.0,24060.6,24062.0
1747749518868.0,24060.1,24061.5
1747749518913.0,24059.6,24061.0
1747749519722.0,24059.1,24060.5
1747749520468.0,24058.6,24060.0
1747749520706.0,24059.6,24061.0
1747749520754.0,24059.1,24060.5
1747749521151.0,24059.6,24061.0
1747749522088.0,24060.6,24062.0
1747749523008.0,24061.1,24062.5
1747749523334.0,24060.6,24062.0
1747749524282.0,24061.1,24062.5
1747749524410.0,24060.6,24062.0
1747749524775.0,24059.6,24061.0
1747749525173.0,24058.6,24060.0
1747749525339.0,24059.1,24060.5
1747749526116.0,24059.1,24060.5
1747749526661.0,24058.6,24060.0
1747749526951.0,24059.1,24060.5
1747749527204.0,24059.1,24060.5
1747749527257.0,24059.6,24061.0
1747749527728.0,24059.6,24061.0
1747749530364.0,24059.1,24060.5
1747749531796.0,24059.6,24061.0
1747749532324.0,24060.1,24061.5
1747749532603.0,24060.1,24061.5
1747749532883.0,24060.1,24061.5
1747749533192.0,24059.6,24061.0
1747749533962.0,24060.1,24061.5
1747749534177.0,24060.6,24062.0
1747749535615.0,24061.1,24062.5
1747749536367.0,24061.1,24062.5
1747749536585.0,24060.6,24062.0
1747749536762.0,24061.1,24062.5
1747749537463.0,24061.1,24062.5
1747749538079.0,24060.6,24062.0
1747749538176.0,24061.6,24063.0
1747749539991.0,24061.1,24062.5
1747749540091.0,24060.6,24062.0
1747749541002.0,24061.1,24062.5
1747749541436.0,24061.1,24062.5
1747749543089.0,24061.6,24063.0
1747749543532.0,24061.1,24062.5
1747749544554.0,24061.1,24062.5
1747749544682.0,24060.6,24062.0
1747749545106.0,24061.1,24062.5
1747749545562.0,24060.6,24062.0
1747749546157.0,24060.6,24062.0
1747749546720.0,24060.1,24061.5
1747749546818.0,24060.6,24062.0
1747749547277.0,24060.1,24061.5
1747749547587.0,24060.6,24062.0
1747749547633.0,24060.1,24061.5
1747749547857.0,24060.6,24062.0
1747749549369,,
1747749549620.0,24060.1,24061.5
1747749549789.0,24060.6,24062.0
1747749550781.0,24060.1,24061.5
1747749551103.0,24060.6,24062.0
1747749553776.0,24060.1,24061.5
1747749553915.0,24059.6,24061.0
1747749554287.0,24060.6,24062.0
1747749554750.0,24060.1,24061.5
1747749555133.0,24059.6,24061.0
1747749555368.0,24060.1,24061.5
1747749556099.0,24060.6,24062.0
1747749557252.0,24061.1,24062.5
1747749557399.0,24060.6,24062.0
1747749558066.0,24061.1,24062.5
1747749558183.0,24061.6,24063.0
1747749558398.0,24061.6,24063.0
1747749558448.0,24061.1,24062.5
1747749558672.0,24060.6,24062.0
1747749559630.0,24060.1,24061.5
1747749560034.0,24060.6,24062.0
1747749561659.0,24058.6,24060.0
1747749561964.0,24059.1,24060.5
1747749562163.0,24059.1,24060.5
1747749562417.0,24058.6,24060.0
1747749563569.0,24059.1,24060.5
1747749563666.0,24058.6,24060.0
1747749564664.0,24058.1,24059.5
1747749566023.0,24057.6,24059.0
1747749567438.0,24057.1,24058.5
1747749567675.0,24057.1,24058.5
1747749570253.0,24056.6,24058.0
1747749571393.0,24056.6,24058.0
1747749574306.0,24057.1,24058.5
1747749574434.0,24056.6,24058.0
1747749575348.0,24056.6,24058.0
1747749578121.0,24055.6,24057.0
1747749579720.0,24055.6,24057.0
1747749580324.0,24056.6,24058.0
1747749580567.0,24057.1,24058.5
1747749585224.0,24055.1,24056.5
1747749585466.0,24056.1,24057.5
1747749585968.0,24055.6,24057.0
1747749586478.0,24056.1,24057.5
1747749587052.0,24055.6,24057.0
1747749587466.0,24056.1,24057.5
1747749588119.0,24055.6,24057.0
1747749588242.0,24056.1,24057.5
1747749589015.0,24055.6,24057.0
1747749590114.0,24056.6,24058.0
1747749590352.0,24056.6,24058.0
1747749590911.0,24056.6,24058.0
1747749591107.0,24056.1,24057.5
1747749594324.0,24055.6,24057.0
1747749596221.0,24055.6,24057.0
1747749596583.0,24056.1,24057.5
1747749600024.0,24056.5,24057.9
1747749601198.0,24057.0,24058.4
1747749601296.0,24058.0,24059.4
1747749601965.0,24057.5,24058.9
1747749602086.0,24057.0,24058.4
1747749602141.0,24058.0,24059.4
1747749604392.0,24057.0,24058.4
1747749604654.0,24056.5,24057.9
1747749606772.0,24057.0,24058.4
1747749607686.0,24058.0,24059.4
1747749608821.0,24057.5,24058.9
1747749609079.0,24058.0,24059.4
1747749609334.0,24058.0,24059.4
1747749609533.0,24057.5,24058.9
1747749609857.0,24058.0,24059.4
1747749610014.0,24057.0,24058.4
1747749610359.0,24058.0,24059.4
1747749610626.0,24058.0,24059.4
1747749610739.0,24057.5,24058.9
1747749611016.0,24057.0,24058.4
1747749611230.0,24057.5,24058.9
1747749611396.0,24057.0,24058.4
1747749611984.0,24058.0,24059.4
1747749612598.0,24058.0,24059.4
1747749614794.0,24057.5,24058.9
1747749615049.0,24058.5,24059.9
1747749615153.0,24058.0,24059.4
1747749615453.0,24057.5,24058.9
1747749615751.0,24058.0,24059.4
1747749616162.0,24057.5,24058.9
1747749616361.0,24058.0,24059.4
1747749616607.0,24058.0,24059.4
1747749617166.0,24058.0,24059.4
1747749619135.0,24058.0,24059.4
1747749620181.0,24057.5,24058.9
1747749620422.0,24057.5,24058.9
1747749620569.0,24057.0,24058.4
1747749620921.0,24057.5,24058.9
1747749621197.0,24057.5,24058.9
1747749621596.0,24058.0,24059.4
1747749621820.0,24057.0,24058.4
1747749622081.0,24056.5,24057.9
1747749623137,,
1747749623359.0,24057.5,24058.9
1747749623641.0,24057.5,24058.9
1747749624023.0,24057.0,24058.4
1747749625077.0,24057.0,24058.4
1747749626162.0,24057.5,24058.9
1747749626505.0,24057.0,24058.4
1747749627508.0,24057.0,24058.4
1747749628291.0,24057.0,24058.4
1747749630718.0,24058.0,24059.4
1747749630974.0,24058.0,24059.4
1747749631548.0,24058.5,24059.9
1747749631823.0,24058.0,24059.4
1747749632057.0,24057.0,24058.4
1747749632677.0,24057.5,24058.9
1747749633132.0,24058.0,24059.4
1747749633793.0,24057.5,24058.9
1747749633842.0,24057.0,24058.4
1747749634563.0,24058.0,24059.4
1747749634881.0,24057.5,24058.9
1747749635081.0,24058.0,24059.4
1747749635985.0,24057.0,24058.4
1747749636560.0,24056.5,24057.9
1747749637745.0,24057.0,24058.4
1747749638115.0,24057.0,24058.4
1747749638614.0,24057.0,24058.4
1747749640905,,
1747749641399.0,24058.5,24059.9
1747749642177.0,24059.0,24060.4
1747749645026.0,24059.5,24060.9
1747749645507.0,24059.0,24060.4
1747749646307.0,24059.0,24060.4
1747749646362.0,24059.5,24060.9
1747749646860.0,24059.0,24060.4
1747749647987.0,24058.5,24059.9
1747749648181.0,24058.0,24059.4
1747749648527.0,24057.5,24058.9
1747749648575.0,24058.0,24059.4
1747749649154.0,24057.0,24058.4
1747749650138.0,24057.5,24058.9
1747749650252.0,24056.5,24057.9
1747749654894.0,24057.5,24058.9
1747749655269.0,24058.0,24059.4
1747749656057.0,24057.5,24058.9
1747749656278.0,24057.5,24058.9
1747749656467.0,24057.0,24058.4
1747749656831.0,24057.0,24058.4
1747749658191.0,24057.0,24058.4
1747749658507.0,24057.5,24058.9
1747749658627.0,24057.0,24058.4
1747749659565.0,24057.5,24058.9
1747749659661.0,24058.0,24059.4
1747749660140.0,24058.0,24059.4
1747749660241.0,24058.5,24059.9
1747749660977.0,24058.0,24059.4
1747749662845.0,24057.5,24058.9
1747749663127.0,24058.5,24059.9
1747749663396.0,24058.0,24059.4
1747749663660.0,24058.5,24059.9
1747749665314.0,24058.0,24059.4
1747749665554.0,24057.0,24058.4
1747749666627.0,24054.0,24055.4
1747749667112.0,24054.0,24055.4
1747749667406.0,24054.0,24055.4
1747749668223,,
1747749668545.0,24054.0,24055.4
1747749668845.0,24054.5,24055.9
1747749668893.0,24054.0,24055.4
1747749669370.0,24055.0,24056.4
1747749670029.0,24054.0,24055.4
1747749670457.0,24055.0,24056.4
1747749670706.0,24055.0,24056.4
1747749671055,,
1747749671486.0,24055.5,24056.9
1747749671797.0,24055.0,24056.4
1747749672352.0,24055.5,24056.9
1747749673167.0,24056.0,24057.4
1747749673316.0,24056.0,24057.4
1747749673974.0,24055.5,24056.9
1747749674255.0,24055.5,24056.9
1747749674350.0,24055.5,24056.9
1747749674556.0,24056.0,24057.4
1747749674603.0,24055.0,24056.4
1747749675335.0,24055.0,24056.4
1747749675642.0,24056.0,24057.4
1747749676957.0,24056.5,24057.9
1747749677006.0,24056.0,24057.4
1747749678472.0,24055.0,24056.4
1747749678677.0,24056.0,24057.4
1747749679154.0,24055.5,24056.9
1747749679298.0,24055.0,24056.4
1747749679469.0,24054.5,24055.9
1747749679874.0,24055.0,24056.4
1747749680056.0,24055.0,24056.4
1747749680361.0,24055.0,24056.4
1747749680656.0,24054.5,24055.9
1747749680865.0,24055.0,24056.4
1747749681240.0,24055.5,24056.9
1747749681560.0,24055.5,24056.9
1747749681615.0,24056.0,24057.4
1747749681875.0,24056.5,24057.9
1747749682022.0,24056.5,24057.9
1747749682175.0,24056.0,24057.4
1747749682415.0,24056.5,24057.9
1747749682644.0,24057.0,24058.4
1747749682740.0,24056.0,24057.4
1747749683396.0,24056.0,24057.4
1747749684793.0,24056.5,24057.9
1747749685003.0,24057.0,24058.4
1747749686071.0,24057.0,24058.4
1747749686594.0,24057.0,24058.4
1747749687805.0,24057.5,24058.9
1747749687848.0,24058.0,24059.4
1747749688618.0,24057.5,24058.9
1747749689184.0,24057.0,24058.4
1747749690498.0,24056.5,24057.9
1747749690546.0,24057.0,24058.4
1747749690716.0,24057.0,24058.4
1747749691433.0,24057.5,24058.9
1747749691920.0,24057.0,24058.4
1747749694215.0,24057.5,24058.9
1747749696121.0,24058.0,24059.4
1747749696938.0,24057.0,24058.4
1747749697323.0,24057.5,24058.9
1747749697370.0,24057.0,24058.4
1747749698436.0,24057.5,24058.9
1747749698485.0,24058.0,24059.4
1747749699161.0,24057.5,24058.9
1747749699584.0,24057.5,24058.9
1747749700077.0,24057.0,24058.4
1747749700448.0,24058.0,24059.4
1747749701064.0,24058.5,24059.9
1747749701348,,
1747749702732.0,24058.0,24059.4
1747749704993.0,24057.5,24058.9
1747749706604.0,24056.5,24057.9
1747749707075.0,24057.0,24058.4
1747749707244.0,24056.5,24057.9
1747749707560.0,24056.5,24057.9
1747749708005.0,24057.0,24058.4
1747749708510,,
1747749709015.0,24057.5,24058.9
1747749709129.0,24057.0,24058.4
1747749712630.0,24057.0,24058.4
1747749713299.0,24056.0,24057.4
1747749714066.0,24055.5,24056.9
1747749714166.0,24056.0,24057.4
1747749716047.0,24055.5,24056.9
1747749716150.0,24056.0,24057.4
1747749716507.0,24055.5,24056.9
1747749716685.0,24055.0,24056.4
1747749717037.0,24054.5,24055.9
1747749717133.0,24055.0,24056.4
1747749718605.0,24055.0,24056.4
1747749719340.0,24055.5,24056.9
1747749719818.0,24054.5,24055.9
1747749719969.0,24055.0,24056.4
1747749720771.0,24055.5,24056.9
1747749722158.0,24055.5,24056.9
1747749723003.0,24054.5,24055.9
1747749724415.0,24052.5,24053.9
1747749726538.0,24052.5,24053.9
1747749726848.0,24052.0,24053.4
1747749727496.0,24052.0,24053.4
1747749727820.0,24052.0,24053.4
1747749728879,,
1747749730925.0,24052.5,24053.9
1747749731208.0,24053.0,24054.4
1747749731390,,
1747749731677.0,24054.0,24055.4
1747749732665.0,24054.0,24055.4
1747749732925.0,24054.0,24055.4
1747749734323.0,24054.5,24055.9
1747749734741.0,24054.0,24055.4
1747749735802.0,24056.0,24057.4
1747749736054.0,24057.0,24058.4
1747749736246.0,24057.5,24058.9
1747749736389.0,24057.0,24058.4
1747749736883.0,24057.0,24058.4
1747749737027.0,24058.0,24059.4
1747749737544,,
1747749737887.0,24058.0,24059.4
1747749738526.0,24057.5,24058.9
1747749738573.0,24058.0,24059.4
1747749739578.0,24058.5,24059.9
1747749741440,,
1747749742546.0,24058.5,24059.9
1747749742592.0,24059.0,24060.4
1747749743925.0,24061.5,24062.9
1747749744890.0,24062.0,24063.4
1747749746646.0,24063.5,24064.9
1747749746910.0,24063.5,24064.9
1747749746962.0,24063.0,24064.4
1747749747014.0,24063.5,24064.9
1747749747297.0,24063.0,24064.4
1747749747799.0,24063.5,24064.9
1747749748760.0,24063.0,24064.4
1747749748932.0,24063.5,24064.9
1747749749239.0,24063.0,24064.4
1747749749632.0,24063.0,24064.4
1747749750433.0,24064.5,24065.9
1747749750483.0,24064.0,24065.4
1747749750972.0,24064.5,24065.9
1747749751707.0,24064.0,24065.4
1747749753099.0,24065.5,24066.9
1747749754908.0,24066.0,24067.4
1747749755179.0,24067.0,24068.4
1747749755554.0,24066.5,24067.9
1747749756133.0,24066.5,24067.9
1747749757015.0,24067.5,24068.9
1747749757328.0,24068.0,24069.4
1747749757704.0,24067.5,24068.9
1747749757943.0,24068.0,24069.4
1747749761204.0,24066.0,24067.4
1747749761348.0,24065.5,24066.9
1747749761763.0,24067.0,24068.4
1747749761890.0,24066.0,24067.4
1747749762157.0,24065.5,24066.9
1747749762253.0,24067.0,24068.4
1747749762617.0,24066.5,24067.9
1747749762819,,
1747749763432.0,24066.0,24067.4
1747749763977.0,24066.0,24067.4
1747749764313.0,24066.5,24067.9
1747749764585.0,24066.0,24067.4
1747749764806.0,24066.5,24067.9
1747749765735.0,24064.0,24065.4
1747749766677.0,24064.0,24065.4
1747749767388.0,24065.0,24066.4
1747749767720.0,24064.0,24065.4
1747749768378.0,24063.5,24064.9
1747749768648.0,24064.0,24065.4
1747749769071.0,24064.0,24065.4
1747749769798.0,24063.5,24064.9
1747749769974.0,24064.0,24065.4
1747749770742.0,24064.5,24065.9
1747749770788.0,24064.0,24065.4
1747749771808.0,24063.5,24064.9
1747749774115.0,24062.5,24063.9
1747749774863.0,24061.5,24062.9
1747749774960.0,24061.5,24062.9
1747749776440.0,24061.0,24062.4
1747749776589.0,24060.0,24061.4
1747749777506.0,24059.5,24060.9
1747749777818.0,24060.5,24061.9
1747749778059.0,24061.0,24062.4
1747749778109.0,24060.5,24061.9
1747749779454.0,24062.0,24063.4
1747749780297.0,24062.5,24063.9
1747749780614.0,24062.0,24063.4
1747749781064.0,24063.0,24064.4
1747749781439.0,24063.5,24064.9
1747749782226.0,24064.0,24065.4
1747749783367.0,24063.0,24064.4
1747749784318.0,24064.5,24065.9
1747749784368.0,24065.0,24066.4
1747749786014.0,24065.5,24066.9
1747749786200.0,24065.0,24066.4
1747749788804.0,24063.0,24064.4
1747749789471.0,24063.0,24064.4
1747749789710.0,24063.5,24064.9
1747749789807.0,24063.0,24064.4
1747749790737.0,24062.0,24063.4
1747749790958.0,24062.5,24063.9
1747749791918.0,24062.0,24063.4
1747749792189.0,24061.0,24062.4
1747749792237.0,24061.5,24062.9
1747749792422.0,24062.0,24063.4
1747749793639.0,24061.5,24062.9
1747749794059.0,24061.0,24062.4
1747749794409.0,24061.5,24062.9
1747749795548.0,24062.0,24063.4
1747749795953.0,24061.5,24062.9
1747749796164.0,24062.0,24063.4
1747749797485.0,24063.0,24064.4
1747749797928.0,24062.5,24063.9
1747749797975.0,24062.0,24063.4
1747749799175.0,24063.0,24064.4
1747749800152.0,24059.5,24060.9
1747749801492.0,24060.0,24061.4
1747749803227.0,24060.0,24061.4
1747749803575.0,24061.5,24062.9
1747749803764.0,24062.0,24063.4
1747749804049.0,24061.5,24062.9
1747749805087.0,24062.0,24063.4
1747749806184.0,24063.5,24064.9
1747749807839.0,24064.0,24065.4
1747749809437.0,24063.5,24064.9
1747749810795.0,24064.0,24065.4
1747749811121.0,24063.5,24064.9
1747749811306.0,24064.0,24065.4
1747749811705.0,24063.5,24064.9
1747749812377.0,24064.0,24065.4
1747749813090.0,24063.5,24064.9
1747749813612.0,24064.0,24065.4
1747749814358.0,24063.5,24064.9
1747749814722.0,24064.0,24065.4
1747749815763.0,24064.0,24065.4
1747749816486.0,24064.0,24065.4
1747749817125.0,24063.5,24064.9
1747749817320.0,24064.0,24065.4
1747749819089.0,24063.5,24064.9
1747749819896.0,24063.0,24064.4
1747749820215.0,24062.0,24063.4
1747749821068.0,24062.0,24063.4
1747749823508.0,24061.5,24062.9
1747749825432.0,24061.0,24062.4
1747749826288.0,24062.0,24063.4
1747749826418.0,24061.0,24062.4
1747749827061.0,24062.0,24063.4
1747749827205.0,24061.5,24062.9
1747749827712.0,24061.5,24062.9
1747749827907.0,24061.5,24062.9
1747749828140.0,24062.0,24063.4
1747749829117.0,24061.5,24062.9
1747749829172.0,24061.0,24062.4
1747749829785.0,24060.0,24061.4
1747749832457.0,24060.0,24061.4
1747749835613.0,24060.5,24061.9
1747749835658.0,24060.0,24061.4
1747749836751.0,24061.0,24062.4
1747749837308,,
1747749838294.0,24061.5,24062.9
1747749838341.0,24062.0,24063.4
1747749840075.0,24061.0,24062.4
1747749840570.0,24060.0,24061.4
1747749840907.0,24060.5,24061.9
1747749842004.0,24060.0,24061.4
1747749842688.0,24060.5,24061.9
1747749842736.0,24060.0,24061.4
1747749843448.0,24060.5,24061.9
1747749843546.0,24061.0,24062.4
1747749843974.0,24060.5,24061.9
1747749844262.0,24061.0,24062.4
1747749844430.0,24060.0,24061.4
1747749845563.0,24058.5,24059.9
1747749845661.0,24059.0,24060.4
1747749846141.0,24058.0,24059.4
1747749846759.0,24057.5,24058.9
1747749849023,,
1747749849435.0,24058.5,24059.9
1747749849528.0,24059.5,24060.9
1747749852808.0,24059.5,24060.9
1747749853948.0,24059.0,24060.4
1747749855097.0,24059.5,24060.9
1747749856678.0,24060.0,24061.4
1747749857589.0,24059.5,24060.9
1747749857761.0,24060.0,24061.4
1747749858044.0,24059.5,24060.9
1747749858892.0,24059.0,24060.4
1747749859105.0,24059.0,24060.4
1747749859328.0,24058.5,24059.9
1747749859722.0,24058.0,24059.4
1747749860103.0,24057.5,24058.9
1747749864053.0,24057.0,24058.4
1747749864871.0,24056.0,24057.4
1747749867512.0,24056.0,24057.4
1747749867561.0,24057.0,24058.4
1747749868557.0,24057.0,24058.4
1747749869539.0,24056.5,24057.9
1747749871824.0,24057.0,24058.4
1747749871870.0,24057.5,24058.9
1747749872217.0,24060.5,24061.9
1747749873005.0,24061.0,24062.4
1747749873740.0,24061.5,24062.9
1747749873839.0,24060.5,24061.9
1747749873995.0,24062.0,24063.4
1747749874844.0,24063.0,24064.4
1747749875119.0,24062.0,24063.4
1747749875337.0,24061.5,24062.9
1747749875788.0,24061.0,24062.4
1747749877174.0,24061.0,24062.4
1747749877514.0,24060.5,24061.9
1747749877564.0,24060.0,24061.4
1747749878459.0,24060.5,24061.9
1747749878508.0,24061.0,24062.4
1747749878764.0,24060.5,24061.9
1747749879104.0,24061.0,24062.4
1747749879149.0,24060.5,24061.9
1747749879574.0,24061.5,24062.9
1747749879696.0,24061.0,24062.4
1747749880353.0,24060.5,24061.9
1747749880461.0,24059.5,24060.9
1747749880865.0,24057.5,24058.9
1747749881594.0,24057.0,24058.4
1747749884892.0,24058.0,24059.4
1747749887365.0,24057.5,24058.9
1747749893131.0,24057.0,24058.4
1747749893273.0,24057.5,24058.9
1747749893443.0,24057.0,24058.4
1747749893839.0,24057.0,24058.4
1747749894309.0,24057.5,24058.9
1747749894627.0,24057.0,24058.4
1747749897104.0,24057.5,24058.9
1747749897767.0,24057.5,24058.9
1747749898861.0,24057.0,24058.4
1747749900546.0,24054.5,24055.9
1747749900730.0,24054.0,24055.4
1747749900828.0,24053.5,24054.9
1747749901205,,
1747749901982.0,24055.0,24056.4
1747749902992.0,24055.5,24056.9
1747749903548.0,24055.5,24056.9
1747749903623.0,24055.0,24056.4
1747749905109.0,24054.0,24055.4
1747749905248.0,24055.0,24056.4
1747749905298.0,24054.0,24055.4
1747749906738.0,24053.0,24054.4
1747749906788.0,24053.5,24054.9
1747749907406.0,24054.0,24055.4
1747749907529.0,24054.5,24055.9
1747749909673.0,24053.0,24054.4
1747749909797.0,24052.5,24053.9
1747749910050.0,24052.5,24053.9
1747749915641,,
1747749916026.0,24053.5,24054.9
1747749916475.0,24053.0,24054.4
1747749918483.0,24052.5,24053.9
1747749919403.0,24053.0,24054.4
1747749919726.0,24053.5,24054.9
1747749919776.0,24054.0,24055.4
1747749920134.0,24053.5,24054.9
1747749921644.0,24054.0,24055.4
1747749922495.0,24054.5,24055.9
1747749924168.0,24054.0,24055.4
1747749925531.0,24057.0,24058.4
1747749927357.0,24057.5,24058.9
1747749929032.0,24058.0,24059.4
1747749929203.0,24058.5,24059.9
1747749930068.0,24059.0,24060.4
1747749930287.0,24058.0,24059.4
1747749930780.0,24057.5,24058.9
1747749931415.0,24057.5,24058.9
1747749931743,,
1747749932929.0,24058.0,24059.4
1747749934276.0,24058.5,24059.9
1747749934573.0,24059.0,24060.4
1747749935177.0,24058.5,24059.9
1747749935616.0,24059.0,24060.4
1747749935995.0,24059.0,24060.4
1747749936127.0,24058.5,24059.9
1747749936177.0,24058.0,24059.4
1747749936689.0,24057.5,24058.9
1747749939224.0,24057.0,24058.4
1747749939574.0,24057.5,24058.9
1747749939942.0,24058.0,24059.4
1747749940502.0,24058.5,24059.9
1747749941507.0,24059.0,24060.4
1747749942405.0,24059.5,24060.9
1747749942503.0,24061.0,24062.4
1747749943017.0,24061.5,24062.9
1747749943121.0,24061.5,24062.9
1747749945924.0,24061.0,24062.4
1747749946138.0,24061.5,24062.9
1747749946552.0,24061.0,24062.4
1747749947895.0,24060.5,24061.9
1747749948044.0,24061.0,24062.4
1747749949313.0,24060.5,24061.9
1747749950098.0,24061.0,24062.4
1747749950342.0,24060.5,24061.9
1747749950634.0,24059.5,24060.9
1747749952012.0,24058.5,24059.9
1747749952486.0,24059.0,24060.4
1747749952684.0,24058.5,24059.9
1747749953771.0,24057.0,24058.4
1747749954050.0,24056.5,24057.9
1747749954523.0,24057.0,24058.4
1747749955083.0,24056.5,24057.9
1747749961116.0,24056.0,24057.4
1747749961164.0,24055.5,24056.9
1747749961503.0,24056.0,24057.4
1747749961933.0,24058.0,24059.4
1747749962104.0,24058.5,24059.9
1747749962340.0,24059.5,24060.9
1747749962388.0,24060.0,24061.4
1747749964543.0,24059.5,24060.9
1747749968073.0,24061.0,24062.4
1747749968306.0,24060.5,24061.9
1747749968355.0,24060.0,24061.4
1747749970577.0,24059.5,24060.9
1747749973084.0,24058.5,24059.9
1747749973676.0,24055.5,24056.9
1747749973805.0,24056.0,24057.4
1747749976208.0,24055.5,24056.9
1747749976864.0,24055.0,24056.4
1747749977363,,
1747749977991.0,24055.0,24056.4
1747749978503.0,24051.5,24052.9
1747749978820.0,24048.5,24049.9
1747749978957,,
1747749979312.0,24049.5,24050.9
1747749979524.0,24049.0,24050.4
1747749980217.0,24050.0,24051.4
1747749980315.0,24049.5,24050.9
1747749981404.0,24049.0,24050.4
1747749982128.0,24049.5,24050.9
1747749982352.0,24049.5,24050.9
1747749982404.0,24049.0,24050.4
1747749982727.0,24049.5,24050.9
1747749985924.0,24049.0,24050.4
1747749987099.0,24048.5,24049.9
1747749987784.0,24049.5,24050.9
1747749990906.0,24049.0,24050.4
1747749994252.0,24049.5,24050.9
1747749996082.0,24050.0,24051.4
1747749996128.0,24050.5,24051.9
1747749998230.0,24050.0,24051.4
1747749999434.0,24052.0,24053.4
1747750001387.0,24052.5,24053.9
1747750001696.0,24053.0,24054.4
1747750002798.0,24053.0,24054.4
1747750003119.0,24052.5,24053.9
1747750003959.0,24052.0,24053.4
1747750005106.0,24051.0,24052.4
1747750005268.0,24051.5,24052.9
1747750005633.0,24051.0,24052.4
1747750006943.0,24051.5,24052.9
1747750007515.0,24051.0,24052.4
1747750008443.0,24052.0,24053.4
1747750009166.0,24051.5,24052.9
1747750009240.0,24052.0,24053.4
1747750010520.0,24051.0,24052.4
1747750012447.0,24051.5,24052.9
1747750012498.0,24051.0,24052.4
1747750013228.0,24052.0,24053.4
1747750014509.0,24052.0,24053.4
1747750015082.0,24050.5,24051.9
1747750016434.0,24049.5,24050.9
1747750018807.0,24051.0,24052.4
1747750019321.0,24050.0,24051.4
1747750019490.0,24050.5,24051.9
1747750019993.0,24050.0,24051.4
1747750022146.0,24054.0,24055.4
1747750022961.0,24054.0,24055.4
1747750023943.0,24053.5,24054.9
1747750024880.0,24054.0,24055.4
1747750025147.0,24053.5,24054.9
1747750025196.0,24053.0,24054.4
1747750027144.0,24052.0,24053.4
1747750027318,,
1747750027830.0,24053.0,24054.4
1747750028330.0,24053.5,24054.9
1747750029240.0,24053.5,24054.9
1747750029337.0,24054.0,24055.4
1747750029739.0,24053.5,24054.9
1747750030171.0,24052.5,24053.9
1747750030729.0,24051.0,24052.4
1747750030984.0,24050.5,24051.9
1747750032449.0,24049.5,24050.9
1747750033793.0,24048.5,24049.9
1747750034010.0,24049.0,24050.4
1747750034604.0,24049.0,24050.4
1747750034967.0,24049.5,24050.9
1747750035324.0,24049.0,24050.4
1747750035824.0,24049.5,24050.9
1747750036193.0,24049.0,24050.4
1747750038404.0,24050.0,24051.4
1747750040565.0,24049.5,24050.9
1747750040611.0,24049.0,24050.4
1747750041125.0,24048.0,24049.4
1747750041312.0,24047.5,24048.9
1747750041449.0,24047.0,24048.4
1747750042480.0,24044.5,24045.9
1747750042529.0,24043.5,24044.9
1747750042823.0,24044.0,24045.4
1747750043251.0,24044.5,24045.9
1747750043486.0,24045.0,24046.4
1747750043868.0,24044.0,24045.4
1747750044024.0,24044.5,24045.9
1747750044167.0,24044.0,24045.4
1747750044982.0,24044.5,24045.9
1747750045081.0,24045.0,24046.4
1747750046140.0,24045.5,24046.9
1747750046503.0,24045.0,24046.4
1747750046866.0,24045.5,24046.9
1747750047014.0,24045.0,24046.4
1747750048380.0,24045.5,24046.9
1747750048687.0,24046.0,24047.4
1747750049742.0,24045.5,24046.9
1747750050064.0,24046.0,24047.4
1747750052029.0,24046.5,24047.9
1747750052126,,
1747750053433.0,24048.5,24049.9
1747750053777.0,24048.0,24049.4
1747750054432.0,24048.5,24049.9
1747750054755.0,24049.0,24050.4
1747750057073.0,24049.0,24050.4
1747750057328.0,24048.5,24049.9
1747750057518.0,24049.0,24050.4
1747750059140.0,24048.5,24049.9
1747750059543.0,24049.0,24050.4
1747750060933.0,24049.5,24050.9
1747750062213.0,24050.0,24051.4
1747750062521.0,24050.5,24051.9
1747750062618.0,24051.0,24052.4
1747750064417.0,24052.0,24053.4
1747750064955.0,24051.5,24052.9
1747750065071.0,24051.0,24052.4
1747750065456.0,24050.5,24051.9
1747750065773.0,24050.0,24051.4
1747750066361.0,24051.0,24052.4
1747750066626.0,24052.0,24053.4
1747750066782.0,24051.0,24052.4
1747750067113.0,24052.0,24053.4
1747750068439.0,24052.5,24053.9
1747750068589.0,24052.0,24053.4
1747750069278.0,24052.5,24053.9
1747750069486.0,24054.0,24055.4
1747750070873.0,24053.5,24054.9
1747750071519.0,24054.0,24055.4
1747750072367,,
1747750072627.0,24053.5,24054.9
1747750072677.0,24052.0,24053.4
1747750073152.0,24052.5,24053.9
1747750073200.0,24053.0,24054.4
1747750075818.0,24052.0,24053.4
1747750076120.0,24052.5,24053.9
1747750077224.0,24053.0,24054.4
1747750078622.0,24051.0,24052.4
1747750079415.0,24051.5,24052.9
1747750079461.0,24052.0,24053.4
1747750080126.0,24050.0,24051.4
1747750080791.0,24050.5,24051.9
1747750083003.0,24050.0,24051.4
1747750083672.0,24049.0,24050.4
1747750085065.0,24048.5,24049.9
1747750085115.0,24049.0,24050.4
1747750086239.0,24049.5,24050.9
1747750086674.0,24049.5,24050.9
1747750086863.0,24050.0,24051.4
1747750087262.0,24050.5,24051.9
1747750087458.0,24050.5,24051.9
1747750087666.0,24051.0,24052.4
1747750088444.0,24050.0,24051.4
1747750088815.0,24050.5,24051.9
1747750089566.0,24050.0,24051.4
1747750090055.0,24050.5,24051.9
1747750090963.0,24049.5,24050.9
1747750091415.0,24049.0,24050.4
1747750093644.0,24049.5,24050.9
1747750094245.0,24050.0,24051.4
1747750095086.0,24049.5,24050.9
1747750095125.0,24049.0,24050.4
1747750096956.0,24049.5,24050.9
1747750097782.0,24049.0,24050.4
1747750098391.0,24049.5,24050.9
1747750102107.0,24050.0,24051.4
1747750103456.0,24049.5,24050.9
1747750103647.0,24049.0,24050.4
1747750105174.0,24049.5,24050.9
1747750105221.0,24050.0,24051.4
1747750105716.0,24049.5,24050.9
1747750105765.0,24049.0,24050.4
1747750107074.0,24048.5,24049.9
1747750107123.0,24048.0,24049.4
1747750108104.0,24048.0,24049.4
1747750108377.0,24048.0,24049.4
1747750109495.0,24047.5,24048.9
1747750110679.0,24047.5,24048.9
1747750111059.0,24048.0,24049.4
1747750111765,,
1747750112087.0,24046.0,24047.4
1747750112411.0,24045.5,24046.9
1747750112807.0,24046.0,24047.4
1747750113526.0,24046.5,24047.9
1747750113949.0,24046.0,24047.4
1747750114925.0,24045.5,24046.9
1747750115174.0,24045.0,24046.4
1747750115405.0,24046.0,24047.4
1747750115957.0,24045.5,24046.9
1747750116006.0,24045.0,24046.4
1747750116423.0,24045.5,24046.9
1747750116604.0,24046.0,24047.4
1747750117847.0,24047.0,24048.4
1747750118368.0,24048.0,24049.4
1747750118965.0,24048.5,24049.9
1747750119066.0,24048.0,24049.4
1747750119285.0,24048.5,24049.9
1747750119383.0,24049.0,24050.4
1747750119671.0,24048.5,24049.9
1747750119844.0,24049.0,24050.4
1747750121349.0,24049.0,24050.4
1747750122430.0,24048.5,24049.9
1747750123005.0,24048.0,24049.4
1747750123048,,
1747750125090.0,24047.5,24048.9
1747750125417.0,24047.5,24048.9
1747750126550.0,24049.0,24050.4
1747750127008.0,24048.5,24049.9
1747750128545.0,24048.0,24049.4
1747750130859.0,24047.5,24048.9
1747750130906.0,24047.0,24048.4
1747750131188.0,24046.5,24047.9
1747750135544.0,24046.0,24047.4
1747750136745,,
1747750137304.0,24045.0,24046.4
1747750137704.0,24044.5,24045.9
1747750137799.0,24045.0,24046.4
1747750138327.0,24044.5,24045.9
1747750141771.0,24046.0,24047.4
1747750142180.0,24047.0,24048.4
1747750142297.0,24046.5,24047.9
1747750143006.0,24047.0,24048.4
1747750143432.0,24046.5,24047.9
1747750145686.0,24045.5,24046.9
1747750146586.0,24046.0,24047.4
1747750146873.0,24046.5,24047.9
1747750147608.0,24047.0,24048.4
1747750148236.0,24046.0,24047.4
1747750148518.0,24045.5,24046.9
1747750148565.0,24046.0,24047.4
1747750148721.0,24045.5,24046.9
1747750149274.0,24045.0,24046.4
1747750150703.0,24045.5,24046.9
1747750150750.0,24046.0,24047.4
1747750151503.0,24046.0,24047.4
1747750153349.0,24046.5,24047.9
1747750153788.0,24047.0,24048.4
1747750154119.0,24047.0,24048.4
1747750155829.0,24046.5,24047.9
1747750155878.0,24046.0,24047.4
1747750156158.0,24046.5,24047.9
1747750156204.0,24047.0,24048.4
1747750157488.0,24046.5,24047.9
1747750158555.0,24047.0,24048.4
1747750160375.0,24048.0,24049.4
1747750160881.0,24047.5,24048.9
1747750161690.0,24047.0,24048.4
1747750165164.0,24046.0,24047.4
1747750165591.0,24044.5,24045.9
1747750165862.0,24045.0,24046.4
1747750168312.0,24044.5,24045.9
1747750168421.0,24045.0,24046.4
1747750169083.0,24046.0,24047.4
1747750169403.0,24046.5,24047.9
1747750169624.0,24046.5,24047.9
1747750169722.0,24046.0,24047.4
1747750170174.0,24045.5,24046.9
1747750170224.0,24046.0,24047.4
1747750170435.0,24046.0,24047.4
1747750170486.0,24045.5,24046.9
1747750171272.0,24045.0,24046.4
1747750171312.0,24045.5,24046.9
1747750171805.0,24045.5,24046.9
1747750172260.0,24045.5,24046.9
1747750176967.0,24046.5,24047.9
1747750177219.0,24046.0,24047.4
1747750177386.0,24047.0,24048.4
1747750178641.0,24046.0,24047.4
1747750178688.0,24046.5,24047.9
1747750180434.0,24046.0,24047.4
1747750181929.0,24045.5,24046.9
1747750182362.0,24046.0,24047.4
1747750182603.0,24046.5,24047.9
1747750183824.0,24046.0,24047.4
1747750184457.0,24045.5,24046.9
1747750185652.0,24045.0,24046.4
1747750186196.0,24044.5,24045.9
1747750186995.0,24042.5,24043.9
1747750187531.0,24040.5,24041.9
1747750187729.0,24040.5,24041.9
1747750187992.0,24041.0,24042.4
1747750188407.0,24041.5,24042.9
1747750188547.0,24041.0,24042.4
1747750188954.0,24041.5,24042.9
1747750189424,,
1747750190392.0,24041.0,24042.4
1747750190631.0,24042.0,24043.4
1747750191307.0,24042.5,24043.9
1747750191581.0,24040.5,24041.9
1747750191847.0,24040.0,24041.4
1747750192081.0,24039.5,24040.9
1747750192604.0,24039.5,24040.9
1747750193957.0,24039.0,24040.4
1747750194400.0,24039.5,24040.9
1747750195084.0,24040.0,24041.4
1747750195679.0,24040.5,24041.9
1747750195950.0,24040.5,24041.9
1747750196007.0,24042.0,24043.4
1747750196435.0,24042.0,24043.4
1747750197280.0,24041.5,24042.9
1747750197516.0,24041.5,24042.9
1747750197905.0,24041.0,24042.4
1747750198106.0,24041.5,24042.9
1747750198281.0,24040.0,24041.4
1747750198865.0,24040.5,24041.9
1747750199104.0,24040.0,24041.4
1747750199416.0,24041.0,24042.4
1747750199561.0,24040.0,24041.4
1747750200024.0,24040.8,24042.2
1747750200295.0,24040.3,24041.7
1747750200818,,
1747750202438.0,24039.8,24041.2
1747750202484,,
1747750202535.0,24039.3,24040.7
1747750202873.0,24037.8,24039.2
1747750203139.0,24036.3,24037.7
1747750203526.0,24033.8,24035.2
1747750203923,,
1747750204306.0,24034.8,24036.2
1747750204406.0,24036.3,24037.7
1747750205694.0,24035.8,24037.2
1747750205933.0,24035.8,24037.2
1747750206250.0,24035.3,24036.7
1747750206515.0,24036.3,24037.7
1747750207193.0,24035.8,24037.2
1747750207597.0,24034.8,24036.2
1747750207743.0,24033.8,24035.2
1747750208088.0,24033.8,24035.2
1747750209189.0,24032.8,24034.2
1747750209756.0,24033.3,24034.7
1747750209965.0,24033.8,24035.2
1747750210479.0,24033.3,24034.7
1747750211106.0,24032.3,24033.7
1747750211406.0,24032.8,24034.2
1747750211853.0,24033.8,24035.2
1747750212050.0,24032.8,24034.2
1747750212470.0,24032.3,24033.7
1747750212755.0,24032.8,24034.2
1747750213853.0,24033.8,24035.2
1747750214070.0,24034.3,24035.7
1747750215196.0,24033.8,24035.2
1747750215604.0,24034.3,24035.7
1747750216486,,
1747750216816.0,24035.3,24036.7
1747750217095.0,24034.8,24036.2
1747750217366.0,24035.3,24036.7
1747750217478.0,24036.8,24038.2
1747750217892.0,24037.8,24039.2
1747750218679.0,24039.8,24041.2
1747750218932.0,24040.8,24042.2
1747750219207.0,24043.3,24044.7
1747750219547,,
1747750219805.0,24043.8,24045.2
1747750220024.0,24043.8,24045.2
1747750220294.0,24043.8,24045.2
1747750220945.0,24043.3,24044.7
1747750221222.0,24042.8,24044.2
1747750222020.0,24042.3,24043.7
1747750222070.0,24041.8,24043.2
1747750223043.0,24042.3,24043.7
1747750223091.0,24042.8,24044.2
1747750223637.0,24042.3,24043.7
1747750224632.0,24043.8,24045.2
1747750224963.0,24042.8,24044.2
1747750225005.0,24043.8,24045.2
1747750227379.0,24042.8,24044.2
1747750227791.0,24043.3,24044.7
1747750228042.0,24042.8,24044.2
1747750228352.0,24041.3,24042.7
1747750228913.0,24040.8,24042.2
1747750229534.0,24041.8,24043.2
1747750229583.0,24042.3,24043.7
1747750229685.0,24041.8,24043.2
1747750229926.0,24042.3,24043.7
1747750230140.0,24041.8,24043.2
1747750230407.0,24042.3,24043.7
1747750230457.0,24040.8,24042.2
1747750231295.0,24040.8,24042.2
1747750231882.0,24039.8,24041.2
1747750233506.0,24038.8,24040.2
1747750233957.0,24039.3,24040.7
1747750234003.0,24039.8,24041.2
1747750234290.0,24038.8,24040.2
1747750234968.0,24039.3,24040.7
1747750235067.0,24039.8,24041.2
1747750236081.0,24039.3,24040.7
1747750236129.0,24038.8,24040.2
1747750236637.0,24039.3,24040.7
1747750237154.0,24040.8,24042.2
1747750238137.0,24041.8,24043.2
1747750238504.0,24040.8,24042.2
1747750238671.0,24041.8,24043.2
1747750240689.0,24040.8,24042.2
1747750242709.0,24041.8,24043.2
1747750244425.0,24041.8,24043.2
1747750247979.0,24042.3,24043.7
1747750248031.0,24043.3,24044.7
1747750248756.0,24043.8,24045.2
1747750249075.0,24043.3,24044.7
1747750249339.0,24042.8,24044.2
1747750249999.0,24042.3,24043.7
1747750252048.0,24041.3,24042.7
1747750252098.0,24041.8,24043.2
1747750252355.0,24042.3,24043.7
1747750254118.0,24042.3,24043.7
1747750257105.0,24040.8,24042.2
1747750257247.0,24041.3,24042.7
1747750257294.0,24040.8,24042.2
1747750258030.0,24040.3,24041.7
1747750258489.0,24039.8,24041.2
1747750259210.0,24040.3,24041.7
1747750264191.0,24042.3,24043.7
1747750265625.0,24041.3,24042.7
1747750266456.0,24041.8,24043.2
1747750268376.0,24042.3,24043.7
1747750272865.0,24040.8,24042.2
1747750273117.0,24038.3,24039.7
1747750273469.0,24039.3,24040.7
1747750273986.0,24040.8,24042.2
1747750274563.0,24040.3,24041.7
1747750274729.0,24040.8,24042.2
1747750275131.0,24041.3,24042.7
1747750275171.0,24040.8,24042.2
1747750276217.0,24041.3,24042.7
1747750276315.0,24040.8,24042.2
1747750277379.0,24040.3,24041.7
1747750278116.0,24040.8,24042.2
1747750280057.0,24040.3,24041.7
1747750280189.0,24040.8,24042.2
1747750280581.0,24041.3,24042.7
1747750280627.0,24040.8,24042.2
1747750281407.0,24039.8,24041.2
1747750282181.0,24039.3,24040.7
1747750282414.0,24038.3,24039.7
1747750282462.0,24037.8,24039.2
1747750282511.0,24037.3,24038.7
1747750282859.0,24038.8,24040.2
1747750283068.0,24038.3,24039.7
1747750283896.0,24038.8,24040.2
1747750285659.0,24038.3,24039.7
1747750285704.0,24038.8,24040.2
1747750286454.0,24039.8,24041.2
1747750287486.0,24039.8,24041.2
1747750287912.0,24039.3,24040.7
1747750288340.0,24038.8,24040.2
1747750289655.0,24039.8,24041.2
1747750290278.0,24039.3,24040.7
1747750290435.0,24038.3,24039.7
1747750290934.0,24039.8,24041.2
1747750291853.0,24039.8,24041.2
1747750292481.0,24039.3,24040.7
1747750292528.0,24038.8,24040.2
1747750293211.0,24038.8,24040.2
1747750293378.0,24037.8,24039.2
1747750294059.0,24037.3,24038.7
1747750294112,,
1747750294634.0,24036.3,24037.7
1747750295310.0,24035.3,24036.7
1747750295694,,
1747750296005.0,24034.3,24035.7
1747750296141.0,24034.8,24036.2
1747750297553.0,24034.3,24035.7
1747750297936.0,24034.8,24036.2
1747750300472.0,24035.8,24037.2
1747750300938.0,24035.3,24036.7
1747750301383.0,24036.8,24038.2
1747750304026.0,24037.3,24038.7
1747750305361.0,24039.8,24041.2
1747750306270.0,24040.8,24042.2
1747750306318.0,24040.3,24041.7
1747750307111,,
1747750308176.0,24039.8,24041.2
1747750308368.0,24040.3,24041.7
1747750308706.0,24039.8,24041.2
1747750308805.0,24038.8,24040.2
1747750309679.0,24039.8,24041.2
1747750310055.0,24039.8,24041.2
1747750310374.0,24040.3,24041.7
1747750310797.0,24040.8,24042.2
1747750311609.0,24039.8,24041.2
1747750312388.0,24040.8,24042.2
1747750313248.0,24041.3,24042.7
1747750314938.0,24040.8,24042.2
1747750316298.0,24040.3,24041.7
1747750316876.0,24039.8,24041.2
1747750316924.0,24040.3,24041.7
1747750318443.0,24040.8,24042.2
1747750318538.0,24040.3,24041.7
1747750320130.0,24039.3,24040.7
1747750320261.0,24039.8,24041.2
1747750320645.0,24039.3,24040.7
1747750320860.0,24038.8,24040.2
1747750321141.0,24039.3,24040.7
1747750323097.0,24038.8,24040.2
1747750323622.0,24038.3,24039.7
1747750323670.0,24037.3,24038.7
1747750325533.0,24037.3,24038.7
1747750326412.0,24036.8,24038.2
1747750327408.0,24035.8,24037.2
1747750327665.0,24036.8,24038.2
1747750329371.0,24036.3,24037.7
1747750329562.0,24036.8,24038.2
1747750329863.0,24035.8,24037.2
1747750330287.0,24035.3,24036.7
1747750330614.0,24034.8,24036.2
1747750331755.0,24031.8,24033.2
1747750332013.0,24033.3,24034.7
1747750332178.0,24032.8,24034.2
1747750333008.0,24032.8,24034.2
1747750334171.0,24032.3,24033.7
1747750334281.0,24032.8,24034.2
1747750335629.0,24031.8,24033.2
1747750336097,,
1747750336979.0,24032.3,24033.7
1747750337092.0,24033.3,24034.7
1747750337414.0,24032.8,24034.2
1747750338289.0,24032.8,24034.2
1747750338683.0,24031.8,24033.2
1747750339307.0,24032.8,24034.2
1747750339649.0,24032.8,24034.2
1747750340174.0,24031.8,24033.2
1747750340536.0,24032.3,24033.7
1747750341020.0,24032.8,24034.2
1747750341714.0,24033.3,24034.7
1747750343524.0,24036.3,24037.7
1747750344160.0,24036.8,24038.2
1747750345222.0,24038.3,24039.7
1747750345857.0,24038.8,24040.2
1747750346080.0,24038.8,24040.2
1747750348276.0,24039.3,24040.7
1747750348827.0,24040.3,24041.7
1747750348889.0,24040.8,24042.2
1747750349464.0,24040.3,24041.7
1747750349510.0,24039.3,24040.7
1747750350186.0,24040.3,24041.7
1747750350874.0,24039.8,24041.2
1747750351183.0,24038.8,24040.2
1747750351564.0,24038.8,24040.2
1747750351754.0,24038.8,24040.2
1747750352152.0,24038.3,24039.7
1747750352377.0,24038.8,24040.2
1747750353067.0,24039.3,24040.7
1747750353386.0,24038.8,24040.2
1747750356184.0,24039.3,24040.7
1747750357887,,
1747750358299.0,24037.8,24039.2
1747750358493.0,24038.3,24039.7
1747750359654.0,24039.8,24041.2
1747750359909.0,24040.3,24041.7
1747750363087.0,24039.8,24041.2
1747750364049.0,24040.3,24041.7
1747750365164.0,24039.8,24041.2
1747750367536.0,24040.3,24041.7
1747750367655.0,24039.8,24041.2
1747750368925,,
1747750369521.0,24040.8,24042.2
1747750369622.0,24040.8,24042.2
1747750370444.0,24041.3,24042.7
1747750370716.0,24041.8,24043.2
1747750370980.0,24042.3,24043.7
1747750371313.0,24042.8,24044.2
1747750371892.0,24042.8,24044.2
1747750372450.0,24042.8,24044.2
1747750372497,,
1747750373994.0,24043.3,24044.7
1747750374149.0,24043.8,24045.2
1747750374360.0,24043.3,24044.7
1747750374522.0,24042.8,24044.2
1747750375160.0,24043.8,24045.2
1747750375878.0,24043.8,24045.2
1747750376490.0,24044.8,24046.2
1747750379777.0,24045.3,24046.7
1747750380586.0,24044.3,24045.7
1747750381054.0,24044.8,24046.2
1747750382778.0,24044.3,24045.7
1747750383169.0,24044.8,24046.2
1747750383975.0,24045.3,24046.7
1747750385112.0,24044.3,24045.7
1747750385260.0,24044.8,24046.2
1747750386736.0,24045.3,24046.7
1747750388332.0,24044.3,24045.7
1747750389226.0,24043.8,24045.2
1747750389771.0,24043.8,24045.2
1747750391069.0,24044.3,24045.7
1747750392705.0,24043.3,24044.7
1747750393596.0,24044.3,24045.7
1747750393845.0,24043.8,24045.2
1747750394047,,
1747750395394.0,24043.8,24045.2
1747750395984.0,24044.3,24045.7
1747750396545.0,24043.8,24045.2
1747750396823.0,24044.3,24045.7
1747750397196.0,24043.8,24045.2
1747750397693.0,24044.3,24045.7
1747750397743.0,24044.8,24046.2
1747750398929.0,24043.3,24044.7
1747750399608.0,24042.8,24044.2
1747750399771.0,24042.8,24044.2
1747750401713.0,24043.3,24044.7
1747750401760.0,24044.8,24046.2
1747750401812.0,24044.3,24045.7
1747750402081.0,24043.8,24045.2
1747750403080.0,24042.8,24044.2
1747750404921.0,24043.8,24045.2
1747750405059.0,24044.3,24045.7
1747750405382.0,24043.8,24045.2
1747750406296.0,24042.8,24044.2
1747750406851.0,24042.8,24044.2
1747750408210.0,24043.3,24044.7
1747750408835.0,24042.8,24044.2
1747750414135.0,24042.3,24043.7
1747750414276,,
1747750414724.0,24042.8,24044.2
1747750418173.0,24042.3,24043.7
1747750418916,,
1747750419346.0,24042.3,24043.7
1747750419577.0,24042.8,24044.2
1747750420039.0,24042.3,24043.7
1747750420305.0,24042.8,24044.2
1747750421648.0,24042.8,24044.2
1747750422755.0,24042.3,24043.7
1747750422916.0,24041.8,24043.2
1747750423485.0,24041.3,24042.7
1747750423631.0,24041.3,24042.7
1747750424517.0,24041.8,24043.2
1747750424678.0,24041.8,24043.2
1747750425130.0,24042.3,24043.7
1747750429507.0,24043.8,24045.2
1747750430497.0,24044.3,24045.7
1747750430723.0,24043.8,24045.2
1747750430771.0,24044.3,24045.7
1747750431252,,
1747750431320.0,24043.3,24044.7
1747750431493.0,24042.8,24044.2
1747750431872.0,24043.3,24044.7
1747750432883.0,24042.8,24044.2
1747750433479.0,24042.3,24043.7
1747750434336.0,24042.8,24044.2
1747750434789.0,24042.8,24044.2
1747750434889.0,24042.3,24043.7
1747750435131.0,24041.8,24043.2
1747750435315.0,24042.8,24044.2
1747750436956.0,24043.3,24044.7
1747750437003.0,24043.8,24045.2
1747750437399.0,24045.3,24046.7
1747750437548,,
1747750439944.0,24044.8,24046.2
1747750441056.0,24045.3,24046.7
1747750441269,,
1747750441448.0,24045.8,24047.2
1747750441666.0,24045.3,24046.7
1747750441922.0,24045.8,24047.2
1747750442388.0,24044.3,24045.7
1747750442538.0,24045.8,24047.2
1747750443994.0,24045.3,24046.7
1747750444587.0,24044.8,24046.2
1747750444844.0,24045.8,24047.2
1747750444997.0,24045.3,24046.7
1747750445915.0,24044.3,24045.7
1747750445964.0,24044.8,24046.2
1747750446755.0,24042.3,24043.7
1747750446854.0,24042.8,24044.2
1747750447229.0,24042.3,24043.7
1747750447405.0,24042.8,24044.2
1747750447663.0,24042.3,24043.7
1747750448853.0,24042.3,24043.7
1747750449089.0,24041.8,24043.2
1747750449391.0,24040.8,24042.2
1747750450465.0,24041.8,24043.2
1747750451353.0,24039.8,24041.2
1747750451667.0,24039.3,24040.7
1747750451870.0,24038.8,24040.2
1747750452707.0,24039.8,24041.2
1747750452912.0,24040.3,24041.7
1747750453605.0,24039.8,24041.2
1747750454835.0,24040.3,24041.7
1747750455348.0,24039.8,24041.2
1747750455955.0,24040.3,24041.7
1747750456052.0,24039.8,24041.2
1747750457579.0,24038.8,24040.2
1747750457767.0,24037.8,24039.2
1747750458257.0,24038.8,24040.2
1747750459480.0,24038.3,24039.7
1747750459528.0,24037.3,24038.7
1747750459787.0,24039.8,24041.2
1747750459926.0,24040.3,24041.7
1747750460393.0,24039.8,24041.2
1747750460812.0,24034.8,24036.2
1747750461037.0,24035.3,24036.7
1747750461916.0,24034.8,24036.2
1747750462090.0,24034.3,24035.7
1747750463019.0,24034.8,24036.2
1747750463175.0,24036.3,24037.7
1747750464712.0,24035.8,24037.2
1747750465476.0,24035.3,24036.7
1747750465524.0,24036.8,24038.2
1747750465988.0,24037.3,24038.7
1747750466036.0,24036.8,24038.2
1747750466085.0,24037.3,24038.7
1747750466438.0,24037.8,24039.2
1747750466769.0,24036.8,24038.2
1747750467023.0,24036.8,24038.2
1747750467725.0,24036.3,24037.7
1747750468096.0,24037.3,24038.7
1747750469157.0,24037.8,24039.2
1747750470750.0,24037.3,24038.7
1747750472172.0,24037.8,24039.2
1747750473262.0,24037.8,24039.2
1747750475049.0,24036.3,24037.7
1747750475423.0,24036.8,24038.2
1747750475620.0,24036.3,24037.7
1747750475959.0,24036.8,24038.2
1747750477580.0,24036.3,24037.7
1747750477676.0,24035.8,24037.2
1747750478607.0,24036.8,24038.2
1747750478985.0,24035.8,24037.2
1747750479290.0,24036.3,24037.7
1747750479766.0,24036.8,24038.2
1747750480070.0,24037.8,24039.2
1747750480121.0,24037.3,24038.7
1747750480171.0,24036.8,24038.2
1747750482411.0,24037.3,24038.7
1747750483036.0,24036.8,24038.2
1747750483630.0,24036.3,24037.7
1747750485695.0,24036.8,24038.2
1747750487138.0,24036.3,24037.7
1747750487675.0,24036.8,24038.2
1747750488324.0,24036.3,24037.7
1747750488563.0,24036.8,24038.2
1747750488794.0,24036.3,24037.7
1747750489503.0,24036.8,24038.2
1747750491641.0,24037.3,24038.7
1747750493074.0,24037.8,24039.2
1747750494186.0,24037.3,24038.7
1747750494336.0,24036.8,24038.2
1747750496066.0,24037.3,24038.7
1747750497142.0,24037.8,24039.2
1747750500078.0,24037.3,24038.7
1747750500435.0,24036.8,24038.2
1747750500969.0,24037.3,24038.7
1747750501252.0,24037.3,24038.7
1747750501592.0,24036.8,24038.2
1747750503167.0,24037.3,24038.7
1747750504412.0,24036.8,24038.2
1747750506664.0,24037.8,24039.2
1747750506804.0,24036.8,24038.2
1747750507298.0,24036.3,24037.7
1747750508212.0,24035.8,24037.2
1747750508548.0,24034.8,24036.2
1747750508597.0,24034.3,24035.7
1747750509506.0,24033.8,24035.2
1747750509823.0,24034.3,24035.7
1747750510139,,
1747750510388.0,24034.3,24035.7
1747750511687.0,24034.8,24036.2
1747750513085.0,24034.8,24036.2
1747750513492.0,24034.3,24035.7
1747750513590.0,24034.3,24035.7
1747750513925.0,24034.8,24036.2
1747750514205.0,24034.8,24036.2
1747750514305.0,24034.3,24035.7
1747750514351.0,24034.8,24036.2
1747750514793.0,24034.8,24036.2
1747750515615.0,24035.3,24036.7
1747750516129.0,24036.8,24038.2
1747750516388.0,24036.3,24037.7
1747750516979.0,24035.8,24037.2
1747750517178.0,24035.3,24036.7
1747750518327.0,24034.8,24036.2
1747750518546.0,24035.3,24036.7
1747750519340.0,24035.8,24037.2
1747750520041.0,24036.3,24037.7
1747750520824.0,24035.8,24037.2
1747750521218.0,24035.3,24036.7
1747750521480.0,24034.8,24036.2
1747750521809.0,24034.3,24035.7
1747750522860.0,24035.8,24037.2
1747750523348.0,24035.8,24037.2
1747750524147.0,24036.3,24037.7
1747750524960.0,24035.8,24037.2
1747750525777.0,24035.3,24036.7
1747750525822,,
1747750528924.0,24035.8,24037.2
1747750529476.0,24036.3,24037.7
1747750529647.0,24037.8,24039.2
1747750530563.0,24038.3,24039.7
1747750531143.0,24038.8,24040.2
1747750532069.0,24038.8,24040.2
1747750532472.0,24039.3,24040.7
1747750532521.0,24038.8,24040.2
1747750533962.0,24038.8,24040.2
1747750534817.0,24038.8,24040.2
1747750535626.0,24038.3,24039.7
1747750536746.0,24038.8,24040.2
1747750536845.0,24038.3,24039.7
1747750538676.0,24037.3,24038.7
1747750539903.0,24037.8,24039.2
1747750540205.0,24038.3,24039.7
1747750540633.0,24038.8,24040.2
1747750541662.0,24038.3,24039.7
1747750541709.0,24038.8,24040.2
1747750542522.0,24039.3,24040.7
1747750542569,,
1747750543538.0,24040.3,24041.7
1747750543584.0,24039.3,24040.7
1747750544864.0,24038.8,24040.2
1747750546118.0,24039.3,24040.7
1747750548600.0,24040.8,24042.2
1747750548854.0,24041.8,24043.2
1747750549098.0,24041.8,24043.2
1747750549568.0,24042.3,24043.7
1747750549614.0,24041.8,24043.2
1747750550260.0,24040.8,24042.2
1747750550384.0,24041.3,24042.7
1747750550433.0,24041.8,24043.2
1747750551114.0,24041.3,24042.7
1747750551164.0,24040.8,24042.2
1747750552170.0,24041.8,24043.2
1747750552390.0,24040.8,24042.2
1747750554402.0,24041.8,24043.2
1747750554480.0,24041.3,24042.7
1747750555183.0,24040.8,24042.2
1747750555716.0,24040.3,24041.7
1747750555762.0,24040.8,24042.2
1747750555964.0,24040.3,24041.7
1747750556277.0,24039.8,24041.2
1747750556423.0,24040.3,24041.7
1747750558579,,
1747750559950.0,24039.8,24041.2
1747750560223.0,24040.3,24041.7
1747750562295.0,24039.8,24041.2
1747750562457.0,24039.8,24041.2
1747750562557.0,24039.3,24040.7
1747750562721.0,24040.3,24041.7
1747750563092.0,24039.8,24041.2
1747750563233.0,24039.8,24041.2
1747750563649.0,24040.3,24041.7
1747750563803.0,24039.8,24041.2
1747750564432.0,24039.3,24040.7
1747750564568.0,24039.3,24040.7
1747750565004,,
1747750565553.0,24039.8,24041.2
1747750565963.0,24040.3,24041.7
1747750566248.0,24040.3,24041.7
1747750566444.0,24040.3,24041.7
1747750567073.0,24039.3,24040.7
1747750567382.0,24039.8,24041.2
1747750567592.0,24039.3,24040.7
1747750567950.0,24039.8,24041.2
1747750568212.0,24039.3,24040.7
1747750568519,,
1747750568627.0,24039.8,24041.2
1747750569269.0,24039.3,24040.7
1747750570885.0,24040.3,24041.7
1747750571208.0,24039.8,24041.2
1747750571687.0,24039.8,24041.2
1747750572015.0,24040.3,24041.7
1747750573574.0,24039.8,24041.2
1747750573842.0,24039.3,24040.7
1747750573979.0,24039.8,24041.2
1747750574387.0,24039.3,24040.7
1747750574712.0,24037.8,24039.2
1747750575026.0,24038.3,24039.7
1747750575076.0,24037.8,24039.2
1747750575314.0,24038.3,24039.7
1747750575361.0,24039.3,24040.7
1747750575926.0,24039.8,24041.2
1747750577456.0,24039.3,24040.7
1747750578240.0,24040.3,24041.7
1747750578291.0,24040.8,24042.2
1747750578673.0,24040.3,24041.7
1747750579023.0,24040.8,24042.2
1747750579120.0,24040.3,24041.7
1747750579794.0,24039.8,24041.2
1747750580557.0,24040.3,24041.7
1747750580926.0,24039.8,24041.2
1747750580976.0,24040.3,24041.7
1747750582041,,
1747750582206.0,24040.3,24041.7
1747750584251.0,24039.8,24041.2
1747750584296,,
1747750584726.0,24040.3,24041.7
1747750584772.0,24039.8,24041.2
1747750584999.0,24039.8,24041.2
1747750585744.0,24040.3,24041.7
1747750586925.0,24039.8,24041.2
1747750587087.0,24038.8,24040.2
1747750589225.0,24037.8,24039.2
1747750590054.0,24037.3,24038.7
1747750591827.0,24036.8,24038.2
1747750591997.0,24036.3,24037.7
1747750592562.0,24036.8,24038.2
1747750594022.0,24037.3,24038.7
1747750594121.0,24037.8,24039.2
1747750596935.0,24037.8,24039.2
1747750599534.0,24036.8,24038.2
1747750602256.0,24036.3,24037.7
1747750602566.0,24036.3,24037.7
1747750603123.0,24035.8,24037.2
1747750603559.0,24036.3,24037.7
1747750603855.0,24035.8,24037.2
1747750604150.0,24034.8,24036.2
1747750604544.0,24035.8,24037.2
1747750605156.0,24035.8,24037.2
1747750605465.0,24036.3,24037.7
1747750605563.0,24035.8,24037.2
1747750605956.0,24034.8,24036.2
1747750606280.0,24036.3,24037.7
1747750606570.0,24036.3,24037.7
1747750608863.0,24037.3,24038.7
1747750608977.0,24036.8,24038.2
1747750609386.0,24036.8,24038.2
1747750609445.0,24036.3,24037.7
1747750610457.0,24037.3,24038.7
1747750610540.0,24036.8,24038.2
1747750611119.0,24037.3,24038.7
1747750611678.0,24036.8,24038.2
1747750612440.0,24036.3,24037.7
1747750614798.0,24035.8,24037.2
1747750615634.0,24035.3,24036.7
1747750615881.0,24035.8,24037.2
1747750617113.0,24036.3,24037.7
1747750617583.0,24035.8,24037.2
1747750618146.0,24036.3,24037.7
1747750618620.0,24036.8,24038.2
1747750618855.0,24037.3,24038.7
1747750619014.0,24037.8,24039.2
1747750619261.0,24037.3,24038.7
1747750619366.0,24037.8,24039.2
1747750620056.0,24037.3,24038.7
1747750620357.0,24036.8,24038.2
1747750621576.0,24036.3,24037.7
1747750621673.0,24033.3,24034.7
1747750622207.0,24032.8,24034.2
1747750622522.0,24033.3,24034.7
1747750622963.0,24033.3,24034.7
1747750623170.0,24033.3,24034.7
1747750623472.0,24032.8,24034.2
1747750623832.0,24032.3,24033.7
1747750623932.0,24033.3,24034.7
1747750624105.0,24033.8,24035.2
1747750626154.0,24036.3,24037.7
1747750626573.0,24035.8,24037.2
1747750627152.0,24035.3,24036.7
1747750627383.0,24034.8,24036.2
1747750629004.0,24035.3,24036.7
1747750629399,,
1747750629656.0,24035.3,24036.7
1747750630771.0,24034.8,24036.2
1747750630943.0,24034.3,24035.7
1747750631094.0,24032.8,24034.2
1747750631533.0,24033.3,24034.7
1747750631578.0,24032.8,24034.2
1747750633454.0,24032.8,24034.2
1747750634250.0,24032.3,24033.7
1747750634298.0,24032.8,24034.2
1747750635192.0,24032.8,24034.2
1747750635950.0,24032.3,24033.7
1747750636090.0,24032.8,24034.2
1747750636230.0,24033.3,24034.7
1747750636361.0,24033.8,24035.2
1747750636752.0,24033.3,24034.7
1747750637607.0,24034.3,24035.7
1747750637770.0,24032.3,24033.7
1747750639383.0,24032.8,24034.2
1747750639784.0,24032.8,24034.2
1747750640290.0,24033.3,24034.7
1747750640493.0,24033.8,24035.2
1747750641967.0,24034.3,24035.7
1747750642384.0,24034.8,24036.2
1747750642809.0,24034.3,24035.7
1747750643193.0,24034.8,24036.2
1747750643518.0,24034.8,24036.2
1747750643622.0,24034.8,24036.2
1747750644011.0,24034.3,24035.7
1747750644260.0,24034.8,24036.2
1747750645475.0,24034.3,24035.7
1747750645651.0,24033.3,24034.7
1747750645869.0,24032.8,24034.2
1747750646432.0,24032.3,24033.7
1747750646622.0,24032.8,24034.2
1747750647379.0,24032.3,24033.7
1747750647577.0,24032.8,24034.2
1747750647626.0,24032.3,24033.7
1747750647832.0,24032.8,24034.2
1747750648429.0,24032.3,24033.7
1747750649111.0,24031.8,24033.2
1747750649309.0,24032.3,24033.7
1747750649604,,
1747750650071.0,24032.3,24033.7
1747750652774.0,24030.3,24031.7
1747750654427.0,24030.8,24032.2
1747750654476.0,24031.3,24032.7
1747750655148.0,24031.8,24033.2
1747750655328.0,24031.3,24032.7
1747750655971.0,24031.8,24033.2
1747750656560.0,24031.3,24032.7
1747750657845.0,24031.8,24033.2
1747750658005.0,24031.3,24032.7
1747750658103.0,24031.8,24033.2
1747750658432.0,24031.3,24032.7
1747750658731.0,24031.8,24033.2
1747750658872.0,24031.3,24032.7
1747750659215.0,24031.8,24033.2
1747750659920.0,24032.3,24033.7
1747750660611.0,24033.8,24035.2
1747750660822.0,24034.3,24035.7
1747750661025.0,24033.3,24034.7
1747750661170.0,24033.8,24035.2
1747750661789.0,24033.3,24034.7
1747750662536.0,24033.8,24035.2
1747750663289.0,24034.3,24035.7
1747750663337.0,24034.8,24036.2
1747750663451.0,24034.3,24035.7
1747750664592.0,24033.8,24035.2
1747750664639.0,24033.3,24034.7
1747750665213.0,24032.8,24034.2
1747750665496,,
1747750665703.0,24032.3,24033.7
1747750665972.0,24031.8,24033.2
1747750666721.0,24032.3,24033.7
1747750667103.0,24032.3,24033.7
1747750669726.0,24032.8,24034.2
1747750670088.0,24033.3,24034.7
1747750671585.0,24033.3,24034.7
1747750671781.0,24033.3,24034.7
1747750672428.0,24033.3,24034.7
1747750672657.0,24033.8,24035.2
1747750673608.0,24034.3,24035.7
1747750674616.0,24032.3,24033.7
1747750674839.0,24032.8,24034.2
1747750675228.0,24032.3,24033.7
1747750675465.0,24032.8,24034.2
1747750676408,,
1747750676673.0,24032.8,24034.2
1747750677471.0,24032.3,24033.7
1747750677656.0,24032.8,24034.2
1747750678482.0,24033.3,24034.7
1747750678874.0,24030.8,24032.2
1747750679558.0,24030.3,24031.7
1747750679606,,
1747750680032.0,24029.3,24030.7
1747750680488.0,24029.8,24031.2
1747750681058.0,24030.3,24031.7
1747750681223.0,24030.8,24032.2
1747750681505.0,24030.3,24031.7
1747750681811,,
1747750682932.0,24029.8,24031.2
1747750683193.0,24029.3,24030.7
1747750683561.0,24030.3,24031.7
1747750684467.0,24029.8,24031.2
1747750684598.0,24029.3,24030.7
1747750685130.0,24029.8,24031.2
1747750685768.0,24030.8,24032.2
1747750686258.0,24029.8,24031.2
1747750687693.0,24030.3,24031.7
1747750688145.0,24030.8,24032.2
1747750688270.0,24030.3,24031.7
1747750690209.0,24029.8,24031.2
1747750691080.0,24029.8,24031.2
1747750691219.0,24030.3,24031.7
1747750691693.0,24030.8,24032.2
1747750691886.0,24030.3,24031.7
1747750692107.0,24030.8,24032.2
1747750692451.0,24030.3,24031.7
1747750692993.0,24030.8,24032.2
1747750693223.0,24031.3,24032.7
1747750693959.0,24031.3,24032.7
1747750695031.0,24031.8,24033.2
1747750695392.0,24031.3,24032.7
1747750696195.0,24031.8,24033.2
1747750696664.0,24031.3,24032.7
1747750697511.0,24031.8,24033.2
1747750697782.0,24031.3,24032.7
1747750698762.0,24031.8,24033.2
1747750699361.0,24031.3,24032.7
1747750699460.0,24032.3,24033.7
1747750700639.0,24031.3,24032.7
1747750700977.0,24032.3,24033.7
1747750701625.0,24032.3,24033.7
1747750702496.0,24032.8,24034.2
1747750702692.0,24032.8,24034.2
1747750703140.0,24032.8,24034.2
1747750703810.0,24032.3,24033.7
1747750705499.0,24032.8,24034.2
1747750705658.0,24032.3,24033.7
1747750706330.0,24032.8,24034.2
1747750707405.0,24033.3,24034.7
1747750707662.0,24033.3,24034.7
1747750708114.0,24034.3,24035.7
1747750708185.0,24033.8,24035.2
1747750709768.0,24034.3,24035.7
1747750710167.0,24036.3,24037.7
1747750710525.0,24036.3,24037.7
1747750710644.0,24036.8,24038.2
1747750711127.0,24036.3,24037.7
1747750711489.0,24036.8,24038.2
1747750711924.0,24036.3,24037.7
1747750712031.0,24036.8,24038.2
1747750712933.0,24037.3,24038.7
1747750713470.0,24037.3,24038.7
1747750714142.0,24038.3,24039.7
1747750714586.0,24037.8,24039.2
1747750715189.0,24038.3,24039.7
1747750715849.0,24037.8,24039.2
1747750716330.0,24038.8,24040.2
1747750717783.0,24037.8,24039.2
1747750718375.0,24038.3,24039.7
1747750718425.0,24037.8,24039.2
1747750718890.0,24038.3,24039.7
1747750719115.0,24038.3,24039.7
1747750719217.0,24037.8,24039.2
1747750719977.0,24038.3,24039.7
1747750720076.0,24038.8,24040.2
1747750720636.0,24037.8,24039.2
1747750721017.0,24038.3,24039.7
1747750721113.0,24037.8,24039.2
1747750721235.0,24037.8,24039.2
1747750721603.0,24037.3,24038.7
1747750722084.0,24037.8,24039.2
1747750722180.0,24038.3,24039.7
1747750723017.0,24038.8,24040.2
1747750723495.0,24038.3,24039.7
1747750723541.0,24037.8,24039.2
1747750726227.0,24037.3,24038.7
1747750726275.0,24036.8,24038.2
1747750726376.0,24037.8,24039.2
1747750727511.0,24037.8,24039.2
1747750729443.0,24036.8,24038.2
1747750729731.0,24036.8,24038.2
1747750729822.0,24037.3,24038.7
1747750730498.0,24036.8,24038.2
1747750731073.0,24037.8,24039.2
1747750732129.0,24037.3,24038.7
1747750732283.0,24037.8,24039.2
1747750733566.0,24036.8,24038.2
1747750734921.0,24037.3,24038.7
1747750734969.0,24037.8,24039.2
1747750736431.0,24036.8,24038.2
1747750736590.0,24036.3,24037.7
1747750738338,,
1747750739514.0,24036.8,24038.2
1747750739876.0,24036.3,24037.7
1747750739924.0,24036.8,24038.2
1747750740153.0,24037.3,24038.7
1747750740833.0,24036.8,24038.2
1747750741318.0,24036.8,24038.2
1747750741888.0,24036.8,24038.2
1747750744121.0,24037.3,24038.7
1747750744229.0,24038.3,24039.7
1747750744910,,
1747750746016.0,24037.8,24039.2
1747750746168.0,24037.3,24038.7
1747750746370.0,24037.8,24039.2
1747750746709.0,24037.8,24039.2
1747750749078.0,24037.3,24038.7
1747750749298.0,24036.8,24038.2
1747750749631.0,24036.3,24037.7
1747750750224.0,24036.3,24037.7
1747750750612.0,24036.8,24038.2
1747750750909.0,24037.3,24038.7
1747750752143.0,24037.3,24038.7
1747750752397.0,24036.3,24037.7
1747750752666.0,24036.8,24038.2
1747750752892.0,24036.3,24037.7
1747750753604.0,24034.3,24035.7
1747750754097.0,24034.8,24036.2
1747750755932.0,24035.8,24037.2
1747750756585.0,24035.3,24036.7
1747750756762.0,24034.3,24035.7
1747750757108.0,24034.8,24036.2
1747750757656.0,24034.3,24035.7
1747750757850.0,24035.3,24036.7
1747750758036.0,24034.8,24036.2
1747750758468.0,24034.3,24035.7
1747750758518.0,24034.8,24036.2
1747750759311.0,24033.8,24035.2
1747750759548.0,24032.3,24033.7
1747750759600.0,24033.3,24034.7
1747750759661.0,24032.8,24034.2
1747750760090.0,24032.8,24034.2
1747750760514.0,24032.3,24033.7
1747750763145.0,24031.8,24033.2
1747750763241.0,24031.8,24033.2
1747750763934.0,24031.3,24032.7
1747750764488.0,24030.8,24032.2
1747750764684.0,24033.3,24034.7
1747750765757.0,24032.8,24034.2
1747750766371.0,24033.3,24034.7
1747750766820.0,24032.8,24034.2
1747750768744.0,24032.3,24033.7
1747750769155.0,24032.8,24034.2
1747750770425.0,24032.3,24033.7
1747750770472.0,24032.8,24034.2
1747750770915.0,24032.3,24033.7
1747750771492.0,24031.8,24033.2
1747750772047.0,24032.3,24033.7
1747750774995.0,24031.8,24033.2
1747750775718.0,24031.8,24033.2
1747750776138.0,24031.3,24032.7
1747750776184.0,24031.8,24033.2
1747750777322.0,24032.3,24033.7
1747750778533.0,24032.8,24034.2
1747750778579.0,24032.3,24033.7
1747750779273.0,24033.3,24034.7
1747750779566.0,24032.8,24034.2
1747750779876.0,24033.3,24034.7
1747750781893.0,24033.8,24035.2
1747750782613.0,24032.8,24034.2
1747750784325.0,24033.3,24034.7
1747750784925.0,24032.8,24034.2
1747750785422.0,24032.3,24033.7
1747750785470.0,24032.8,24034.2
1747750786019.0,24032.3,24033.7
1747750786467.0,24031.8,24033.2
1747750788335.0,24031.3,24032.7
1747750788383.0,24031.8,24033.2
1747750788510.0,24031.3,24032.7
1747750788774.0,24031.8,24033.2
1747750789422.0,24031.8,24033.2
1747750791035.0,24031.8,24033.2
1747750791796.0,24032.3,24033.7
1747750795660,,
1747750797941.0,24033.3,24034.7
1747750798273.0,24033.8,24035.2
1747750798403.0,24033.3,24034.7
1747750798447.0,24033.8,24035.2
1747750798869.0,24033.8,24035.2
1747750799707,,
1747750799824.0,24033.3,24034.7
1747750800016.0,24033.6,24035.0
1747750800879.0,24034.1,24035.5
1747750802387.0,24033.6,24035.0
1747750802713.0,24034.1,24035.5
1747750803190.0,24034.6,24036.0
1747750803538.0,24035.1,24036.5
1747750803635.0,24034.6,24036.0
1747750804335.0,24036.1,24037.5
1747750805373.0,24036.1,24037.5
1747750805474.0,24035.6,24037.0
1747750805980.0,24035.6,24037.0
1747750806162.0,24034.6,24036.0
1747750806328.0,24035.1,24036.5
1747750806760.0,24034.6,24036.0
1747750807028.0,24033.6,24035.0
1747750807076.0,24034.1,24035.5
1747750807586.0,24035.6,24037.0
1747750807824.0,24034.6,24036.0
1747750808237.0,24034.1,24035.5
1747750810311.0,24033.1,24034.5
1747750810374.0,24032.6,24034.0
1747750812276.0,24033.1,24034.5
1747750812638.0,24033.6,24035.0
1747750812843.0,24033.1,24034.5
1747750814150.0,24033.6,24035.0
1747750814552.0,24033.6,24035.0
1747750814922.0,24033.6,24035.0
1747750815075.0,24033.1,24034.5
1747750816608.0,24033.6,24035.0
1747750816840.0,24033.1,24034.5
1747750817572.0,24033.6,24035.0
1747750817847.0,24033.1,24034.5
1747750818929.0,24033.6,24035.0
1747750819398.0,24033.1,24034.5
1747750820493.0,24033.6,24035.0
1747750821668.0,24030.6,24032.0
1747750822524.0,24027.6,24029.0
1747750826125,,
1747750827288.0,24028.1,24029.5
1747750827883.0,24028.6,24030.0
1747750828154.0,24028.1,24029.5
1747750829793.0,24027.6,24029.0
1747750832842.0,24026.1,24027.5
1747750833945.0,24025.6,24027.0
1747750834178.0,24025.1,24026.5
1747750835033.0,24025.6,24027.0
1747750835814.0,24026.6,24028.0
1747750842164,,
1747750846273,,
1747750847372.0,24027.1,24028.5
1747750847986.0,24026.6,24028.0
1747750854747.0,24029.6,24031.0
1747750855639.0,24028.6,24030.0
1747750855688.0,24029.1,24030.5
1747750857233.0,24032.1,24033.5
1747750857436.0,24031.1,24032.5
1747750858311.0,24030.6,24032.0
1747750858665.0,24031.1,24032.5
1747750861306.0,24032.6,24034.0
1747750861405.0,24032.1,24033.5
1747750862118.0,24031.6,24033.0
1747750862666.0,24033.1,24034.5
1747750862964.0,24032.1,24033.5
1747750863793.0,24032.6,24034.0
1747750863842.0,24033.1,24034.5
1747750865057.0,24033.1,24034.5
1747750865499.0,24033.6,24035.0
1747750865899.0,24035.1,24036.5
1747750865956.0,24035.6,24037.0
1747750866750.0,24035.1,24036.5
1747750868267.0,24035.6,24037.0
1747750868454.0,24035.1,24036.5
1747750871776.0,24034.1,24035.5
1747750874208,,
1747750874518.0,24034.1,24035.5
1747750878925.0,24033.6,24035.0
1747750878971.0,24033.1,24034.5
1747750884870.0,24033.1,24034.5
1747750885424.0,24034.6,24036.0
1747750885575.0,24034.1,24035.5
1747750888224.0,24033.6,24035.0
1747750888271.0,24033.1,24034.5
1747750890337.0,24032.6,24034.0
1747750890382.0,24033.1,24034.5
1747750891523.0,24034.1,24035.5
1747750892153.0,24034.6,24036.0
1747750895122.0,24035.1,24036.5
1747750896829.0,24035.1,24036.5
1747750899492.0,24035.6,24037.0
1747750900317.0,24035.1,24036.5
1747750900916.0,24035.6,24037.0
1747750901659.0,24035.1,24036.5
1747750902489.0,24035.6,24037.0
1747750903026.0,24036.1,24037.5
1747750903125.0,24035.6,24037.0
1747750903812.0,24035.1,24036.5
1747750904048.0,24034.6,24036.0
1747750904342.0,24036.1,24037.5
1747750905196.0,24036.6,24038.0
1747750905872.0,24037.1,24038.5
1747750906377.0,24036.6,24038.0
1747750906428.0,24036.1,24037.5
1747750906770.0,24036.1,24037.5
1747750907817.0,24036.6,24038.0
1747750908621.0,24036.1,24037.5
1747750909153.0,24034.6,24036.0
1747750909983.0,24033.6,24035.0
1747750910209.0,24034.6,24036.0
1747750910671.0,24034.6,24036.0
1747750910719,,
1747750913104.0,24033.6,24035.0
1747750913370.0,24033.1,24034.5
1747750914194.0,24032.1,24033.5
1747750914309.0,24030.6,24032.0
1747750915142.0,24030.6,24032.0
1747750916397.0,24030.1,24031.5
1747750916651.0,24030.1,24031.5
1747750916703.0,24029.6,24031.0
1747750917193.0,24029.6,24031.0
1747750920088.0,24029.1,24030.5
1747750920404.0,24026.1,24027.5
1747750921415.0,24026.1,24027.5
1747750922796.0,24025.6,24027.0
1747750924719.0,24026.6,24028.0
1747750925105.0,24026.1,24027.5
1747750926024.0,24026.6,24028.0
1747750927922.0,24027.1,24028.5
1747750928154.0,24026.1,24027.5
1747750929208.0,24025.6,24027.0
1747750929609.0,24026.1,24027.5
1747750931885.0,24026.6,24028.0
1747750933056.0,24026.1,24027.5
1747750933846.0,24025.6,24027.0
1747750934443.0,24027.6,24029.0
1747750935192.0,24028.1,24029.5
1747750935766.0,24028.6,24030.0
1747750935977.0,24028.1,24029.5
1747750936742.0,24027.6,24029.0
1747750937140.0,24028.1,24029.5
1747750937683.0,24027.1,24028.5
1747750938071.0,24027.6,24029.0
1747750938116.0,24028.1,24029.5
1747750941728.0,24028.6,24030.0
1747750941946.0,24028.1,24029.5
1747750944258.0,24028.1,24029.5
1747750944508.0,24027.6,24029.0
1747750947411.0,24028.6,24030.0
1747750948153.0,24029.1,24030.5
1747750948368.0,24028.6,24030.0
1747750948415.0,24029.1,24030.5
1747750948982.0,24029.6,24031.0
1747750950484.0,24029.1,24030.5
1747750951523,,
1747750951680,,
1747750951876.0,24028.1,24029.5
1747750953459.0,24028.1,24029.5
1747750953828.0,24027.6,24029.0
1747750955204.0,24028.1,24029.5
1747750955318.0,24027.6,24029.0
1747750955447.0,24028.1,24029.5
1747750955599.0,24029.1,24030.5
1747750958916.0,24028.6,24030.0
1747750959395.0,24028.1,24029.5
1747750959762.0,24027.6,24029.0
1747750959859.0,24028.1,24029.5
1747750960205.0,24027.6,24029.0
1747750960380.0,24029.1,24030.5
1747750960925.0,24029.6,24031.0
1747750962866.0,24029.6,24031.0
1747750964981.0,24029.1,24030.5
1747750972144.0,24029.6,24031.0
1747750973304.0,24030.6,24032.0
1747750974251.0,24030.1,24031.5
1747750976216.0,24029.1,24030.5
1747750976827.0,24028.6,24030.0
1747750977740.0,24028.1,24029.5
1747750978064.0,24028.6,24030.0
1747750978415.0,24029.1,24030.5
1747750981834.0,24029.1,24030.5
1747750983154.0,24028.6,24030.0
1747750983851.0,24029.1,24030.5
1747750985131.0,24029.1,24030.5
1747750985657.0,24028.1,24029.5
1747750986598.0,24027.1,24028.5
1747750986769.0,24026.6,24028.0
1747750987006.0,24027.1,24028.5
1747750987319.0,24026.1,24027.5
1747750987626.0,24026.1,24027.5
1747750987854.0,24026.6,24028.0
1747750988888.0,24026.1,24027.5
1747750990054.0,24025.6,24027.0
1747750994131.0,24026.6,24028.0
1747750995327.0,24026.1,24027.5
1747750995825,,
1747750995877.0,24025.1,24026.5
1747751000153.0,24024.6,24026.0
1747751001971.0,24024.6,24026.0
1747751004489.0,24024.6,24026.0
1747751004738.0,24025.6,24027.0
1747751005091.0,24025.1,24026.5
1747751006225.0,24025.6,24027.0
1747751007378.0,24025.1,24026.5
1747751007592.0,24027.1,24028.5
1747751010433.0,24027.6,24029.0
1747751014226.0,24028.1,24029.5
1747751017366.0,24026.1,24027.5
1747751018464.0,24026.6,24028.0
1747751019700.0,24027.1,24028.5
1747751019748.0,24027.6,24029.0
1747751020503.0,24027.1,24028.5
1747751021309.0,24026.6,24028.0
1747751021536,,
1747751021795.0,24025.1,24026.5
1747751022456.0,24024.6,24026.0
1747751022718.0,24025.1,24026.5
1747751024503.0,24025.6,24027.0
1747751024655.0,24026.6,24028.0
1747751025564.0,24027.1,24028.5
1747751026021.0,24026.6,24028.0
1747751028212.0,24027.1,24028.5
1747751029984.0,24027.6,24029.0
1747751030031.0,24028.1,24029.5
1747751031299.0,24027.6,24029.0
1747751031628.0,24027.1,24028.5
1747751033226.0,24027.1,24028.5
1747751033716.0,24026.1,24027.5
1747751034022.0,24026.1,24027.5
1747751034071.0,24025.1,24026.5
1747751034408.0,24025.6,24027.0
1747751035532.0,24026.1,24027.5
1747751036764.0,24025.6,24027.0
1747751036865.0,24025.6,24027.0
1747751040275.0,24025.1,24026.5
1747751040391.0,24024.6,24026.0
1747751041814.0,24026.1,24027.5
1747751042427.0,24026.6,24028.0
1747751042476.0,24027.1,24028.5
1747751042984.0,24026.1,24027.5
1747751047049.0,24025.1,24026.5
1747751047715.0,24026.6,24028.0
1747751048017.0,24025.6,24027.0
1747751048725.0,24025.1,24026.5
1747751049979.0,24026.6,24028.0
1747751050256.0,24026.1,24027.5
1747751051017.0,24027.1,24028.5
1747751051210.0,24028.1,24029.5
1747751051408.0,24028.6,24030.0
1747751051786.0,24028.1,24029.5
1747751052743.0,24027.6,24029.0
1747751053011.0,24027.6,24029.0
1747751053418.0,24027.1,24028.5
1747751053793.0,24026.1,24027.5
1747751054585.0,24025.6,24027.0
1747751054853.0,24026.1,24027.5
1747751055474.0,24025.6,24027.0
1747751055572.0,24026.1,24027.5
1747751056806.0,24025.6,24027.0
1747751056850.0,24026.1,24027.5
1747751057075.0,24027.6,24029.0
1747751057391.0,24027.1,24028.5
1747751057861.0,24027.1,24028.5
1747751060499.0,24027.6,24029.0
1747751063472.0,24026.1,24027.5
1747751065224.0,24025.6,24027.0
1747751065271.0,24025.1,24026.5
1747751066568,,
1747751066842.0,24025.1,24026.5
1747751067422.0,24025.6,24027.0
1747751067812.0,24026.1,24027.5
1747751068793,,
1747751070378.0,24025.6,24027.0
1747751070719.0,24026.1,24027.5
1747751071027.0,24026.6,24028.0
1747751072639.0,24026.1,24027.5
1747751074443.0,24025.6,24027.0
1747751076358.0,24025.1,24026.5
1747751076502.0,24025.1,24026.5
1747751080043.0,24024.6,24026.0
1747751080340,,
1747751081333.0,24025.1,24026.5
1747751081699.0,24025.1,24026.5
1747751082758.0,24025.6,24027.0
1747751082934.0,24025.1,24026.5
1747751083868.0,24024.6,24026.0
1747751083965.0,24025.1,24026.5
1747751085823.0,24025.6,24027.0
1747751086080.0,24025.6,24027.0
1747751086287.0,24026.1,24027.5
1747751088014.0,24025.6,24027.0
1747751088110.0,24026.1,24027.5
1747751088522.0,24025.6,24027.0
1747751088806.0,24026.1,24027.5
1747751088905.0,24025.6,24027.0
1747751089278.0,24026.1,24027.5
1747751089667.0,24025.6,24027.0
1747751089714.0,24025.1,24026.5
1747751091053.0,24024.6,24026.0
1747751092351.0,24025.1,24026.5
1747751094913.0,24026.1,24027.5
1747751095759.0,24025.6,24027.0
1747751096130.0,24026.1,24027.5
1747751096923.0,24025.6,24027.0
1747751097050.0,24026.1,24027.5
1747751097993.0,24025.6,24027.0
1747751099544.0,24026.1,24027.5
1747751099723.0,24025.6,24027.0
1747751100656.0,24026.1,24027.5
1747751101125.0,24024.6,24026.0
1747751102377.0,24021.6,24023.0
1747751102474.0,24022.6,24024.0
1747751103077.0,24022.6,24024.0
1747751103720.0,24024.1,24025.5
1747751104258.0,24023.1,24024.5
1747751105725.0,24022.6,24024.0
1747751106898,,
1747751107825.0,24021.6,24023.0
1747751107926.0,24021.6,24023.0
1747751109104.0,24021.6,24023.0
1747751109367.0,24022.1,24023.5
1747751110076.0,24021.6,24023.0
1747751110629.0,24021.1,24022.5
1747751110855.0,24021.6,24023.0
1747751111588.0,24022.6,24024.0
1747751112036.0,24022.1,24023.5
1747751112408.0,24021.1,24022.5
1747751112569.0,24021.6,24023.0
1747751112989.0,24021.1,24022.5
1747751113306.0,24021.6,24023.0
1747751114250.0,24021.1,24022.5
1747751114595.0,24020.6,24022.0
1747751115264.0,24020.1,24021.5
1747751115422.0,24019.6,24021.0
1747751119378.0,24020.1,24021.5
1747751121403.0,24020.6,24022.0
1747751121450.0,24021.1,24022.5
1747751122303.0,24022.6,24024.0
1747751125904.0,24024.1,24025.5
1747751126197.0,24023.6,24025.0
1747751126249.0,24023.1,24024.5
1747751126654.0,24023.1,24024.5
1747751127034.0,24023.6,24025.0
1747751127264.0,24024.1,24025.5
1747751127467.0,24024.6,24026.0
1747751128132.0,24024.6,24026.0
1747751129132,,
1747751129594.0,24024.1,24025.5
1747751129951.0,24024.1,24025.5
1747751130535.0,24023.1,24024.5
1747751130796.0,24023.1,24024.5
1747751131635.0,24024.6,24026.0
1747751132293.0,24025.1,24026.5
1747751132526.0,24024.6,24026.0
1747751133062.0,24024.1,24025.5
1747751133766.0,24026.6,24028.0
1747751134467.0,24027.6,24029.0
1747751135084.0,24027.6,24029.0
1747751135418.0,24028.1,24029.5
1747751136044.0,24027.6,24029.0
1747751136095.0,24027.1,24028.5
1747751136310.0,24027.6,24029.0
1747751136468.0,24028.1,24029.5
1747751137618.0,24028.6,24030.0
1747751137667.0,24029.1,24030.5
1747751139528.0,24028.6,24030.0
1747751139576.0,24029.1,24030.5
1747751141811.0,24029.1,24030.5
1747751144286.0,24027.6,24029.0
1747751144444.0,24028.1,24029.5
1747751144610.0,24027.1,24028.5
1747751145075.0,24026.6,24028.0
1747751145415.0,24027.1,24028.5
1747751145705.0,24027.1,24028.5
1747751147155.0,24026.6,24028.0
1747751148208.0,24027.1,24028.5
1747751148970.0,24027.1,24028.5
1747751149175.0,24026.6,24028.0
1747751150177.0,24027.1,24028.5
1747751151182.0,24027.1,24028.5
1747751153889.0,24027.6,24029.0
1747751154086.0,24027.1,24028.5
1747751154378,,
1747751154960.0,24026.6,24028.0
1747751155005.0,24027.1,24028.5
1747751156044.0,24027.6,24029.0
1747751157959.0,24028.1,24029.5
1747751158113.0,24027.6,24029.0
1747751160619.0,24027.1,24028.5
1747751160717.0,24027.6,24029.0
1747751162414,,
1747751166795.0,24027.1,24028.5
1747751167463.0,24027.1,24028.5
1747751167877.0,24027.6,24029.0
1747751168904,,
1747751170320.0,24028.6,24030.0
1747751174060.0,24028.1,24029.5
1747751174250.0,24028.6,24030.0
1747751174763.0,24029.1,24030.5
1747751176554.0,24028.6,24030.0
1747751176684.0,24029.1,24030.5
1747751177653.0,24030.1,24031.5
1747751177970.0,24031.6,24033.0
1747751178753.0,24030.6,24032.0
1747751179027.0,24030.6,24032.0
1747751179107.0,24030.1,24031.5
1747751180549.0,24031.1,24032.5
1747751181774.0,24029.6,24031.0
1747751181924.0,24029.1,24030.5
1747751182294.0,24029.6,24031.0
1747751182749.0,24029.1,24030.5
1747751183404.0,24028.1,24029.5
1747751183578.0,24028.6,24030.0
1747751183729.0,24028.1,24029.5
1747751185030.0,24029.1,24030.5
1747751185292.0,24029.1,24030.5
1747751185998.0,24029.6,24031.0
1747751186319.0,24030.1,24031.5
1747751187913.0,24029.6,24031.0
1747751188290.0,24029.1,24030.5
1747751189296.0,24028.6,24030.0
1747751189604.0,24028.1,24029.5
1747751190084.0,24028.6,24030.0
1747751190876.0,24029.1,24030.5
1747751191537.0,24029.6,24031.0
1747751191769.0,24029.1,24030.5
1747751192506.0,24027.1,24028.5
1747751195409.0,24027.6,24029.0
1747751200214.0,24027.1,24028.5
1747751200262.0,24027.6,24029.0
1747751202454.0,24028.1,24029.5
1747751202898.0,24027.6,24029.0
1747751203560.0,24028.1,24029.5
1747751203756.0,24028.6,24030.0
1747751203805.0,24029.1,24030.5
1747751204318.0,24028.6,24030.0
1747751205339.0,24028.6,24030.0
1747751206120.0,24028.1,24029.5
1747751206717.0,24028.6,24030.0
1747751207303.0,24028.1,24029.5
1747751208877.0,24030.1,24031.5
1747751209108.0,24030.6,24032.0
1747751209571.0,24030.1,24031.5
1747751211873.0,24030.6,24032.0
1747751211920.0,24030.1,24031.5
1747751212372.0,24031.1,24032.5
1747751212804.0,24032.1,24033.5
1747751216244.0,24032.6,24034.0
1747751216450.0,24033.1,24034.5
1747751217477.0,24033.6,24035.0
1747751219792.0,24034.6,24036.0
1747751223334.0,24035.6,24037.0
1747751223939.0,24035.1,24036.5
1747751224207.0,24035.1,24036.5
1747751224569.0,24035.6,24037.0
1747751226203.0,24034.6,24036.0
1747751226693.0,24034.1,24035.5
1747751226887.0,24034.6,24036.0
1747751227370.0,24034.1,24035.5
1747751227975.0,24033.6,24035.0
1747751229189.0,24033.6,24035.0
1747751229448.0,24032.1,24033.5
1747751230285.0,24030.1,24031.5
1747751230595.0,24030.1,24031.5
1747751231261.0,24029.6,24031.0
1747751231794.0,24030.1,24031.5
1747751232374.0,24030.1,24031.5
1747751232733.0,24030.1,24031.5
1747751233679.0,24031.1,24032.5
1747751233939.0,24031.6,24033.0
1747751234379.0,24033.6,24035.0
1747751234488.0,24033.1,24034.5
1747751235084.0,24033.1,24034.5
1747751235460.0,24032.1,24033.5
1747751235510.0,24032.6,24034.0
1747751235616.0,24033.1,24034.5
1747751236137.0,24032.1,24033.5
1747751238326.0,24031.1,24032.5
1747751238590.0,24031.6,24033.0
1747751239591.0,24032.1,24033.5
1747751239960.0,24031.6,24033.0
1747751240279.0,24031.1,24032.5
1747751240439.0,24031.6,24033.0
1747751242081.0,24032.1,24033.5
1747751242470.0,24033.1,24034.5
1747751245404.0,24032.1,24033.5
1747751245527.0,24031.6,24033.0
1747751248267.0,24032.1,24033.5
1747751249180.0,24032.1,24033.5
1747751249862.0,24031.1,24032.5
1747751249908.0,24031.6,24033.0
1747751250245,,
1747751250904.0,24032.1,24033.5
1747751252358.0,24031.6,24033.0
1747751252743.0,24031.6,24033.0
1747751253634.0,24031.1,24032.5
1747751254407.0,24031.6,24033.0
1747751254608.0,24032.1,24033.5
1747751256797.0,24031.6,24033.0
1747751257272.0,24031.1,24032.5
1747751257522.0,24031.6,24033.0
1747751257745.0,24031.1,24032.5
1747751258286.0,24031.6,24033.0
1747751258521.0,24031.6,24033.0
1747751261603.0,24031.1,24032.5
1747751265051.0,24030.6,24032.0
1747751265134.0,24031.1,24032.5
1747751265384.0,24031.6,24033.0
1747751267263.0,24031.1,24032.5
1747751267825.0,24031.6,24033.0
1747751268294.0,24031.1,24032.5
1747751268341.0,24031.6,24033.0
1747751268699,,
1747751270119.0,24031.1,24032.5
1747751270484.0,24031.6,24033.0
1747751270628.0,24031.1,24032.5
1747751272875.0,24031.1,24032.5
1747751273709.0,24031.6,24033.0
1747751273758.0,24031.1,24032.5
1747751274216.0,24029.6,24031.0
1747751278779.0,24030.1,24031.5
1747751279727.0,24030.6,24032.0
1747751279918.0,24030.6,24032.0
1747751280126.0,24031.1,24032.5
1747751280293.0,24031.6,24033.0
1747751282091.0,24031.1,24032.5
1747751282929.0,24031.6,24033.0
1747751282976.0,24031.1,24032.5
1747751283182.0,24031.6,24033.0
1747751283229.0,24031.1,24032.5
1747751283325.0,24031.6,24033.0
1747751284027.0,24031.6,24033.0
1747751285819.0,24031.1,24032.5
1747751286126.0,24031.1,24032.5
1747751286709.0,24031.6,24033.0
1747751287575.0,24033.6,24035.0
1747751288080.0,24034.1,24035.5
1747751288983.0,24033.6,24035.0
1747751289363.0,24034.6,24036.0
1747751289910.0,24035.1,24036.5
1747751290236.0,24034.6,24036.0
1747751290463.0,24034.1,24035.5
1747751292103.0,24032.6,24034.0
1747751292544.0,24031.6,24033.0
1747751293578.0,24031.1,24032.5
1747751294380.0,24030.6,24032.0
1747751295142.0,24029.6,24031.0
1747751296664.0,24028.6,24030.0
1747751296840.0,24028.1,24029.5
1747751297126.0,24028.6,24030.0
1747751298088.0,24029.1,24030.5
1747751300858.0,24028.6,24030.0
1747751301785.0,24029.1,24030.5
1747751302409.0,24027.6,24029.0
1747751303906.0,24027.1,24028.5
1747751304374.0,24026.1,24027.5
1747751304482.0,24026.1,24027.5
1747751305046.0,24026.6,24028.0
1747751305291.0,24026.1,24027.5
1747751305892.0,24025.1,24026.5
1747751306658.0,24025.1,24026.5
1747751306955.0,24025.6,24027.0
1747751307267.0,24025.1,24026.5
1747751307633.0,24024.6,24026.0
1747751307829.0,24024.6,24026.0
1747751310188.0,24025.1,24026.5
1747751310472.0,24024.6,24026.0
1747751311106.0,24024.1,24025.5
1747751311471.0,24024.6,24026.0
1747751311886.0,24023.1,24024.5
1747751312759.0,24023.1,24024.5
1747751313206,,
1747751313573.0,24022.1,24023.5
1747751313621.0,24022.6,24024.0
1747751314927.0,24023.1,24024.5
1747751315881.0,24023.6,24025.0
1747751316252.0,24025.6,24027.0
1747751316373.0,24026.1,24027.5
1747751317334.0,24026.1,24027.5
1747751317421.0,24025.6,24027.0
1747751317615.0,24025.6,24027.0
1747751317713.0,24026.1,24027.5
1747751318758.0,24026.6,24028.0
1747751319058.0,24027.1,24028.5
1747751319847.0,24026.6,24028.0
1747751320045.0,24026.1,24027.5
1747751320504.0,24027.6,24029.0
1747751320891.0,24028.1,24029.5
1747751321167.0,24027.6,24029.0
1747751321216.0,24027.1,24028.5
1747751321706.0,24027.6,24029.0
1747751321750.0,24028.1,24029.5
1747751325753.0,24028.6,24030.0
1747751325903.0,24030.1,24031.5
1747751326323.0,24029.6,24031.0
1747751326839.0,24029.1,24030.5
1747751327203.0,24029.6,24031.0
1747751327799.0,24030.1,24031.5
1747751328147.0,24029.1,24030.5
1747751329042.0,24029.6,24031.0
1747751329092.0,24030.1,24031.5
1747751329354.0,24029.6,24031.0
1747751329402.0,24030.1,24031.5
1747751329854.0,24031.1,24032.5
1747751329970.0,24030.1,24031.5
1747751330367.0,24031.1,24032.5
1747751330854.0,24030.1,24031.5
1747751332778.0,24030.6,24032.0
1747751332903.0,24030.1,24031.5
1747751334220.0,24029.6,24031.0
1747751334267.0,24029.1,24030.5
1747751334743.0,24029.6,24031.0
1747751334790.0,24030.1,24031.5
1747751335658.0,24030.6,24032.0
1747751335862.0,24031.1,24032.5
1747751336953.0,24030.6,24032.0
1747751337545.0,24030.6,24032.0
1747751338450.0,24030.1,24031.5
1747751339121.0,24030.6,24032.0
1747751340032.0,24030.1,24031.5
1747751341986.0,24030.6,24032.0
1747751342143.0,24031.1,24032.5
1747751342452.0,24030.6,24032.0
1747751342984.0,24031.1,24032.5
1747751343203.0,24030.6,24032.0
1747751343498.0,24031.1,24032.5
1747751344865.0,24031.1,24032.5
1747751345880.0,24031.6,24033.0
1747751346105.0,24031.1,24032.5
1747751346649.0,24031.6,24033.0
1747751347199.0,24032.1,24033.5
1747751347247.0,24033.6,24035.0
1747751347681.0,24033.6,24035.0
1747751348243.0,24033.1,24034.5
1747751349618.0,24033.6,24035.0
1747751350383.0,24033.1,24034.5
1747751351083.0,24033.6,24035.0
1747751351468.0,24034.1,24035.5
1747751352087.0,24033.1,24034.5
1747751352406.0,24033.6,24035.0
1747751353150.0,24033.1,24034.5
1747751355454.0,24033.1,24034.5
1747751356514.0,24033.6,24035.0
1747751356818.0,24033.1,24034.5
1747751357926.0,24033.6,24035.0
1747751359623.0,24033.6,24035.0
1747751359672.0,24033.1,24034.5
1747751359837.0,24033.1,24034.5
1747751360887.0,24033.6,24035.0
1747751361029.0,24033.1,24034.5
1747751361503.0,24033.6,24035.0
1747751362408.0,24034.1,24035.5
1747751362797.0,24033.1,24034.5
1747751365569.0,24033.6,24035.0
1747751365851.0,24033.6,24035.0
1747751365899.0,24033.1,24034.5
1747751366295.0,24033.6,24035.0
1747751366507.0,24033.1,24034.5
1747751367034.0,24033.6,24035.0
1747751367590.0,24033.1,24034.5
1747751368067.0,24032.6,24034.0
1747751368168.0,24030.6,24032.0
1747751368717.0,24031.1,24032.5
1747751369020.0,24032.1,24033.5
1747751369369.0,24032.6,24034.0
1747751369419.0,24033.1,24034.5
1747751369469.0,24032.1,24033.5
1747751370152.0,24031.6,24033.0
1747751370198.0,24032.1,24033.5
1747751370645.0,24032.6,24034.0
1747751370764.0,24032.1,24033.5
1747751370863.0,24031.6,24033.0
1747751371297.0,24032.1,24033.5
1747751372025.0,24032.6,24034.0
1747751372156.0,24032.1,24033.5
1747751373515.0,24032.6,24034.0
1747751374736.0,24031.1,24032.5
1747751374964.0,24032.1,24033.5
1747751375325.0,24032.6,24034.0
1747751375377.0,24032.1,24033.5
1747751376400.0,24031.6,24033.0
1747751377077.0,24031.6,24033.0
1747751378227.0,24032.1,24033.5
1747751380522.0,24032.6,24034.0
1747751380890.0,24033.1,24034.5
1747751384068.0,24033.6,24035.0
1747751384170.0,24033.1,24034.5
1747751386785.0,24032.1,24033.5
1747751387148.0,24034.1,24035.5
1747751387760.0,24036.1,24037.5
1747751388813.0,24036.1,24037.5
1747751391070.0,24036.6,24038.0
1747751391117.0,24035.6,24037.0
1747751391305.0,24036.1,24037.5
1747751391629.0,24035.1,24036.5
1747751392006.0,24034.1,24035.5
1747751392146.0,24035.1,24036.5
1747751393385.0,24034.1,24035.5
1747751393555.0,24034.6,24036.0
1747751393667.0,24034.1,24035.5
1747751394034,,
1747751395031.0,24034.6,24036.0
1747751395078.0,24033.6,24035.0
1747751395640.0,24033.6,24035.0
1747751397302.0,24034.1,24035.5
1747751397844.0,24034.6,24036.0
1747751398124.0,24035.1,24036.5
1747751398571.0,24035.6,24037.0
1747751398618.0,24035.1,24036.5
1747751398904.0,24035.6,24037.0
1747751400022.0,24033.3,24034.7
1747751400332.0,24033.8,24035.2
1747751400438.0,24033.8,24035.2
1747751400489.0,24033.3,24034.7
1747751401030.0,24033.8,24035.2
1747751402227.0,24034.3,24035.7
1747751403541.0,24034.3,24035.7
1747751403643.0,24033.3,24034.7
1747751404106.0,24032.8,24034.2
1747751404347.0,24033.3,24034.7
1747751404445.0,24033.8,24035.2
1747751405093.0,24033.3,24034.7
1747751406084.0,24033.3,24034.7
1747751406368.0,24032.8,24034.2
1747751406740.0,24032.3,24033.7
1747751406860.0,24031.8,24033.2
1747751407823.0,24031.8,24033.2
1747751408156.0,24030.8,24032.2
1747751408641.0,24031.8,24033.2
1747751408848.0,24032.8,24034.2
1747751409264.0,24033.8,24035.2
1747751409714.0,24033.3,24034.7
1747751409827.0,24033.3,24034.7
1747751411016.0,24033.3,24034.7
1747751411792.0,24033.3,24034.7
1747751412093.0,24033.8,24035.2
1747751415927.0,24033.8,24035.2
1747751416649.0,24034.8,24036.2
1747751416773.0,24035.3,24036.7
1747751416863.0,24035.8,24037.2
1747751417896.0,24035.3,24036.7
1747751419026.0,24034.8,24036.2
1747751419942.0,24034.3,24035.7
1747751420248.0,24033.8,24035.2
1747751420296.0,24034.3,24035.7
1747751420782.0,24033.8,24035.2
1747751422056.0,24034.3,24035.7
1747751422819.0,24033.3,24034.7
1747751423178,,
1747751426118.0,24033.3,24034.7
1747751426679.0,24033.3,24034.7
1747751428176.0,24033.8,24035.2
1747751428223.0,24034.3,24035.7
1747751429558.0,24033.8,24035.2
1747751430065.0,24034.3,24035.7
1747751430513.0,24034.8,24036.2
1747751431211.0,24034.3,24035.7
1747751431786.0,24034.3,24035.7
1747751432930.0,24034.8,24036.2
1747751434533.0,24034.3,24035.7
1747751435213.0,24033.8,24035.2
1747751435260.0,24033.3,24034.7
1747751435574.0,24033.8,24035.2
1747751435958.0,24033.3,24034.7
1747751436145.0,24033.8,24035.2
1747751436326.0,24033.3,24034.7
1747751437887.0,24032.8,24034.2
1747751437934.0,24032.3,24033.7
1747751438091.0,24032.8,24034.2
1747751438372.0,24033.3,24034.7
1747751440907.0,24032.8,24034.2
1747751441171.0,24033.3,24034.7
1747751441222.0,24033.8,24035.2
1747751441497.0,24033.3,24034.7
1747751441710.0,24033.8,24035.2
1747751442046.0,24033.3,24034.7
1747751442168.0,24033.8,24035.2
1747751442738.0,24033.3,24034.7
1747751442785.0,24033.8,24035.2
1747751443477.0,24033.3,24034.7
1747751445798.0,24033.8,24035.2
1747751446047.0,24032.8,24034.2
1747751446997.0,24032.8,24034.2
1747751448481.0,24033.8,24035.2
1747751449276.0,24035.8,24037.2
1747751449375.0,24036.3,24037.7
1747751449715.0,24036.8,24038.2
1747751449892.0,24036.3,24037.7
1747751449990.0,24035.8,24037.2
1747751452043.0,24035.8,24037.2
1747751452278.0,24035.8,24037.2
1747751452534.0,24035.8,24037.2
1747751452627.0,24035.3,24036.7
1747751452932.0,24035.8,24037.2
1747751453437.0,24035.3,24036.7
1747751453533.0,24035.8,24037.2
1747751453754.0,24035.3,24036.7
1747751453940.0,24034.8,24036.2
1747751454503.0,24034.3,24035.7
1747751456099.0,24033.8,24035.2
1747751457734.0,24034.3,24035.7
1747751457943.0,24033.8,24035.2
1747751458154.0,24033.3,24034.7
1747751458611.0,24033.8,24035.2
1747751459319.0,24033.8,24035.2
1747751460083.0,24033.8,24035.2
1747751460195.0,24034.3,24035.7
1747751460939.0,24034.3,24035.7
1747751461234.0,24034.8,24036.2
1747751461487.0,24036.3,24037.7
1747751461805.0,24035.8,24037.2
1747751462253.0,24036.3,24037.7
1747751463582.0,24036.8,24038.2
1747751463996.0,24036.3,24037.7
1747751465169.0,24035.8,24037.2
1747751465455.0,24036.3,24037.7
1747751467227.0,24035.8,24037.2
1747751471930.0,24034.3,24035.7
1747751473078.0,24033.8,24035.2
1747751473423.0,24034.3,24035.7
1747751473590.0,24035.8,24037.2
1747751473920.0,24035.8,24037.2
1747751474935.0,24038.8,24040.2
1747751475341.0,24042.3,24043.7
1747751475625.0,24040.8,24042.2
1747751476215.0,24041.3,24042.7
1747751476264.0,24041.8,24043.2
1747751476612.0,24040.8,24042.2
1747751476915.0,24040.3,24041.7
1747751477012.0,24040.8,24042.2
1747751477587.0,24037.8,24039.2
1747751478077.0,24038.3,24039.7
1747751478552.0,24037.8,24039.2
1747751479052.0,24038.3,24039.7
1747751479649.0,24038.8,24040.2
1747751480289.0,24038.3,24039.7
1747751480776.0,24038.8,24040.2
1747751482594.0,24038.3,24039.7
1747751484017.0,24038.8,24040.2
1747751484410.0,24038.3,24039.7
1747751487204.0,24037.3,24038.7
1747751487809.0,24037.3,24038.7
1747751488262.0,24036.8,24038.2
1747751488308.0,24038.3,24039.7
1747751488556.0,24037.3,24038.7
1747751488776,,
1747751489298.0,24037.8,24039.2
1747751490131.0,24038.3,24039.7
1747751491362,,
1747751491559.0,24039.3,24040.7
1747751493473.0,24039.8,24041.2
1747751493518.0,24038.8,24040.2
1747751494639.0,24040.8,24042.2
1747751496472.0,24040.3,24041.7
1747751496857.0,24039.8,24041.2
1747751496954.0,24040.3,24041.7
1747751497078.0,24040.8,24042.2
1747751497305.0,24040.3,24041.7
1747751497353.0,24040.8,24042.2
1747751498877.0,24040.3,24041.7
1747751499083,,
1747751499416.0,24039.8,24041.2
1747751499866.0,24040.3,24041.7
1747751500084.0,24040.8,24042.2
1747751501793.0,24040.3,24041.7
1747751502297,,
1747751503140.0,24041.3,24042.7
1747751503335.0,24041.8,24043.2
1747751503472.0,24042.3,24043.7
1747751503705,,
1747751505384.0,24043.8,24045.2
1747751506849.0,24045.8,24047.2
1747751507067.0,24046.3,24047.7
1747751508047.0,24046.8,24048.2
1747751508775.0,24045.8,24047.2
1747751508981,,
1747751509033.0,24045.8,24047.2
1747751510542.0,24045.8,24047.2
1747751512474.0,24046.3,24047.7
1747751512688.0,24046.3,24047.7
1747751513008.0,24046.3,24047.7
1747751513234.0,24046.8,24048.2
1747751513500.0,24046.3,24047.7
1747751515691.0,24046.8,24048.2
1747751516778.0,24046.3,24047.7
1747751518132.0,24045.8,24047.2
1747751518410.0,24043.8,24045.2
1747751518610.0,24044.8,24046.2
1747751519566.0,24045.8,24047.2
1747751520064.0,24045.3,24046.7
1747751520618.0,24043.8,24045.2
1747751520956.0,24044.3,24045.7
1747751521297.0,24044.8,24046.2
1747751521518.0,24044.3,24045.7
1747751522066.0,24044.8,24046.2
1747751522814.0,24044.3,24045.7
1747751523053.0,24043.8,24045.2
1747751523708.0,24044.3,24045.7
1747751524153.0,24044.8,24046.2
1747751526251.0,24044.3,24045.7
1747751526511.0,24043.3,24044.7
1747751526737.0,24042.8,24044.2
1747751526942.0,24043.3,24044.7
1747751526989.0,24043.8,24045.2
1747751527427.0,24044.3,24045.7
1747751527627.0,24044.3,24045.7
1747751527838.0,24044.8,24046.2
1747751530052.0,24045.3,24046.7
1747751530427.0,24044.8,24046.2
1747751531182.0,24045.3,24046.7
1747751531792.0,24044.8,24046.2
1747751532066.0,24045.3,24046.7
1747751532443.0,24044.8,24046.2
1747751532609.0,24045.3,24046.7
1747751534270.0,24044.8,24046.2
1747751535155.0,24044.3,24045.7
1747751535556.0,24044.8,24046.2
1747751539256.0,24042.8,24044.2
1747751539752.0,24041.3,24042.7
1747751540420.0,24041.3,24042.7
1747751540469.0,24041.8,24043.2
1747751540836.0,24042.3,24043.7
1747751543086.0,24042.3,24043.7
1747751543396.0,24041.8,24043.2
1747751543444.0,24041.3,24042.7
1747751544273.0,24041.8,24043.2
1747751544494.0,24042.3,24043.7
1747751545595.0,24042.8,24044.2
1747751545643.0,24042.3,24043.7
1747751546162.0,24041.8,24043.2
1747751546210.0,24041.3,24042.7
1747751546705.0,24041.8,24043.2
1747751547363.0,24041.3,24042.7
1747751548839.0,24041.8,24043.2
1747751548887.0,24042.3,24043.7
1747751548936.0,24041.8,24043.2
1747751549162.0,24041.3,24042.7
1747751551271.0,24041.8,24043.2
1747751551559.0,24041.3,24042.7
1747751552309.0,24041.8,24043.2
1747751552858.0,24041.3,24042.7
1747751553186.0,24041.8,24043.2
1747751553235.0,24041.3,24042.7
1747751553521.0,24040.8,24042.2
1747751553877.0,24039.3,24040.7
1747751554555.0,24036.8,24038.2
1747751554747.0,24037.3,24038.7
1747751555113.0,24037.8,24039.2
1747751555159.0,24037.3,24038.7
1747751555897.0,24036.8,24038.2
1747751556725.0,24037.8,24039.2
1747751556777.0,24038.3,24039.7
1747751557251.0,24038.8,24040.2
1747751557484.0,24038.3,24039.7
1747751558062.0,24038.8,24040.2
1747751558899.0,24038.3,24039.7
1747751559124.0,24037.8,24039.2
1747751559507.0,24038.3,24039.7
1747751561894.0,24037.8,24039.2
1747751561942.0,24036.8,24038.2
1747751563603.0,24037.3,24038.7
1747751565039.0,24036.8,24038.2
1747751565371.0,24037.3,24038.7
1747751566428.0,24036.8,24038.2
1747751567916.0,24037.3,24038.7
1747751567964.0,24038.3,24039.7
1747751569709.0,24037.3,24038.7
1747751570033.0,24037.3,24038.7
1747751570082.0,24037.8,24039.2
1747751570391.0,24037.3,24038.7
1747751570843.0,24037.8,24039.2
1747751571272.0,24037.3,24038.7
1747751571411.0,24036.8,24038.2
1747751578052.0,24036.8,24038.2
1747751582332.0,24037.3,24038.7
1747751582628.0,24036.8,24038.2
1747751584407.0,24035.3,24036.7
1747751584616.0,24034.8,24036.2
1747751585554.0,24033.8,24035.2
1747751585889.0,24035.3,24036.7
1747751586180.0,24035.8,24037.2
1747751586514.0,24034.8,24036.2
1747751590280.0,24034.3,24035.7
1747751590824.0,24034.8,24036.2
1747751591043.0,24035.3,24036.7
1747751591952.0,24034.8,24036.2
1747751592364.0,24034.3,24035.7
1747751592876.0,24034.8,24036.2
1747751593104.0,24034.3,24035.7
1747751593558.0,24033.8,24035.2
1747751594421.0,24035.3,24036.7
1747751594784.0,24035.8,24037.2
1747751595212.0,24035.8,24037.2
1747751595691.0,24035.3,24036.7
1747751596336.0,24034.8,24036.2
1747751596370.0,24034.3,24035.7
1747751597082.0,24034.8,24036.2
1747751597582.0,24034.3,24035.7
1747751598341.0,24033.8,24035.2
1747751600161.0,24034.3,24035.7
1747751600207.0,24035.3,24036.7
1747751602191.0,24034.3,24035.7
1747751602895.0,24034.3,24035.7
1747751604224.0,24034.8,24036.2
1747751604775.0,24034.3,24035.7
1747751606412.0,24034.8,24036.2
1747751606458.0,24033.8,24035.2
1747751607125.0,24033.8,24035.2
1747751607452.0,24033.3,24034.7
1747751608191.0,24033.3,24034.7
1747751608525.0,24033.8,24035.2
1747751609534.0,24034.3,24035.7
1747751610036.0,24033.8,24035.2
1747751610237.0,24034.3,24035.7
1747751611179.0,24032.8,24034.2
1747751612821.0,24032.8,24034.2
1747751614105.0,24033.3,24034.7
1747751615724.0,24033.8,24035.2
1747751616018.0,24034.3,24035.7
1747751616733.0,24034.3,24035.7
1747751617807.0,24033.8,24035.2
1747751618564.0,24034.3,24035.7
1747751618828.0,24033.3,24034.7
1747751619171.0,24032.8,24034.2
1747751619623.0,24033.3,24034.7
1747751619949.0,24033.8,24035.2
1747751620654.0,24034.3,24035.7
1747751621163.0,24033.3,24034.7
1747751621611.0,24033.8,24035.2
1747751622012.0,24033.3,24034.7
1747751622195.0,24032.8,24034.2
1747751622695.0,24033.3,24034.7
1747751626761.0,24033.3,24034.7
1747751627328.0,24033.8,24035.2
1747751627441.0,24034.3,24035.7
1747751627889.0,24034.8,24036.2
1747751629333.0,24034.3,24035.7
1747751630008.0,24033.8,24035.2
1747751630104.0,24033.8,24035.2
1747751630903.0,24034.3,24035.7
1747751633839.0,24033.8,24035.2
1747751634608.0,24033.3,24034.7
1747751635275.0,24033.3,24034.7
1747751636726.0,24033.8,24035.2
1747751637384.0,24033.3,24034.7
1747751637548.0,24033.8,24035.2
1747751638469.0,24033.3,24034.7
1747751639161.0,24033.8,24035.2
1747751639760.0,24032.8,24034.2
1747751640089.0,24032.3,24033.7
1747751640131.0,24031.8,24033.2
1747751644829.0,24031.8,24033.2
1747751648463.0,24031.3,24032.7
1747751648691.0,24031.3,24032.7
1747751649270.0,24030.8,24032.2
1747751649963.0,24031.3,24032.7
1747751650954.0,24030.8,24032.2
1747751651620.0,24030.3,24031.7
1747751652526.0,24029.8,24031.2
1747751652991.0,24029.8,24031.2
1747751655009.0,24030.3,24031.7
1747751655057.0,24031.8,24033.2
1747751655282.0,24031.3,24032.7
1747751656923.0,24030.8,24032.2
1747751657228.0,24031.8,24033.2
1747751658073.0,24032.8,24034.2
1747751658413.0,24032.3,24033.7
1747751661799.0,24032.8,24034.2
1747751662012.0,24033.3,24034.7
1747751662279.0,24032.8,24034.2
1747751666809.0,24032.3,24033.7
1747751667076.0,24032.3,24033.7
1747751667403.0,24031.3,24032.7
1747751667671,,
1747751667955.0,24031.8,24033.2
1747751668639.0,24032.3,24033.7
1747751669614.0,24032.8,24034.2
1747751676843.0,24032.3,24033.7
1747751679560.0,24031.8,24033.2
1747751680120.0,24030.3,24031.7
1747751680360.0,24030.8,24032.2
1747751681953.0,24031.3,24032.7
1747751682319.0,24031.8,24033.2
1747751683957.0,24032.3,24033.7
1747751686283.0,24032.8,24034.2
1747751686330.0,24033.8,24035.2
1747751689978.0,24034.3,24035.7
1747751693128.0,24034.8,24036.2
1747751694284.0,24036.8,24038.2
1747751695394.0,24035.3,24036.7
1747751695692.0,24034.8,24036.2
1747751695739.0,24035.3,24036.7
1747751696028.0,24035.3,24036.7
1747751696703.0,24036.8,24038.2
1747751696751.0,24035.8,24037.2
1747751698528.0,24036.3,24037.7
1747751698800.0,24036.8,24038.2
1747751699162.0,24035.8,24037.2
1747751699717.0,24036.3,24037.7
1747751700155.0,24035.8,24037.2
1747751700835.0,24036.3,24037.7
1747751701025.0,24036.8,24038.2
1747751703015.0,24037.3,24038.7
1747751703060.0,24036.8,24038.2
1747751703792.0,24037.3,24038.7
1747751703840.0,24037.8,24039.2
1747751705137,,
1747751705399.0,24037.3,24038.7
1747751707225.0,24037.3,24038.7
1747751707599.0,24036.8,24038.2
1747751708228.0,24035.8,24037.2
1747751710365.0,24035.3,24036.7
1747751710826.0,24035.3,24036.7
1747751712652.0,24034.8,24036.2
1747751713289.0,24034.8,24036.2
1747751715039.0,24033.8,24035.2
1747751715476.0,24034.8,24036.2
1747751716617.0,24035.3,24036.7
1747751717623.0,24035.8,24037.2
1747751717669.0,24035.3,24036.7
1747751718008.0,24035.3,24036.7
1747751719449.0,24034.3,24035.7
1747751720825.0,24033.8,24035.2
1747751721032,,
1747751721710.0,24034.8,24036.2
1747751721835.0,24034.8,24036.2
1747751723978.0,24034.8,24036.2
1747751725519.0,24035.3,24036.7
1747751725665.0,24035.3,24036.7
1747751728455.0,24035.8,24037.2
1747751728627.0,24035.3,24036.7
1747751730041.0,24034.8,24036.2
1747751730214.0,24034.3,24035.7
1747751732022.0,24033.8,24035.2
1747751732143.0,24034.3,24035.7
1747751732391.0,24034.8,24036.2
1747751733426.0,24035.3,24036.7
1747751734470.0,24035.3,24036.7
1747751735511.0,24035.3,24036.7
1747751736061.0,24035.8,24037.2
1747751740160.0,24036.8,24038.2
1747751740210.0,24035.8,24037.2
1747751740651.0,24036.3,24037.7
1747751741489.0,24036.3,24037.7
1747751742469.0,24035.8,24037.2
1747751742815.0,24034.8,24036.2
1747751743038.0,24034.3,24035.7
1747751743322.0,24034.8,24036.2
1747751743767.0,24035.3,24036.7
1747751745049.0,24034.8,24036.2
1747751745087.0,24035.8,24037.2
1747751745338.0,24035.3,24036.7
1747751746682.0,24035.8,24037.2
1747751746897.0,24035.3,24036.7
1747751747683.0,24035.8,24037.2
1747751748609.0,24035.3,24036.7
1747751748909.0,24035.8,24037.2
1747751749442.0,24035.3,24036.7
1747751749715.0,24035.8,24037.2
1747751751064.0,24035.3,24036.7
1747751753296.0,24034.8,24036.2
1747751754249.0,24035.3,24036.7
1747751754727.0,24034.8,24036.2
1747751755265.0,24034.8,24036.2
1747751755805.0,24034.3,24035.7
1747751756148.0,24034.8,24036.2
1747751756589.0,24035.3,24036.7
1747751759423.0,24035.8,24037.2
1747751759470.0,24035.3,24036.7
1747751759697.0,24034.8,24036.2
1747751760404.0,24034.3,24035.7
1747751761585.0,24034.3,24035.7
1747751761722.0,24034.8,24036.2
1747751762399.0,24031.8,24033.2
1747751765094.0,24031.8,24033.2
1747751768410.0,24032.3,24033.7
1747751768590.0,24033.3,24034.7
1747751769604.0,24033.3,24034.7
1747751770047.0,24033.8,24035.2
1747751770141.0,24033.3,24034.7
1747751770400.0,24033.8,24035.2
1747751772378.0,24034.3,24035.7
1747751773467.0,24034.8,24036.2
1747751774594.0,24034.3,24035.7
1747751774991.0,24033.8,24035.2
1747751775414.0,24033.3,24034.7
1747751775875.0,24032.8,24034.2
1747751776013.0,24033.3,24034.7
1747751777231.0,24033.8,24035.2
1747751778145.0,24033.8,24035.2
1747751778324.0,24033.8,24035.2
1747751781058.0,24033.8,24035.2
1747751785285.0,24034.3,24035.7
1747751785333.0,24034.8,24036.2
1747751786303.0,24034.3,24035.7
1747751786555.0,24033.8,24035.2
1747751787937.0,24033.3,24034.7
1747751788181.0,24032.8,24034.2
1747751788482.0,24031.3,24032.7
1747751788718.0,24030.8,24032.2
1747751788768.0,24031.3,24032.7
1747751789314.0,24031.8,24033.2
1747751789360.0,24031.3,24032.7
1747751789788.0,24031.3,24032.7
1747751790328.0,24031.8,24033.2
1747751791147.0,24030.8,24032.2
1747751792099.0,24029.8,24031.2
1747751799884.0,24028.3,24029.7
1747751800303.0,24027.8,24029.2
1747751804205.0,24027.3,24028.7
1747751805040.0,24026.8,24028.2
1747751805567.0,24027.3,24028.7
1747751806091.0,24027.8,24029.2
1747751807912.0,24025.3,24026.7
1747751809008.0,24024.8,24026.2
1747751809276.0,24025.8,24027.2
1747751810923.0,24025.3,24026.7
1747751810973.0,24024.8,24026.2
1747751812108.0,24025.8,24027.2
1747751812499.0,24025.3,24026.7
1747751814056.0,24024.8,24026.2
1747751814381.0,24025.3,24026.7
1747751814619.0,24025.8,24027.2
1747751818481.0,24025.3,24026.7
1747751819128.0,24025.8,24027.2
1747751819173.0,24025.3,24026.7
1747751819389.0,24025.8,24027.2
1747751820547.0,24026.3,24027.7
1747751822454.0,24026.3,24027.7
1747751824513.0,24025.8,24027.2
1747751825482.0,24026.3,24027.7
1747751825671.0,24026.8,24028.2
1747751825719.0,24027.3,24028.7
1747751827865.0,24026.3,24027.7
1747751829808.0,24027.3,24028.7
1747751830756.0,24026.8,24028.2
1747751832482.0,24027.3,24028.7
1747751832833.0,24027.8,24029.2
1747751833837.0,24028.8,24030.2
1747751834609.0,24028.3,24029.7
1747751835269.0,24028.8,24030.2
1747751835422.0,24028.3,24029.7
1747751835542.0,24027.8,24029.2
1747751836139.0,24028.3,24029.7
1747751839267.0,24027.3,24028.7
1747751841197.0,24026.3,24027.7
1747751841596.0,24027.3,24028.7
1747751842022.0,24026.8,24028.2
1747751842319.0,24026.3,24027.7
1747751842910.0,24027.3,24028.7
1747751847708.0,24027.8,24029.2
1747751848213.0,24027.3,24028.7
1747751850193.0,24026.8,24028.2
1747751850242.0,24027.8,24029.2
