1747749485763.0,1800.15,1800.75
1747749486012.0,1800.28,1800.88
1747749488331.0,1800.4,1801.0
1747749488544.0,1800.28,1800.88
1747749489813.0,1800.4,1801.0
1747749490038.0,1800.53,1801.13
1747749490262.0,1800.28,1800.88
1747749492516.0,1800.4,1801.0
1747749492836.0,1800.28,1800.88
1747749493067.0,1800.4,1801.0
1747749493299.0,1800.53,1801.13
1747749493522.0,1800.4,1801.0
1747749494301.0,1800.28,1800.88
1747749497752.0,1800.15,1800.75
1747749499156.0,1800.03,1800.63
1747749500518.0,1800.15,1800.75
1747749501137.0,1800.28,1800.88
1747749503033.0,1800.15,1800.75
1747749503586.0,1800.03,1800.63
1747749507127,,
1747749507872,,
1747749509836.0,1800.15,1800.75
1747749510068.0,1800.03,1800.63
1747749510286.0,1800.15,1800.75
1747749510547.0,1800.03,1800.63
1747749510894.0,1800.15,1800.75
1747749511662.0,1800.03,1800.63
1747749513355.0,1799.9,1800.5
1747749513581.0,1799.78,1800.38
1747749513948.0,1799.9,1800.5
1747749514171.0,1800.03,1800.63
1747749516282.0,1799.9,1800.5
1747749516508.0,1800.03,1800.63
1747749516732.0,1799.9,1800.5
1747749518554.0,1799.9,1800.5
1747749518974.0,1799.78,1800.38
1747749519424.0,1799.9,1800.5
1747749519648.0,1799.78,1800.38
1747749520207.0,1799.65,1800.25
1747749520432.0,1799.78,1800.38
1747749520659.0,1799.65,1800.25
1747749520880.0,1799.78,1800.38
1747749524941.0,1799.65,1800.25
1747749525285.0,1799.53,1800.13
1747749525508,,
1747749525733.0,1799.65,1800.25
1747749526434.0,1799.53,1800.13
1747749527696.0,1799.4,1800.0
1747749527922.0,1799.53,1800.13
1747749528182.0,1799.4,1800.0
1747749528405.0,1799.53,1800.13
1747749529623.0,1799.4,1800.0
1747749529918.0,1799.53,1800.13
1747749530142.0,1799.4,1800.0
1747749530592.0,1799.28,1799.88
1747749530859.0,1799.4,1800.0
1747749531105.0,1799.28,1799.88
1747749532454.0,1799.4,1800.0
1747749533098,,
1747749533553.0,1799.53,1800.13
1747749534584.0,1799.4,1800.0
1747749534844.0,1799.53,1800.13
1747749535293.0,1799.4,1800.0
1747749535566.0,1799.53,1800.13
1747749535789.0,1799.4,1800.0
1747749536014.0,1799.53,1800.13
1747749536465.0,1799.4,1800.0
1747749537561.0,1799.53,1800.13
1747749538733.0,1799.4,1800.0
1747749539207.0,1799.53,1800.13
1747749540620.0,1799.4,1800.0
1747749541168,,
1747749542434.0,1799.28,1799.88
1747749542846.0,1799.4,1800.0
1747749543110.0,1799.53,1800.13
1747749543335.0,1799.4,1800.0
1747749546838.0,1799.28,1799.88
1747749547068.0,1799.4,1800.0
1747749547288.0,1799.28,1799.88
1747749551995.0,1799.4,1800.0
1747749552220.0,1799.28,1799.88
1747749552929.0,1799.4,1800.0
1747749553154.0,1799.28,1799.88
1747749554849.0,1799.4,1800.0
1747749555259.0,1799.28,1799.88
1747749555953.0,1799.4,1800.0
1747749556231.0,1799.53,1800.13
1747749557645.0,1799.65,1800.25
1747749558317.0,1799.78,1800.38
1747749559762,,
1747749559986.0,1799.53,1800.13
1747749561143.0,1799.65,1800.25
1747749561552.0,1799.53,1800.13
1747749562166.0,1799.65,1800.25
1747749562614.0,1799.53,1800.13
1747749563578.0,1799.65,1800.25
1747749563804.0,1799.53,1800.13
1747749564288.0,1799.65,1800.25
1747749566970.0,1799.53,1800.13
1747749568864.0,1799.65,1800.25
1747749570381.0,1799.53,1800.13
1747749570741.0,1799.65,1800.25
1747749572544.0,1799.78,1800.38
1747749572949.0,1799.53,1800.13
1747749573173.0,1799.65,1800.25
1747749574087.0,1799.78,1800.38
1747749578280.0,1799.65,1800.25
1747749578504.0,1799.78,1800.38
1747749580694.0,1799.9,1800.5
1747749580920,,
1747749581735.0,1799.78,1800.38
1747749582183.0,1799.9,1800.5
1747749582408.0,1799.78,1800.38
1747749582632.0,1799.9,1800.5
1747749583114.0,1799.78,1800.38
1747749583339.0,1799.9,1800.5
1747749583691.0,1799.78,1800.38
1747749583915.0,1799.9,1800.5
1747749584142.0,1799.78,1800.38
1747749584378.0,1799.9,1800.5
1747749585225.0,1799.78,1800.38
1747749585448.0,1799.53,1800.13
1747749588365.0,1799.65,1800.25
1747749588940.0,1799.78,1800.38
1747749589166.0,1799.65,1800.25
1747749590186.0,1799.78,1800.38
1747749591646.0,1799.65,1800.25
1747749591927.0,1799.78,1800.38
1747749594636.0,1799.65,1800.25
1747749594858.0,1799.78,1800.38
1747749595467.0,1799.65,1800.25
1747749595692.0,1799.78,1800.38
1747749596538.0,1799.65,1800.25
1747749597963.0,1799.78,1800.38
1747749598188.0,1799.65,1800.25
1747749598412.0,1799.78,1800.38
1747749598980.0,1799.65,1800.25
1747749600264.0,1799.78,1800.38
1747749600491.0,1799.65,1800.25
1747749600717.0,1799.78,1800.38
1747749601339.0,1799.9,1800.5
1747749601671,,
1747749601955.0,1799.78,1800.38
1747749602249.0,1799.9,1800.5
1747749602478.0,1799.78,1800.38
1747749603506.0,1799.9,1800.5
1747749604873.0,1799.78,1800.38
1747749605538.0,1799.9,1800.5
1747749605764.0,1799.78,1800.38
1747749605987.0,1799.9,1800.5
1747749606306.0,1799.78,1800.38
1747749606524.0,1799.9,1800.5
1747749606809.0,1799.78,1800.38
1747749607035.0,1800.03,1800.63
1747749607719.0,1800.15,1800.75
1747749607945.0,1800.28,1800.88
1747749608588.0,1800.15,1800.75
1747749608859.0,1800.03,1800.63
1747749609086.0,1800.15,1800.75
1747749609480.0,1800.03,1800.63
1747749609705.0,1800.15,1800.75
1747749610241.0,1800.03,1800.63
1747749610510.0,1800.15,1800.75
1747749611113.0,1800.28,1800.88
1747749611736.0,1800.15,1800.75
1747749611961.0,1800.28,1800.88
1747749612410.0,1800.15,1800.75
1747749612671.0,1800.28,1800.88
1747749614008.0,1800.15,1800.75
1747749614234.0,1800.03,1800.63
1747749614461.0,1800.15,1800.75
1747749614683.0,1800.03,1800.63
1747749620314.0,1799.9,1800.5
1747749620763.0,1799.65,1800.25
1747749621021.0,1799.53,1800.13
1747749621240.0,1799.65,1800.25
1747749621465.0,1799.78,1800.38
1747749622096.0,1799.65,1800.25
1747749622320.0,1799.78,1800.38
1747749625306.0,1799.65,1800.25
1747749626143.0,1799.78,1800.38
1747749628179.0,1799.65,1800.25
1747749628403.0,1799.78,1800.38
1747749630231.0,1799.65,1800.25
1747749630662,,
1747749630908.0,1799.78,1800.38
1747749633922.0,1799.65,1800.25
1747749634146.0,1799.53,1800.13
1747749634372.0,1799.65,1800.25
1747749634597.0,1799.78,1800.38
1747749635205.0,1799.65,1800.25
1747749635719.0,1799.78,1800.38
1747749635945.0,1799.65,1800.25
1747749636410.0,1799.53,1800.13
1747749637874.0,1799.78,1800.38
1747749638446.0,1799.65,1800.25
1747749639320.0,1799.78,1800.38
1747749639545.0,1799.65,1800.25
1747749640482.0,1799.78,1800.38
1747749644867.0,1799.9,1800.5
1747749645090,,
1747749645315.0,1800.03,1800.63
1747749646394.0,1800.15,1800.75
1747749646767.0,1800.03,1800.63
1747749648259.0,1799.78,1800.38
1747749648485.0,1800.03,1800.63
1747749648710.0,1799.9,1800.5
1747749648934.0,1800.03,1800.63
1747749649319.0,1799.9,1800.5
1747749649534.0,1800.03,1800.63
1747749651525.0,1800.15,1800.75
1747749652636.0,1800.03,1800.63
1747749654971.0,1800.15,1800.75
1747749655196,,
1747749655421.0,1800.28,1800.88
1747749655645.0,1800.15,1800.75
1747749656423.0,1800.03,1800.63
1747749656860.0,1800.15,1800.75
1747749657125.0,1800.03,1800.63
1747749657347.0,1800.15,1800.75
1747749659906.0,1800.28,1800.88
1747749660137.0,1800.4,1801.0
1747749660583.0,1800.28,1800.88
1747749661914.0,1800.15,1800.75
1747749662245,,
1747749662765.0,1800.03,1800.63
1747749663135.0,1800.15,1800.75
1747749665383.0,1800.03,1800.63
1747749665611.0,1799.78,1800.38
1747749665836.0,1799.9,1800.5
1747749666060.0,1799.78,1800.38
1747749666286.0,1799.9,1800.5
1747749666510.0,1799.78,1800.38
1747749667282.0,1799.65,1800.25
1747749667507,,
1747749668325.0,1799.53,1800.13
1747749670461.0,1799.65,1800.25
1747749670786.0,1799.53,1800.13
1747749671010.0,1799.65,1800.25
1747749671721.0,1799.53,1800.13
1747749671944.0,1799.65,1800.25
1747749672422.0,1799.53,1800.13
1747749672957.0,1799.65,1800.25
1747749673233,,
1747749673461.0,1799.78,1800.38
1747749674112.0,1799.65,1800.25
1747749674335.0,1799.78,1800.38
1747749674715.0,1799.9,1800.5
1747749675835.0,1800.03,1800.63
1747749676062.0,1799.9,1800.5
1747749677367.0,1800.03,1800.63
1747749677848.0,1799.9,1800.5
1747749678934.0,1800.03,1800.63
1747749679227.0,1799.9,1800.5
1747749679449.0,1799.78,1800.38
1747749681349.0,1799.9,1800.5
1747749681775.0,1800.03,1800.63
1747749682004.0,1800.15,1800.75
1747749682225.0,1800.03,1800.63
1747749683028.0,1799.9,1800.5
1747749683432.0,1800.03,1800.63
1747749683656.0,1799.9,1800.5
1747749683879.0,1800.03,1800.63
1747749694623.0,1800.15,1800.75
1747749694849.0,1800.03,1800.63
1747749695226.0,1800.15,1800.75
1747749695588.0,1800.03,1800.63
1747749700554.0,1800.15,1800.75
1747749700783,,
1747749701205.0,1800.28,1800.88
1747749702628.0,1800.15,1800.75
1747749704475.0,1800.28,1800.88
1747749704699.0,1800.15,1800.75
1747749705016.0,1800.03,1800.63
1747749710727.0,1799.9,1800.5
1747749710950.0,1800.03,1800.63
1747749713702.0,1799.9,1800.5
1747749714196.0,1799.78,1800.38
1747749714423.0,1799.9,1800.5
1747749715344.0,1799.78,1800.38
1747749718630.0,1799.65,1800.25
1747749719463.0,1799.78,1800.38
1747749721404.0,1799.65,1800.25
1747749721850.0,1799.78,1800.38
1747749722479.0,1799.65,1800.25
1747749724424.0,1799.53,1800.13
1747749724787.0,1799.4,1800.0
1747749726121.0,1799.53,1800.13
1747749726344.0,1799.4,1800.0
1747749726797.0,1799.53,1800.13
1747749727022.0,1799.4,1800.0
1747749727247.0,1799.53,1800.13
1747749727469.0,1799.4,1800.0
1747749728145.0,1799.53,1800.13
1747749728708.0,1799.4,1800.0
1747749729032.0,1799.53,1800.13
1747749729411.0,1799.65,1800.25
1747749729635,,
1747749730427.0,1799.78,1800.38
1747749730879.0,1799.78,1800.38
1747749731340.0,1799.9,1800.5
1747749731565,,
1747749732256.0,1800.03,1800.63
1747749736352.0,1800.15,1800.75
1747749736577.0,1800.03,1800.63
1747749737110.0,1800.15,1800.75
1747749737335.0,1800.28,1800.88
1747749737561.0,1800.15,1800.75
1747749737831.0,1800.28,1800.88
1747749738728.0,1800.15,1800.75
1747749738954,,
1747749739704.0,1800.28,1800.88
1747749739924.0,1800.15,1800.75
1747749740306.0,1800.28,1800.88
1747749740931.0,1800.15,1800.75
1747749741267.0,1800.28,1800.88
1747749751329.0,1800.4,1801.0
1747749751555,,
1747749751864.0,1800.28,1800.88
1747749752365.0,1800.4,1801.0
1747749753497.0,1800.28,1800.88
1747749753995.0,1800.4,1801.0
1747749754478.0,1800.28,1800.88
1747749754926.0,1800.4,1801.0
1747749755152.0,1800.28,1800.88
1747749755378.0,1800.4,1801.0
1747749757417.0,1800.53,1801.13
1747749758168.0,1800.4,1801.0
1747749759926,,
1747749760937.0,1800.53,1801.13
1747749761160.0,1800.4,1801.0
1747749761385.0,1800.28,1800.88
1747749761611.0,1800.4,1801.0
1747749763505.0,1800.28,1800.88
1747749764945.0,1800.4,1801.0
1747749765179.0,1800.28,1800.88
1747749765406.0,1800.4,1801.0
1747749766071.0,1800.28,1800.88
1747749767994,,
1747749768094,,
1747749768911.0,1800.15,1800.75
1747749769191,,
1747749769507.0,1800.28,1800.88
1747749769732.0,1800.15,1800.75
1747749769956.0,1800.03,1800.63
1747749770182.0,1800.15,1800.75
1747749770941.0,1800.28,1800.88
1747749771165.0,1800.15,1800.75
1747749771390.0,1800.28,1800.88
1747749771616.0,1800.15,1800.75
1747749772229.0,1800.03,1800.63
1747749772453.0,1800.15,1800.75
1747749774298.0,1800.03,1800.63
1747749775086.0,1799.9,1800.5
1747749775311.0,1800.03,1800.63
1747749775535.0,1799.9,1800.5
1747749775761.0,1799.78,1800.38
1747749776142.0,1799.65,1800.25
1747749776367.0,1799.78,1800.38
1747749776594.0,1799.65,1800.25
1747749777094.0,1799.78,1800.38
1747749777317.0,1799.65,1800.25
1747749777724.0,1799.78,1800.38
1747749778033.0,1799.65,1800.25
1747749778264.0,1799.78,1800.38
1747749778756.0,1799.65,1800.25
1747749778979.0,1799.78,1800.38
1747749780339.0,1799.9,1800.5
1747749780875.0,1799.78,1800.38
1747749781391.0,1799.9,1800.5
1747749782278.0,1800.03,1800.63
1747749783771.0,1799.9,1800.5
1747749784427.0,1800.03,1800.63
1747749788888.0,1799.78,1800.38
1747749789113.0,1799.9,1800.5
1747749789338.0,1799.78,1800.38
1747749789655.0,1799.9,1800.5
1747749790820.0,1799.78,1800.38
1747749792731.0,1799.9,1800.5
1747749793046.0,1799.78,1800.38
1747749793477.0,1799.9,1800.5
1747749793704.0,1799.78,1800.38
1747749795568.0,1799.9,1800.5
1747749795922,,
1747749796090.0,1799.78,1800.38
1747749796448.0,1799.9,1800.5
1747749801191.0,1799.78,1800.38
1747749801415.0,1799.9,1800.5
1747749801964.0,1800.03,1800.63
1747749802188.0,1799.9,1800.5
1747749803075.0,1800.03,1800.63
1747749803293,,
1747749803709.0,1800.15,1800.75
1747749803927.0,1800.03,1800.63
1747749804233.0,1800.15,1800.75
1747749804684.0,1800.03,1800.63
1747749804908.0,1800.15,1800.75
1747749805199.0,1800.03,1800.63
1747749805423.0,1800.15,1800.75
1747749805738.0,1800.28,1800.88
1747749808048,,
1747749821172.0,1800.15,1800.75
1747749821395,,
1747749822229,,
1747749823291.0,1800.28,1800.88
1747749823580.0,1800.15,1800.75
1747749826384.0,1800.28,1800.88
1747749826598.0,1800.15,1800.75
1747749827142.0,1800.28,1800.88
1747749827592.0,1800.15,1800.75
1747749828277.0,1800.28,1800.88
1747749828607,,
1747749829251.0,1800.15,1800.75
1747749833888.0,1800.28,1800.88
1747749834113.0,1800.15,1800.75
1747749834452.0,1800.28,1800.88
1747749835043.0,1800.15,1800.75
1747749835431.0,1800.28,1800.88
1747749835743.0,1800.15,1800.75
1747749836017.0,1800.28,1800.88
1747749844527.0,1800.15,1800.75
1747749844749.0,1800.28,1800.88
1747749845315.0,1800.15,1800.75
1747749845540.0,1800.28,1800.88
1747749846071.0,1800.15,1800.75
1747749847100.0,1800.03,1800.63
1747749847327.0,1800.15,1800.75
1747749848292.0,1800.03,1800.63
1747749848648.0,1800.15,1800.75
1747749849107.0,1800.28,1800.88
1747749856807.0,1800.4,1801.0
1747749857031,,
1747749857916.0,1800.53,1801.13
1747749858392.0,1800.4,1801.0
1747749860678.0,1800.28,1800.88
1747749860906.0,1800.4,1801.0
1747749861535.0,1800.28,1800.88
1747749863393.0,1800.4,1801.0
1747749863721.0,1800.28,1800.88
1747749863945.0,1800.4,1801.0
1747749864171.0,1800.28,1800.88
1747749865404.0,1800.4,1801.0
1747749865627.0,1800.28,1800.88
1747749866494.0,1800.4,1801.0
1747749866716.0,1800.28,1800.88
1747749872272.0,1800.4,1801.0
1747749872498.0,1800.53,1801.13
1747749873133,,
1747749873428,,
1747749873830.0,1800.65,1801.25
1747749874442.0,1800.53,1801.13
1747749874662.0,1800.65,1801.25
1747749874889.0,1800.78,1801.38
1747749875112.0,1800.65,1801.25
1747749876969.0,1800.53,1801.13
1747749877265.0,1800.65,1801.25
1747749877487.0,1800.53,1801.13
1747749877713.0,1800.4,1801.0
1747749877937.0,1800.53,1801.13
1747749878162,,
1747749881709.0,1800.4,1801.0
1747749882209.0,1800.28,1800.88
1747749882936.0,1800.4,1801.0
1747749884592.0,1800.28,1800.88
1747749884833.0,1800.4,1801.0
1747749887510.0,1800.28,1800.88
1747749887960.0,1800.4,1801.0
1747749888185.0,1800.28,1800.88
1747749888418.0,1800.4,1801.0
1747749888636.0,1800.28,1800.88
1747749889087.0,1800.53,1801.13
1747749889347.0,1800.4,1801.0
1747749889871.0,1800.53,1801.13
1747749890379.0,1800.4,1801.0
1747749890602.0,1800.53,1801.13
1747749890837.0,1800.4,1801.0
1747749893699.0,1800.28,1800.88
1747749893923.0,1800.4,1801.0
1747749894149.0,1800.28,1800.88
1747749894380.0,1800.4,1801.0
1747749894605.0,1800.28,1800.88
1747749897278.0,1800.4,1801.0
1747749900876.0,1800.28,1800.88
1747749907862.0,1800.4,1801.0
1747749908489,,
1747749909521.0,1800.28,1800.88
1747749909746.0,1800.4,1801.0
1747749909971.0,1800.28,1800.88
1747749913843.0,1800.4,1801.0
1747749914292.0,1800.28,1800.88
1747749914675.0,1800.4,1801.0
1747749914899.0,1800.28,1800.88
1747749916302.0,1800.4,1801.0
1747749916527.0,1800.28,1800.88
1747749918608.0,1800.15,1800.75
1747749918832.0,1800.03,1800.63
1747749919525.0,1800.15,1800.75
1747749921778.0,1800.28,1800.88
1747749922455.0,1800.4,1801.0
1747749923907.0,1800.53,1801.13
1747749924129.0,1800.4,1801.0
1747749924860.0,1800.53,1801.13
1747749925130.0,1800.4,1801.0
1747749925634.0,1800.53,1801.13
1747749936071.0,1800.65,1801.25
1747749936294.0,1800.53,1801.13
1747749938624.0,1800.65,1801.25
1747749939363.0,1800.53,1801.13
1747749939587.0,1800.65,1801.25
1747749940637.0,1800.78,1801.38
1747749941089.0,1800.65,1801.25
1747749941467.0,1800.78,1801.38
1747749943037.0,1800.9,1801.5
1747749943245,,
1747749943876.0,1800.78,1801.38
1747749944282.0,1800.9,1801.5
1747749945396.0,1800.78,1801.38
1747749945620.0,1800.9,1801.5
1747749949452.0,1800.78,1801.38
1747749954133.0,1800.65,1801.25
1747749954357.0,1800.78,1801.38
1747749961248.0,1800.65,1801.25
1747749961763.0,1800.78,1801.38
1747749963888.0,1800.9,1801.5
1747749964317.0,1800.78,1801.38
1747749964542.0,1800.9,1801.5
1747749965264.0,1800.78,1801.38
1747749965488.0,1800.65,1801.25
1747749966952.0,1800.78,1801.38
1747749967778.0,1800.65,1801.25
1747749968003.0,1800.78,1801.38
1747749968683.0,1800.65,1801.25
1747749969182.0,1800.78,1801.38
1747749969695.0,1800.65,1801.25
1747749970961.0,1800.53,1801.13
1747749971186.0,1800.65,1801.25
1747749971921.0,1800.53,1801.13
1747749972146.0,1800.65,1801.25
1747749973171.0,1800.53,1801.13
1747749973395.0,1800.65,1801.25
1747749973763.0,1800.53,1801.13
1747749978640.0,1800.4,1801.0
1747749980335.0,1800.53,1801.13
1747749981536.0,1800.4,1801.0
1747749982191.0,1800.53,1801.13
1747749982641.0,1800.53,1801.13
1747749982866.0,1800.65,1801.25
1747749983091.0,1800.53,1801.13
1747749983560.0,1800.65,1801.25
1747749986239.0,1800.65,1801.25
1747749987882.0,1800.78,1801.38
1747749988417.0,1800.65,1801.25
1747749991020.0,1800.53,1801.13
1747749992123.0,1800.65,1801.25
1747749994686.0,1800.78,1801.38
1747750004030.0,1800.65,1801.25
1747750005218.0,1800.65,1801.25
1747750005754.0,1800.53,1801.13
1747750006494.0,1800.65,1801.25
1747750007278.0,1800.53,1801.13
1747750008573.0,1800.65,1801.25
1747750008940,,
1747750009741.0,1800.78,1801.38
1747750010592.0,1800.65,1801.25
1747750011299.0,1800.53,1801.13
1747750011520.0,1800.65,1801.25
1747750012163.0,1800.53,1801.13
1747750012424.0,1800.65,1801.25
1747750012667.0,1800.53,1801.13
1747750019541.0,1800.65,1801.25
1747750020134.0,1800.53,1801.13
1747750022289.0,1800.65,1801.25
1747750022514.0,1800.53,1801.13
1747750027244.0,1800.4,1801.0
1747750027468.0,1800.28,1800.88
1747750027692.0,1800.4,1801.0
1747750027917.0,1800.53,1801.13
1747750029711.0,1800.4,1801.0
1747750030293.0,1800.28,1800.88
1747750031987,,
1747750033048.0,1800.03,1800.63
1747750035447.0,1799.9,1800.5
1747750035672,,
1747750036393.0,1799.78,1800.38
1747750036644.0,1799.9,1800.5
1747750036869.0,1799.78,1800.38
1747750038490.0,1799.9,1800.5
1747750038983.0,1799.78,1800.38
1747750039209.0,1799.9,1800.5
1747750039554.0,1799.78,1800.38
1747750039991.0,1799.9,1800.5
1747750040442.0,1799.78,1800.38
1747750041771,,
1747750041997.0,1799.65,1800.25
1747750042455.0,1799.53,1800.13
1747750042679.0,1799.4,1800.0
1747750042905.0,1799.53,1800.13
1747750043130.0,1799.4,1800.0
1747750043580.0,1799.53,1800.13
1747750043855.0,1799.4,1800.0
1747750045397.0,1799.53,1800.13
1747750045723.0,1799.4,1800.0
1747750045945,,
1747750046881.0,1799.53,1800.13
1747750047330.0,1799.4,1800.0
1747750048277.0,1799.53,1800.13
1747750062645.0,1799.65,1800.25
1747750062870,,
1747750063794.0,1799.53,1800.13
1747750064314.0,1799.65,1800.25
1747750065422.0,1799.53,1800.13
1747750067380.0,1799.65,1800.25
1747750069268.0,1799.78,1800.38
1747750069744.0,1799.9,1800.5
1747750070599.0,1799.78,1800.38
1747750070822.0,1799.9,1800.5
1747750071046.0,1799.78,1800.38
1747750071507.0,1799.9,1800.5
1747750072641.0,1799.78,1800.38
1747750077437.0,1799.9,1800.5
1747750077660.0,1799.78,1800.38
1747750078609.0,1799.9,1800.5
1747750078832.0,1799.78,1800.38
1747750082604.0,1799.65,1800.25
1747750083137.0,1799.53,1800.13
1747750084370.0,1799.65,1800.25
1747750084595.0,1799.53,1800.13
1747750084820.0,1799.65,1800.25
1747750085269.0,1799.53,1800.13
1747750086795.0,1799.65,1800.25
1747750087582.0,1799.78,1800.38
1747750089831.0,1799.65,1800.25
1747750090056.0,1799.78,1800.38
1747750090880.0,1799.65,1800.25
1747750093775.0,1799.78,1800.38
1747750094969.0,1799.65,1800.25
1747750096866.0,1799.78,1800.38
1747750097090.0,1799.65,1800.25
1747750098165.0,1799.78,1800.38
1747750098428.0,1799.65,1800.25
1747750098653.0,1799.78,1800.38
1747750099811.0,1799.9,1800.5
1747750100337.0,1799.78,1800.38
1747750100881.0,1799.9,1800.5
1747750101303.0,1799.78,1800.38
1747750101694.0,1799.9,1800.5
1747750102143.0,1799.9,1800.5
1747750102499.0,1799.78,1800.38
1747750103224.0,1799.9,1800.5
1747750103674.0,1799.78,1800.38
1747750103898.0,1799.65,1800.25
1747750105988.0,1799.53,1800.13
1747750107130.0,1799.65,1800.25
1747750107354.0,1799.53,1800.13
1747750108331.0,1799.4,1800.0
1747750108667.0,1799.53,1800.13
1747750108979.0,1799.4,1800.0
1747750109679.0,1799.28,1799.88
1747750109904.0,1799.4,1800.0
1747750111254.0,1799.53,1800.13
1747750111471.0,1799.4,1800.0
1747750111861.0,1799.28,1799.88
1747750112089.0,1799.4,1800.0
1747750112513.0,1799.28,1799.88
1747750112965.0,1799.4,1800.0
1747750113272.0,1799.28,1799.88
1747750113496.0,1799.4,1800.0
1747750114106.0,1799.28,1799.88
1747750114330.0,1799.4,1800.0
1747750114766.0,1799.53,1800.13
1747750114988.0,1799.4,1800.0
1747750116492.0,1799.53,1800.13
1747750118721.0,1799.65,1800.25
1747750119012.0,1799.53,1800.13
1747750119488.0,1799.65,1800.25
1747750121244.0,1799.78,1800.38
1747750123705.0,1799.65,1800.25
1747750123929.0,1799.53,1800.13
1747750124158.0,1799.65,1800.25
1747750124481.0,1799.78,1800.38
1747750124950.0,1799.65,1800.25
1747750125767.0,1799.78,1800.38
1747750125991.0,1799.65,1800.25
1747750126394.0,1799.78,1800.38
1747750127196.0,1799.65,1800.25
1747750127421.0,1799.78,1800.38
1747750127647.0,1799.65,1800.25
1747750128013.0,1799.78,1800.38
1747750128519.0,1799.65,1800.25
1747750129089.0,1799.78,1800.38
1747750135627.0,1799.65,1800.25
1747750137811.0,1799.53,1800.13
1747750138334.0,1799.65,1800.25
1747750138558.0,1799.53,1800.13
1747750138917.0,1799.65,1800.25
1747750139232.0,1799.53,1800.13
1747750141848.0,1799.65,1800.25
1747750142438.0,1799.53,1800.13
1747750142939.0,1799.65,1800.25
1747750143667.0,1799.53,1800.13
1747750145157.0,1799.65,1800.25
1747750145481.0,1799.53,1800.13
1747750145703.0,1799.65,1800.25
1747750145930.0,1799.53,1800.13
1747750146237.0,1799.65,1800.25
1747750146749.0,1799.78,1800.38
1747750147105.0,1799.9,1800.5
1747750147327.0,1799.78,1800.38
1747750154190.0,1799.9,1800.5
1747750154421.0,1799.78,1800.38
1747750154639.0,1799.9,1800.5
1747750155242.0,1799.78,1800.38
1747750160463.0,1799.9,1800.5
1747750160688.0,1799.78,1800.38
1747750160914.0,1799.9,1800.5
1747750161139.0,1799.78,1800.38
1747750170678,,
1747750170825.0,1799.65,1800.25
1747750171382.0,1799.53,1800.13
1747750174079,,
1747750175511,,
1747750177011.0,1799.65,1800.25
1747750177410,,
1747750180609.0,1799.78,1800.38
1747750182588.0,1799.9,1800.5
1747750183044.0,1799.78,1800.38
1747750183494.0,1799.78,1800.38
1747750184512.0,1799.65,1800.25
1747750184967.0,1799.78,1800.38
1747750185224.0,1799.65,1800.25
1747750185450.0,1799.78,1800.38
1747750186412.0,1799.65,1800.25
1747750186937.0,1799.78,1800.38
1747750187162.0,1799.65,1800.25
1747750187386.0,1799.53,1800.13
1747750187610.0,1799.4,1800.0
1747750187836.0,1799.53,1800.13
1747750189130.0,1799.4,1800.0
1747750189579.0,1799.53,1800.13
1747750190586.0,1799.65,1800.25
1747750191076.0,1799.53,1800.13
1747750191304.0,1799.65,1800.25
1747750191584.0,1799.53,1800.13
1747750193491.0,1799.65,1800.25
1747750193718.0,1799.53,1800.13
1747750194577.0,1799.65,1800.25
1747750195178.0,1799.53,1800.13
1747750195403.0,1799.65,1800.25
1747750195730.0,1799.78,1800.38
1747750197476.0,1799.65,1800.25
1747750197996,,
1747750198328.0,1799.53,1800.13
1747750198552.0,1799.65,1800.25
1747750200070.0,1799.53,1800.13
1747750201250.0,1799.65,1800.25
1747750201474.0,1799.53,1800.13
1747750201698.0,1799.65,1800.25
1747750201925.0,1799.53,1800.13
1747750202206.0,1799.65,1800.25
1747750202427.0,1799.53,1800.13
1747750203038.0,1799.28,1799.88
1747750203261,,
1747750204717.0,1799.4,1800.0
1747750204941.0,1799.53,1800.13
1747750205309.0,1799.4,1800.0
1747750205626,,
1747750206097.0,1799.53,1800.13
1747750206322.0,1799.4,1800.0
1747750206546.0,1799.53,1800.13
1747750207327.0,1799.4,1800.0
1747750208022.0,1799.28,1799.88
1747750208331.0,1799.4,1800.0
1747750209358.0,1799.28,1799.88
1747750209629.0,1799.4,1800.0
1747750210223.0,1799.53,1800.13
1747750210446.0,1799.4,1800.0
1747750211198.0,1799.28,1799.88
1747750211438.0,1799.4,1800.0
1747750211722.0,1799.28,1799.88
1747750212158.0,1799.53,1800.13
1747750212840.0,1799.4,1800.0
1747750213319,,
1747750213420.0,1799.28,1799.88
1747750213636.0,1799.4,1800.0
1747750214085.0,1799.4,1800.0
1747750214315.0,1799.28,1799.88
1747750214535.0,1799.4,1800.0
1747750214824.0,1799.28,1799.88
1747750216828.0,1799.4,1800.0
1747750217053.0,1799.28,1799.88
1747750217355.0,1799.4,1800.0
1747750217581.0,1799.53,1800.13
1747750217877,,
1747750218105.0,1799.78,1800.38
1747750219213.0,1799.9,1800.5
1747750219659.0,1799.78,1800.38
1747750219930.0,1799.9,1800.5
1747750220156.0,1799.78,1800.38
1747750223781.0,1799.65,1800.25
1747750223999.0,1799.53,1800.13
1747750227461.0,1799.65,1800.25
1747750227686.0,1799.53,1800.13
1747750227925.0,1799.65,1800.25
1747750228150.0,1799.78,1800.38
1747750228465.0,1799.65,1800.25
1747750229669.0,1799.78,1800.38
1747750229894.0,1799.65,1800.25
1747750230577.0,1799.53,1800.13
1747750230805.0,1799.65,1800.25
1747750231061.0,1799.53,1800.13
1747750233597.0,1799.4,1800.0
1747750233822.0,1799.53,1800.13
1747750234282.0,1799.4,1800.0
1747750234509.0,1799.53,1800.13
1747750234733.0,1799.4,1800.0
1747750235046.0,1799.53,1800.13
1747750238837.0,1799.65,1800.25
1747750239297.0,1799.78,1800.38
1747750240773.0,1799.65,1800.25
1747750242797.0,1799.78,1800.38
1747750243145.0,1799.65,1800.25
1747750243371.0,1799.78,1800.38
1747750243596.0,1799.65,1800.25
1747750243820.0,1799.78,1800.38
1747750245298.0,1799.65,1800.25
1747750245522.0,1799.78,1800.38
1747750248865.0,1799.9,1800.5
1747750249091.0,1799.78,1800.38
1747750251724.0,1799.9,1800.5
1747750251947.0,1799.78,1800.38
1747750254203.0,1799.9,1800.5
1747750254650.0,1799.78,1800.38
1747750254874.0,1799.9,1800.5
1747750255197.0,1799.78,1800.38
1747750255423.0,1799.9,1800.5
1747750256092.0,1799.78,1800.38
1747750258690.0,1799.65,1800.25
1747750258914.0,1799.78,1800.38
1747750261093.0,1799.65,1800.25
1747750261308.0,1799.78,1800.38
1747750261954.0,1799.65,1800.25
1747750262180.0,1799.78,1800.38
1747750263561.0,1799.65,1800.25
1747750263786.0,1799.78,1800.38
1747750265888.0,1799.65,1800.25
1747750266112.0,1799.78,1800.38
1747750268620.0,1799.78,1800.38
1747750268985.0,1799.65,1800.25
1747750269409.0,1799.78,1800.38
1747750270033.0,1799.9,1800.5
1747750270258.0,1799.78,1800.38
1747750270649.0,1799.9,1800.5
1747750270873.0,1799.78,1800.38
1747750272953.0,1799.65,1800.25
1747750274214.0,1799.78,1800.38
1747750274440.0,1799.65,1800.25
1747750274797.0,1799.78,1800.38
1747750277107,,
1747750277430.0,1799.65,1800.25
1747750281764.0,1799.53,1800.13
1747750282324.0,1799.4,1800.0
1747750282618.0,1799.28,1799.88
1747750283070.0,1799.4,1800.0
1747750283292.0,1799.28,1799.88
1747750283967.0,1799.4,1800.0
1747750285773.0,1799.28,1799.88
1747750285997.0,1799.4,1800.0
1747750287428.0,1799.53,1800.13
1747750287645.0,1799.4,1800.0
1747750289996.0,1799.53,1800.13
1747750290225.0,1799.4,1800.0
1747750290813.0,1799.28,1799.88
1747750291039.0,1799.4,1800.0
1747750291262.0,1799.53,1800.13
1747750292153.0,1799.4,1800.0
1747750292378.0,1799.28,1799.88
1747750293284.0,1799.15,1799.75
1747750293831.0,1799.28,1799.88
1747750294371.0,1799.15,1799.75
1747750294597.0,1799.28,1799.88
1747750294822.0,1799.03,1799.63
1747750295724.0,1799.03,1799.63
1747750301064.0,1799.15,1799.75
1747750301514.0,1799.28,1799.88
1747750302554.0,1799.15,1799.75
1747750303161.0,1799.28,1799.88
1747750308915.0,1799.15,1799.75
1747750309926.0,1799.28,1799.88
1747750310830.0,1799.4,1800.0
1747750316803.0,1799.28,1799.88
1747750317030.0,1799.4,1800.0
1747750317824.0,1799.28,1799.88
1747750318047.0,1799.4,1800.0
1747750319104.0,1799.28,1799.88
1747750323136.0,1799.15,1799.75
1747750323834.0,1799.03,1799.63
1747750328734,,
1747750328958.0,1798.9,1799.5
1747750329185.0,1799.03,1799.63
1747750329952.0,1798.9,1799.5
1747750330726.0,1799.03,1799.63
1747750330989.0,1798.9,1799.5
1747750331463.0,1799.03,1799.63
1747750331797.0,1798.9,1799.5
1747750332124.0,1799.03,1799.63
1747750333080.0,1798.9,1799.5
1747750333306.0,1799.03,1799.63
1747750333651.0,1798.9,1799.5
1747750333875.0,1798.78,1799.38
1747750335213.0,1798.9,1799.5
1747750335673.0,1799.03,1799.63
1747750335896.0,1798.9,1799.5
1747750336231.0,1798.78,1799.38
1747750336453.0,1798.9,1799.5
1747750336678.0,1798.78,1799.38
1747750337110.0,1798.9,1799.5
1747750337337.0,1799.03,1799.63
1747750337560.0,1798.9,1799.5
1747750338090.0,1798.78,1799.38
1747750338775.0,1798.65,1799.25
1747750339313.0,1798.78,1799.38
1747750339536,,
1747750342957.0,1798.9,1799.5
1747750343620.0,1799.03,1799.63
1747750345198.0,1798.9,1799.5
1747750345423.0,1799.03,1799.63
1747750346457.0,1799.15,1799.75
1747750347161.0,1799.03,1799.63
1747750347605.0,1799.15,1799.75
1747750348058.0,1799.03,1799.63
1747750348283.0,1799.15,1799.75
1747750348506.0,1799.28,1799.88
1747750350984.0,1799.15,1799.75
1747750353239.0,1799.28,1799.88
1747750354375.0,1799.15,1799.75
1747750354597.0,1799.28,1799.88
1747750355988.0,1799.15,1799.75
1747750358592.0,1799.03,1799.63
1747750358815.0,1799.15,1799.75
1747750359747.0,1799.28,1799.88
1747750360821.0,1799.15,1799.75
1747750361145.0,1799.28,1799.88
1747750361597.0,1799.28,1799.88
1747750362462.0,1799.15,1799.75
1747750363510.0,1799.15,1799.75
1747750363961.0,1799.28,1799.88
1747750364186.0,1799.15,1799.75
1747750364432.0,1799.28,1799.88
1747750364884.0,1799.15,1799.75
1747750365114.0,1799.28,1799.88
1747750365338.0,1799.15,1799.75
1747750367782.0,1799.03,1799.63
1747750368007.0,1799.15,1799.75
1747750370647.0,1799.28,1799.88
1747750373797.0,1799.4,1800.0
1747750374142.0,1799.53,1800.13
1747750374557.0,1799.4,1800.0
1747750375016.0,1799.53,1800.13
1747750375240.0,1799.4,1800.0
1747750375464.0,1799.53,1800.13
1747750384257.0,1799.65,1800.25
1747750384481,,
1747750385148.0,1799.53,1800.13
1747750385393.0,1799.65,1800.25
1747750385744.0,1799.53,1800.13
1747750394137.0,1799.4,1800.0
1747750394359,,
1747750394632.0,1799.53,1800.13
1747750397837.0,1799.65,1800.25
1747750398515,,
1747750399222.0,1799.53,1800.13
1747750399672.0,1799.65,1800.25
1747750399895.0,1799.53,1800.13
1747750402024.0,1799.65,1800.25
1747750403106.0,1799.53,1800.13
1747750403996.0,1799.65,1800.25
1747750405198.0,1799.78,1800.38
1747750406242.0,1799.65,1800.25
1747750408643.0,1799.78,1800.38
1747750408897.0,1799.65,1800.25
1747750409689.0,1799.78,1800.38
1747750411523.0,1799.65,1800.25
1747750411892.0,1799.78,1800.38
1747750412116.0,1799.65,1800.25
1747750412342.0,1799.78,1800.38
1747750412654.0,1799.65,1800.25
1747750412878.0,1799.78,1800.38
1747750416591.0,1799.65,1800.25
1747750416813.0,1799.78,1800.38
1747750417040.0,1799.65,1800.25
1747750417264.0,1799.78,1800.38
1747750420148.0,1799.65,1800.25
1747750420804.0,1799.78,1800.38
1747750422829.0,1799.65,1800.25
1747750423126.0,1799.53,1800.13
1747750423352.0,1799.65,1800.25
1747750423578.0,1799.53,1800.13
1747750424027.0,1799.65,1800.25
1747750424959.0,1799.78,1800.38
1747750428807,,
1747750433902.0,1799.65,1800.25
1747750434126,,
1747750434644.0,1799.53,1800.13
1747750437551.0,1799.65,1800.25
1747750437775,,
1747750439914.0,1799.53,1800.13
1747750440657.0,1799.65,1800.25
1747750441224.0,1799.78,1800.38
1747750444278.0,1799.65,1800.25
1747750444715.0,1799.53,1800.13
1747750444939.0,1799.65,1800.25
1747750445166.0,1799.53,1800.13
1747750445960.0,1799.65,1800.25
1747750446186.0,1799.53,1800.13
1747750446843.0,1799.4,1800.0
1747750447069.0,1799.28,1799.88
1747750447742.0,1799.4,1800.0
1747750447965.0,1799.28,1799.88
1747750452616,,
1747750452911.0,1799.4,1800.0
1747750454218.0,1799.28,1799.88
1747750457442.0,1799.4,1800.0
1747750457666.0,1799.28,1799.88
1747750459959.0,1799.4,1800.0
1747750460856.0,1799.28,1799.88
1747750462696.0,1799.4,1800.0
1747750463149.0,1799.53,1800.13
1747750469259.0,1799.65,1800.25
1747750469481.0,1799.53,1800.13
1747750470242.0,1799.65,1800.25
1747750470953.0,1799.53,1800.13
1747750491783.0,1799.65,1800.25
1747750492004.0,1799.53,1800.13
1747750492227.0,1799.65,1800.25
1747750493115.0,1799.78,1800.38
1747750493416.0,1799.65,1800.25
1747750496372.0,1799.65,1800.25
1747750497274.0,1799.78,1800.38
1747750497493.0,1799.65,1800.25
1747750500212.0,1799.53,1800.13
1747750500436.0,1799.65,1800.25
1747750501105.0,1799.78,1800.38
1747750501365.0,1799.65,1800.25
1747750501819.0,1799.78,1800.38
1747750502681.0,1799.65,1800.25
1747750502942.0,1799.78,1800.38
1747750508226.0,1799.65,1800.25
1747750508450.0,1799.78,1800.38
1747750508713.0,1799.65,1800.25
1747750508937.0,1799.78,1800.38
1747750509637.0,1799.65,1800.25
1747750509859.0,1799.78,1800.38
1747750510616.0,1799.65,1800.25
1747750510841.0,1799.78,1800.38
1747750513106.0,1799.9,1800.5
1747750513329.0,1800.03,1800.63
1747750513702.0,1799.9,1800.5
1747750514040.0,1800.03,1800.63
1747750517224.0,1799.9,1800.5
1747750517760.0,1800.03,1800.63
1747750517984.0,1799.9,1800.5
1747750518844.0,1799.78,1800.38
1747750519419.0,1799.9,1800.5
1747750520199.0,1800.03,1800.63
1747750520852.0,1799.9,1800.5
1747750521139.0,1799.78,1800.38
1747750526936.0,1799.65,1800.25
1747750527160.0,1799.78,1800.38
1747750532509.0,1799.9,1800.5
1747750533345.0,1800.03,1800.63
1747750539403,,
1747750542815.0,1800.15,1800.75
1747750545008.0,1800.03,1800.63
1747750545240.0,1800.15,1800.75
1747750548652.0,1800.28,1800.88
1747750555572.0,1800.15,1800.75
1747750557109.0,1800.15,1800.75
1747750557688.0,1800.28,1800.88
1747750557913.0,1800.15,1800.75
1747750559509.0,1800.28,1800.88
1747750559733.0,1800.15,1800.75
1747750559959.0,1800.28,1800.88
1747750560647,,
1747750560892,,
1747750561097.0,1800.15,1800.75
1747750562247.0,1800.28,1800.88
1747750562471.0,1800.15,1800.75
1747750563035.0,1800.03,1800.63
1747750566099.0,1800.15,1800.75
1747750566403.0,1800.03,1800.63
1747750570999.0,1800.15,1800.75
1747750571567.0,1800.03,1800.63
1747750572357.0,1800.15,1800.75
1747750573710.0,1800.03,1800.63
1747750580777.0,1800.15,1800.75
1747750582326.0,1800.28,1800.88
1747750583223.0,1800.15,1800.75
1747750585271.0,1800.28,1800.88
1747750586879.0,1800.15,1800.75
1747750587457.0,1800.28,1800.88
1747750591940.0,1800.15,1800.75
1747750592165.0,1800.03,1800.63
1747750592393.0,1800.15,1800.75
1747750592718.0,1800.28,1800.88
1747750594616.0,1800.15,1800.75
1747750597103,,
1747750599896.0,1800.03,1800.63
1747750601425.0,1800.15,1800.75
1747750602280.0,1800.03,1800.63
1747750612096.0,1800.15,1800.75
1747750612549.0,1800.03,1800.63
1747750615763.0,1799.9,1800.5
1747750615986,,
1747750616736.0,1800.03,1800.63
1747750616961.0,1799.9,1800.5
1747750619908.0,1800.03,1800.63
1747750620211.0,1799.9,1800.5
1747750621866.0,1799.78,1800.38
1747750622962.0,1799.65,1800.25
1747750624233.0,1799.78,1800.38
1747750626720,,
1747750627552.0,1799.65,1800.25
1747750627824.0,1799.78,1800.38
1747750628057,,
1747750630047.0,1799.65,1800.25
1747750630274.0,1799.78,1800.38
1747750630597.0,1799.65,1800.25
1747750631076.0,1799.53,1800.13
1747750631302.0,1799.65,1800.25
1747750632782.0,1799.53,1800.13
1747750637907.0,1799.4,1800.0
1747750638125.0,1799.28,1799.88
1747750638575.0,1799.4,1800.0
1747750639065.0,1799.53,1800.13
1747750640140,,
1747750641915.0,1799.65,1800.25
1747750642256.0,1799.78,1800.38
1747750642500.0,1799.9,1800.5
1747750642932.0,1799.78,1800.38
1747750643156.0,1799.9,1800.5
1747750643434.0,1800.03,1800.63
1747750643659.0,1799.9,1800.5
1747750643885.0,1800.03,1800.63
1747750645694,,
1747750645920.0,1799.78,1800.38
1747750647416,,
1747750653845.0,1799.9,1800.5
1747750654075.0,1800.03,1800.63
1747750654325.0,1799.9,1800.5
1747750654552.0,1800.03,1800.63
1747750659784.0,1800.15,1800.75
1747750660851.0,1800.28,1800.88
1747750662388.0,1800.15,1800.75
1747750662612.0,1800.28,1800.88
1747750665914.0,1800.15,1800.75
1747750666137.0,1800.03,1800.63
1747750666692.0,1800.15,1800.75
1747750666917.0,1800.03,1800.63
1747750668377.0,1800.15,1800.75
1747750668599,,
1747750668826.0,1800.03,1800.63
1747750671861.0,1800.15,1800.75
1747750672086.0,1800.03,1800.63
1747750672558.0,1800.15,1800.75
1747750672922.0,1800.28,1800.88
1747750673423.0,1800.15,1800.75
1747750673941.0,1800.28,1800.88
1747750674442.0,1800.15,1800.75
1747750674781.0,1800.28,1800.88
1747750675278.0,1800.15,1800.75
1747750676059.0,1800.28,1800.88
1747750676283.0,1800.15,1800.75
1747750678015.0,1800.28,1800.88
1747750678513.0,1800.15,1800.75
1747750678738.0,1800.28,1800.88
1747750679157.0,1800.15,1800.75
1747750679380.0,1800.28,1800.88
1747750679862.0,1800.15,1800.75
1747750680468.0,1800.28,1800.88
1747750680966.0,1800.15,1800.75
1747750681191.0,1800.28,1800.88
1747750681615.0,1800.15,1800.75
1747750683316.0,1800.03,1800.63
1747750683541.0,1800.15,1800.75
1747750685204.0,1800.03,1800.63
1747750685651.0,1800.15,1800.75
1747750685878.0,1800.03,1800.63
1747750686404.0,1800.15,1800.75
1747750686691.0,1800.03,1800.63
1747750688272.0,1800.15,1800.75
1747750688493,,
1747750693320.0,1800.28,1800.88
1747750693544.0,1800.15,1800.75
1747750693770.0,1800.28,1800.88
1747750694216.0,1800.15,1800.75
1747750696521.0,1800.28,1800.88
1747750709239,,
1747750709464,,
1747750711767,,
1747750711991.0,1800.53,1801.13
1747750712269.0,1800.4,1801.0
1747750712872.0,1800.53,1801.13
1747750713643.0,1800.4,1801.0
1747750713868.0,1800.53,1801.13
1747750715889.0,1800.4,1801.0
1747750716114.0,1800.53,1801.13
1747750716343.0,1800.4,1801.0
1747750716562.0,1800.53,1801.13
1747750717992.0,1800.4,1801.0
1747750718335.0,1800.53,1801.13
1747750718608.0,1800.4,1801.0
1747750718831.0,1800.53,1801.13
1747750719543.0,1800.4,1801.0
1747750719768.0,1800.53,1801.13
1747750720117.0,1800.4,1801.0
1747750720340.0,1800.53,1801.13
1747750720966.0,1800.4,1801.0
1747750721222.0,1800.53,1801.13
1747750721557.0,1800.4,1801.0
1747750721782.0,1800.28,1800.88
1747750722308.0,1800.4,1801.0
1747750722643.0,1800.28,1800.88
1747750723250.0,1800.53,1801.13
1747750726120.0,1800.4,1801.0
1747750726345.0,1800.28,1800.88
1747750726571.0,1800.4,1801.0
1747750726979.0,1800.28,1800.88
1747750734263.0,1800.15,1800.75
1747750736121.0,1800.28,1800.88
1747750736341.0,1800.15,1800.75
1747750737439.0,1800.03,1800.63
1747750737663.0,1800.15,1800.75
1747750738214.0,1800.03,1800.63
1747750738440.0,1800.15,1800.75
1747750738663.0,1800.03,1800.63
1747750738888.0,1800.15,1800.75
1747750739114.0,1800.03,1800.63
1747750739527.0,1800.15,1800.75
1747750740264.0,1800.28,1800.88
1747750740630,,
1747750758070.0,1800.4,1801.0
1747750758290.0,1800.28,1800.88
1747750758681.0,1800.4,1801.0
1747750760132.0,1800.4,1801.0
1747750760480.0,1800.28,1800.88
1747750760704.0,1800.4,1801.0
1747750760995.0,1800.28,1800.88
1747750762621.0,1800.15,1800.75
1747750762944,,
1747750763276.0,1800.03,1800.63
1747750763725.0,1800.15,1800.75
1747750763950.0,1800.03,1800.63
1747750770777.0,1799.9,1800.5
1747750772168.0,1800.03,1800.63
1747750773007.0,1799.9,1800.5
1747750773244.0,1800.03,1800.63
1747750774016.0,1799.9,1800.5
1747750776003.0,1799.78,1800.38
1747750776228.0,1799.9,1800.5
1747750778405.0,1800.03,1800.63
1747750778630.0,1799.9,1800.5
1747750779210.0,1800.03,1800.63
1747750792567.0,1800.15,1800.75
1747750794527.0,1800.03,1800.63
1747750800465.0,1800.15,1800.75
1747750801184.0,1800.03,1800.63
1747750801407.0,1800.15,1800.75
1747750802522.0,1800.03,1800.63
1747750803316.0,1800.15,1800.75
1747750804491.0,1800.28,1800.88
1747750805579.0,1800.15,1800.75
1747750806045.0,1800.28,1800.88
1747750806871.0,1800.15,1800.75
1747750807095.0,1800.03,1800.63
1747750809605,,
1747750810383.0,1799.9,1800.5
1747750810606.0,1799.78,1800.38
1747750811569.0,1799.65,1800.25
1747750812096.0,1799.78,1800.38
1747750812322.0,1799.65,1800.25
1747750812547.0,1799.78,1800.38
1747750814861.0,1799.9,1800.5
1747750815087.0,1799.78,1800.38
1747750816721.0,1799.9,1800.5
1747750816945.0,1799.78,1800.38
1747750817169.0,1799.9,1800.5
1747750817620.0,1800.03,1800.63
1747750817898,,
1747750818124.0,1799.78,1800.38
1747750818363.0,1800.03,1800.63
1747750818589.0,1799.9,1800.5
1747750819457.0,1799.78,1800.38
1747750822621,,
1747750822846.0,1799.53,1800.13
1747750825116.0,1799.65,1800.25
1747750825343.0,1799.78,1800.38
1747750831104.0,1799.65,1800.25
1747750831430.0,1799.78,1800.38
1747750831655.0,1799.65,1800.25
1747750831991.0,1799.78,1800.38
1747750833868,,
1747750834066.0,1799.65,1800.25
1747750834283.0,1799.53,1800.13
1747750834506.0,1799.65,1800.25
1747750834732.0,1799.53,1800.13
1747750835778.0,1799.65,1800.25
1747750836003.0,1799.78,1800.38
1747750838153,,
1747750843770,,
1747750844072,,
1747750848832,,
1747750849864,,
1747750850784,,
1747750851808.0,1799.9,1800.5
1747750852030.0,1800.03,1800.63
1747750852255.0,1799.9,1800.5
1747750852909.0,1800.03,1800.63
1747750853259.0,1799.9,1800.5
1747750853576.0,1800.03,1800.63
1747750853803.0,1799.9,1800.5
1747750854250.0,1799.9,1800.5
1747750854474.0,1800.03,1800.63
1747750855114.0,1799.9,1800.5
1747750855603.0,1800.03,1800.63
1747750859276,,
1747750859509.0,1800.28,1800.88
1747750860435.0,1800.15,1800.75
1747750860660.0,1800.28,1800.88
1747750861352.0,1800.4,1801.0
1747750862668.0,1800.53,1801.13
1747750863768.0,1800.4,1801.0
1747750863993.0,1800.53,1801.13
1747750864322.0,1800.4,1801.0
1747750864547.0,1800.53,1801.13
1747750868484.0,1800.65,1801.25
1747750868754.0,1800.53,1801.13
1747750870267.0,1800.65,1801.25
1747750871843.0,1800.53,1801.13
1747750872578.0,1800.65,1801.25
1747750877013.0,1800.78,1801.38
1747750879743.0,1800.65,1801.25
1747750879965,,
1747750880538.0,1800.53,1801.13
1747750886543.0,1800.65,1801.25
1747750886765.0,1800.78,1801.38
1747750887531.0,1800.65,1801.25
1747750887859,,
1747750889873.0,1800.53,1801.13
1747750901785.0,1800.4,1801.0
1747750902008.0,1800.28,1800.88
1747750904296.0,1800.4,1801.0
1747750904522.0,1800.53,1801.13
1747750906121.0,1800.65,1801.25
1747750907944.0,1800.78,1801.38
1747750909411.0,1800.65,1801.25
1747750909634,,
1747750909859.0,1800.53,1801.13
1747750912940.0,1800.4,1801.0
1747750913163.0,1800.28,1800.88
1747750916508.0,1800.15,1800.75
1747750916734.0,1800.03,1800.63
1747750926907.0,1800.15,1800.75
1747750927132.0,1800.28,1800.88
1747750931388.0,1800.4,1801.0
1747750931613.0,1800.53,1801.13
1747750933681.0,1800.4,1801.0
1747750933908.0,1800.28,1800.88
1747750935879.0,1800.4,1801.0
1747750937618.0,1800.28,1800.88
1747750940845.0,1800.4,1801.0
1747750941969.0,1800.53,1801.13
1747750942192.0,1800.4,1801.0
1747750944112.0,1800.53,1801.13
1747750955692.0,1800.65,1801.25
1747750955917.0,1800.78,1801.38
1747750960327.0,1800.65,1801.25
1747750960552.0,1800.53,1801.13
1747750961039.0,1800.65,1801.25
1747750961448.0,1800.78,1801.38
1747750961672.0,1800.65,1801.25
1747750961896.0,1800.78,1801.38
1747750964781.0,1800.65,1801.25
1747750965005.0,1800.53,1801.13
1747750973367.0,1800.65,1801.25
1747750973592.0,1800.78,1801.38
1747750974463.0,1800.65,1801.25
1747750974687.0,1800.53,1801.13
1747750974914.0,1800.65,1801.25
1747750975319.0,1800.53,1801.13
1747750985746.0,1800.4,1801.0
1747750985968.0,1800.28,1800.88
1747750988566.0,1800.4,1801.0
1747750989318,,
1747750989430.0,1800.28,1800.88
1747750991094.0,1800.4,1801.0
1747750991504.0,1800.53,1801.13
1747750994311,,
1747751000046.0,1800.4,1801.0
1747751000268.0,1800.28,1800.88
1747751000614.0,1800.4,1801.0
1747751000951.0,1800.28,1800.88
1747751007761,,
1747751007915.0,1800.53,1801.13
1747751009243.0,1800.4,1801.0
1747751009466.0,1800.28,1800.88
1747751009803.0,1800.4,1801.0
1747751010491.0,1800.53,1801.13
1747751010714.0,1800.4,1801.0
1747751015014.0,1800.53,1801.13
1747751017462.0,1800.4,1801.0
1747751017684.0,1800.28,1800.88
1747751024418.0,1800.4,1801.0
1747751024643.0,1800.53,1801.13
1747751033243.0,1800.4,1801.0
1747751033662,,
1747751034515.0,1800.53,1801.13
1747751045119.0,1800.4,1801.0
1747751045340.0,1800.53,1801.13
1747751047135.0,1800.4,1801.0
1747751047358.0,1800.53,1801.13
1747751048096.0,1800.4,1801.0
1747751048581.0,1800.28,1800.88
1747751051091.0,1800.4,1801.0
1747751051316.0,1800.53,1801.13
1747751051826.0,1800.4,1801.0
1747751052050.0,1800.28,1800.88
1747751052688.0,1800.4,1801.0
1747751052912.0,1800.28,1800.88
1747751054117.0,1800.03,1800.63
1747751060879.0,1800.15,1800.75
1747751061379.0,1800.28,1800.88
1747751062044.0,1800.15,1800.75
1747751062268.0,1800.03,1800.63
1747751062536.0,1800.15,1800.75
1747751062932.0,1800.03,1800.63
1747751063381.0,1800.15,1800.75
1747751063607.0,1800.03,1800.63
1747751064590.0,1800.15,1800.75
1747751064817.0,1800.03,1800.63
1747751065169.0,1800.15,1800.75
1747751065395.0,1800.03,1800.63
1747751067554.0,1800.15,1800.75
1747751068276.0,1800.28,1800.88
1747751072774.0,1800.15,1800.75
1747751072999.0,1800.03,1800.63
1747751075827.0,1800.15,1800.75
1747751076066,,
1747751076781.0,1800.28,1800.88
1747751078429.0,1800.15,1800.75
1747751080075.0,1800.03,1800.63
1747751084010.0,1799.9,1800.5
1747751084235.0,1799.78,1800.38
1747751084459.0,1799.9,1800.5
1747751085006.0,1799.78,1800.38
1747751085451.0,1800.03,1800.63
1747751091639.0,1799.9,1800.5
1747751093095.0,1799.78,1800.38
1747751093275.0,1799.9,1800.5
1747751093636.0,1800.03,1800.63
1747751095479.0,1799.78,1800.38
1747751095928,,
1747751096562.0,1799.9,1800.5
1747751097011.0,1800.03,1800.63
1747751103784.0,1800.15,1800.75
1747751104006.0,1800.03,1800.63
1747751113088,,
1747751122382.0,1800.15,1800.75
1747751122609.0,1800.28,1800.88
1747751126070.0,1800.4,1801.0
1747751126295,,
1747751126521.0,1800.28,1800.88
1747751127385.0,1800.4,1801.0
1747751127829.0,1800.28,1800.88
1747751128052.0,1800.4,1801.0
1747751129066.0,1800.28,1800.88
1747751130871.0,1800.15,1800.75
1747751131097.0,1800.03,1800.63
1747751131771.0,1800.15,1800.75
1747751132493.0,1800.28,1800.88
1747751137748.0,1800.4,1801.0
1747751138450.0,1800.53,1801.13
1747751138675.0,1800.4,1801.0
1747751138902.0,1800.53,1801.13
1747751139603.0,1800.4,1801.0
1747751139828,,
1747751140603.0,1800.28,1800.88
1747751141399.0,1800.4,1801.0
1747751141652.0,1800.53,1801.13
1747751142186.0,1800.4,1801.0
1747751142765.0,1800.4,1801.0
1747751144611.0,1800.28,1800.88
1747751176270.0,1800.4,1801.0
1747751176496.0,1800.53,1801.13
1747751176720.0,1800.28,1800.88
1747751176946.0,1800.4,1801.0
1747751177858.0,1800.53,1801.13
1747751179123.0,1800.4,1801.0
1747751179347.0,1800.28,1800.88
1747751183524.0,1800.15,1800.75
1747751183750.0,1800.28,1800.88
1747751183972.0,1800.15,1800.75
1747751184571.0,1800.28,1800.88
1747751186788.0,1800.4,1801.0
1747751187582.0,1800.28,1800.88
1747751187808.0,1800.4,1801.0
1747751188038.0,1800.28,1800.88
1747751188963.0,1800.4,1801.0
1747751189186.0,1800.28,1800.88
1747751189413.0,1800.4,1801.0
1747751190697.0,1800.53,1801.13
1747751190921.0,1800.4,1801.0
1747751191146.0,1800.53,1801.13
1747751193118.0,1800.4,1801.0
1747751193342,,
1747751194974.0,1800.28,1800.88
1747751195833.0,1800.4,1801.0
1747751196840.0,1800.53,1801.13
1747751204716.0,1800.65,1801.25
1747751204939,,
1747751207591.0,1800.53,1801.13
1747751207814.0,1800.65,1801.25
1747751209259.0,1800.78,1801.38
1747751212964,,
1747751216870,,
1747751229323.0,1800.65,1801.25
1747751229546.0,1800.53,1801.13
1747751234475.0,1800.65,1801.25
1747751235040.0,1800.53,1801.13
1747751235755.0,1800.65,1801.25
1747751236187.0,1800.53,1801.13
1747751239731.0,1800.65,1801.25
1747751241547.0,1800.53,1801.13
1747751242487.0,1800.65,1801.25
1747751243443.0,1800.78,1801.38
1747751243684.0,1800.65,1801.25
1747751244911.0,1800.53,1801.13
1747751256944.0,1800.4,1801.0
1747751257423.0,1800.28,1800.88
1747751257648.0,1800.4,1801.0
1747751257952,,
1747751258434.0,1800.53,1801.13
1747751264702.0,1800.4,1801.0
1747751264925.0,1800.28,1800.88
1747751265748.0,1800.4,1801.0
1747751267044,,
1747751269193.0,1800.28,1800.88
1747751270618.0,1800.4,1801.0
1747751271155.0,1800.28,1800.88
1747751271455.0,1800.4,1801.0
1747751271976.0,1800.28,1800.88
1747751278935.0,1800.4,1801.0
1747751279385.0,1800.28,1800.88
1747751279837.0,1800.4,1801.0
1747751280058.0,1800.53,1801.13
1747751283469.0,1800.65,1801.25
1747751284446.0,1800.78,1801.38
1747751284671.0,1800.65,1801.25
1747751285300.0,1800.53,1801.13
1747751286194.0,1800.65,1801.25
1747751289093.0,1800.53,1801.13
1747751289542.0,1800.65,1801.25
1747751289766.0,1800.53,1801.13
1747751290022.0,1800.65,1801.25
1747751290243.0,1800.53,1801.13
1747751290835.0,1800.4,1801.0
1747751291058.0,1800.53,1801.13
1747751291285.0,1800.4,1801.0
1747751291509.0,1800.53,1801.13
1747751292459.0,1800.4,1801.0
1747751292674.0,1800.28,1800.88
1747751295990.0,1800.15,1800.75
1747751296213.0,1800.03,1800.63
1747751297046.0,1800.15,1800.75
1747751298458.0,1800.03,1800.63
1747751298682.0,1800.15,1800.75
1747751299748.0,1800.03,1800.63
1747751303813.0,1799.9,1800.5
1747751304039.0,1799.78,1800.38
1747751306125.0,1799.65,1800.25
1747751306349,,
1747751306574.0,1799.53,1800.13
1747751310254,,
1747751311960,,
1747751312186.0,1799.4,1800.0
1747751313699.0,1799.28,1799.88
1747751313917.0,1799.4,1800.0
1747751315832.0,1799.53,1800.13
1747751319153.0,1799.65,1800.25
1747751319377,,
1747751319986.0,1799.53,1800.13
1747751322335.0,1799.65,1800.25
1747751322636.0,1799.53,1800.13
1747751325989.0,1799.65,1800.25
1747751326213.0,1799.78,1800.38
1747751327103.0,1799.65,1800.25
1747751327327.0,1799.53,1800.13
1747751327885.0,1799.65,1800.25
1747751328232.0,1799.53,1800.13
1747751328630.0,1799.65,1800.25
1747751328855.0,1799.53,1800.13
1747751329159.0,1799.65,1800.25
1747751329596.0,1799.78,1800.38
1747751342226.0,1799.9,1800.5
1747751342450,,
1747751342675.0,1799.78,1800.38
1747751342902.0,1799.9,1800.5
1747751343125.0,1799.78,1800.38
1747751343480.0,1799.9,1800.5
1747751344780.0,1800.03,1800.63
1747751345006.0,1799.9,1800.5
1747751345232.0,1800.03,1800.63
1747751346055.0,1800.15,1800.75
1747751346279.0,1800.03,1800.63
1747751346897.0,1800.15,1800.75
1747751347184.0,1800.03,1800.63
1747751347636.0,1800.15,1800.75
1747751347860.0,1800.28,1800.88
1747751348370.0,1800.15,1800.75
1747751348756,,
1747751349243.0,1800.28,1800.88
1747751349466.0,1800.15,1800.75
1747751349961.0,1800.28,1800.88
1747751350187.0,1800.15,1800.75
1747751354609.0,1800.03,1800.63
1747751358934.0,1799.9,1800.5
1747751359157,,
1747751359990.0,1799.78,1800.38
1747751360214.0,1799.9,1800.5
1747751360439.0,1799.78,1800.38
1747751370931.0,1799.65,1800.25
1747751371156.0,1799.53,1800.13
1747751372216.0,1799.65,1800.25
1747751372442.0,1799.78,1800.38
1747751391332.0,1799.9,1800.5
1747751391557.0,1800.03,1800.63
1747751391783.0,1799.9,1800.5
1747751392011.0,1800.03,1800.63
1747751392236.0,1799.9,1800.5
1747751392631.0,1799.78,1800.38
1747751393131.0,1799.9,1800.5
1747751393485.0,1799.78,1800.38
1747751395891.0,1799.9,1800.5
1747751396271,,
1747751396567.0,1799.78,1800.38
1747751399470.0,1799.9,1800.5
1747751399965.0,1799.78,1800.38
1747751400229.0,1799.65,1800.25
1747751400465,,
1747751401593.0,1799.78,1800.38
1747751408304.0,1799.65,1800.25
1747751408749.0,1799.78,1800.38
1747751416688.0,1799.9,1800.5
1747751416912,,
1747751417139.0,1800.03,1800.63
1747751418031.0,1799.9,1800.5
1747751419155.0,1799.78,1800.38
1747751419379.0,1799.9,1800.5
1747751420142.0,1799.78,1800.38
1747751430449,,
1747751433429.0,1799.9,1800.5
1747751433652,,
1747751434332.0,1799.78,1800.38
1747751435027.0,1799.9,1800.5
1747751435252.0,1799.78,1800.38
1747751435480.0,1799.9,1800.5
1747751436103.0,1799.78,1800.38
1747751436327.0,1799.9,1800.5
1747751437990.0,1799.78,1800.38
1747751438251.0,1799.9,1800.5
1747751440715.0,1799.78,1800.38
1747751440940.0,1799.9,1800.5
1747751441165.0,1799.78,1800.38
1747751442314.0,1799.9,1800.5
1747751442867.0,1799.78,1800.38
1747751443278.0,1799.9,1800.5
1747751443683.0,1799.78,1800.38
1747751444421.0,1799.9,1800.5
1747751446077.0,1799.78,1800.38
1747751446354.0,1799.9,1800.5
1747751448334.0,1799.78,1800.38
1747751448729.0,1799.9,1800.5
1747751449655.0,1800.03,1800.63
1747751450117.0,1799.9,1800.5
1747751452204.0,1800.03,1800.63
1747751452649.0,1799.9,1800.5
1747751452952.0,1800.03,1800.63
1747751453580.0,1799.9,1800.5
1747751453857,,
1747751454093.0,1799.78,1800.38
1747751465298,,
1747751465523.0,1799.53,1800.13
1747751473764.0,1799.65,1800.25
1747751473991.0,1799.78,1800.38
1747751476498.0,1799.9,1800.5
1747751477612.0,1799.78,1800.38
1747751487354.0,1799.65,1800.25
1747751487834.0,1799.78,1800.38
1747751488068.0,1799.65,1800.25
1747751489425.0,1799.78,1800.38
1747751491692.0,1799.9,1800.5
1747751491917,,
1747751492191.0,1800.03,1800.63
1747751495216.0,1800.15,1800.75
1747751501884.0,1800.03,1800.63
1747751503497.0,1800.15,1800.75
1747751506942.0,1800.28,1800.88
1747751507492,,
1747751507715.0,1800.4,1801.0
1747751508110.0,1800.53,1801.13
1747751512541,,
1747751512765.0,1800.65,1801.25
1747751513087.0,1800.78,1801.38
1747751513539.0,1800.65,1801.25
1747751514218.0,1800.78,1801.38
1747751514443.0,1800.65,1801.25
1747751515457.0,1800.78,1801.38
1747751516194.0,1800.65,1801.25
1747751517323.0,1800.78,1801.38
1747751517546.0,1800.65,1801.25
1747751518506.0,1800.53,1801.13
1747751520007.0,1800.65,1801.25
1747751520228.0,1800.53,1801.13
1747751520726.0,1800.65,1801.25
1747751520950.0,1800.53,1801.13
1747751521835.0,1800.65,1801.25
1747751523159.0,1800.78,1801.38
1747751526634.0,1800.65,1801.25
1747751526859.0,1800.53,1801.13
1747751527085.0,1800.65,1801.25
1747751527767.0,1800.78,1801.38
1747751529161.0,1800.65,1801.25
1747751529441.0,1800.78,1801.38
1747751529666.0,1800.65,1801.25
1747751530015.0,1800.78,1801.38
1747751530281.0,1800.65,1801.25
1747751531194.0,1800.78,1801.38
1747751532383.0,1800.65,1801.25
1747751532663,,
1747751534408.0,1800.53,1801.13
1747751537088.0,1800.78,1801.38
1747751537313.0,1800.65,1801.25
1747751539352.0,1800.53,1801.13
1747751539934,,
1747751540149.0,1800.4,1801.0
1747751540473.0,1800.28,1800.88
1747751540705.0,1800.53,1801.13
1747751541275.0,1800.4,1801.0
1747751541781.0,1800.53,1801.13
1747751542004.0,1800.4,1801.0
1747751543188.0,1800.28,1800.88
1747751543412.0,1800.4,1801.0
1747751543637.0,1800.28,1800.88
1747751546304.0,1800.15,1800.75
1747751546528.0,1800.28,1800.88
1747751553066.0,1800.15,1800.75
1747751553281.0,1800.03,1800.63
1747751553968.0,1799.9,1800.5
1747751554191.0,1799.78,1800.38
1747751555248.0,1799.9,1800.5
1747751555473.0,1800.03,1800.63
1747751555698.0,1799.9,1800.5
1747751556013.0,1799.78,1800.38
1747751556609.0,1799.9,1800.5
1747751556899.0,1800.03,1800.63
1747751557124.0,1799.9,1800.5
1747751557348.0,1800.03,1800.63
1747751557656.0,1799.9,1800.5
1747751558258.0,1799.78,1800.38
1747751558481.0,1799.9,1800.5
1747751559004.0,1799.78,1800.38
1747751560558.0,1799.9,1800.5
1747751560786.0,1800.03,1800.63
1747751561274.0,1799.9,1800.5
1747751564502.0,1799.78,1800.38
1747751564725.0,1799.9,1800.5
1747751565731.0,1799.78,1800.38
1747751565953.0,1799.9,1800.5
1747751566551.0,1799.78,1800.38
1747751568091.0,1799.9,1800.5
1747751569721.0,1799.78,1800.38
1747751572278.0,1799.65,1800.25
1747751572830.0,1799.78,1800.38
1747751573054.0,1799.65,1800.25
1747751575013.0,1799.53,1800.13
1747751575310.0,1799.65,1800.25
1747751575534,,
1747751577744.0,1799.78,1800.38
1747751580209.0,1799.65,1800.25
1747751581072.0,1799.78,1800.38
1747751584678.0,1799.53,1800.13
1747751589488.0,1799.65,1800.25
1747751590058,,
1747751590413.0,1799.53,1800.13
1747751590644.0,1799.65,1800.25
1747751590861.0,1799.53,1800.13
1747751594410.0,1799.65,1800.25
1747751594831.0,1799.78,1800.38
1747751597114,,
1747751597497.0,1799.65,1800.25
1747751598737.0,1799.53,1800.13
1747751604228.0,1799.4,1800.0
1747751604451.0,1799.53,1800.13
1747751604902.0,1799.4,1800.0
1747751605640.0,1799.28,1799.88
1747751605865.0,1799.4,1800.0
1747751606245.0,1799.53,1800.13
1747751606468.0,1799.4,1800.0
1747751607450.0,1799.28,1799.88
1747751608756.0,1799.4,1800.0
1747751608980,,
1747751609248.0,1799.28,1799.88
1747751609471.0,1799.4,1800.0
1747751610220.0,1799.53,1800.13
1747751615887.0,1799.65,1800.25
1747751616112,,
1747751616787.0,1799.78,1800.38
1747751617013.0,1799.65,1800.25
1747751617238.0,1799.53,1800.13
1747751618224.0,1799.65,1800.25
1747751621073.0,1799.65,1800.25
1747751622251.0,1799.53,1800.13
1747751622687.0,1799.65,1800.25
1747751625791.0,1799.78,1800.38
1747751626133.0,1799.65,1800.25
1747751626355.0,1799.78,1800.38
1747751627652.0,1799.9,1800.5
1747751629251.0,1800.03,1800.63
1747751629925.0,1799.9,1800.5
1747751630488.0,1799.78,1800.38
1747751630711.0,1799.9,1800.5
1747751632745.0,1800.03,1800.63
1747751633004.0,1799.9,1800.5
1747751633231.0,1800.03,1800.63
1747751646403.0,1799.9,1800.5
1747751648434.0,1799.78,1800.38
1747751648792.0,1799.9,1800.5
1747751649015.0,1800.03,1800.63
1747751652654.0,1799.9,1800.5
1747751654425.0,1799.78,1800.38
1747751655116.0,1799.9,1800.5
1747751655447.0,1799.78,1800.38
1747751657496.0,1799.9,1800.5
1747751659655.0,1799.78,1800.38
1747751662133.0,1799.9,1800.5
1747751662527,,
1747751662628.0,1799.78,1800.38
1747751664086.0,1799.9,1800.5
1747751664857.0,1799.78,1800.38
1747751666913.0,1799.65,1800.25
1747751667467.0,1799.53,1800.13
1747751667690,,
1747751667916.0,1799.65,1800.25
1747751669077.0,1799.78,1800.38
1747751680238.0,1799.65,1800.25
1747751682005.0,1799.78,1800.38
1747751682225.0,1799.65,1800.25
1747751682451.0,1799.78,1800.38
1747751690106.0,1799.9,1800.5
1747751690329,,
1747751693232.0,1800.03,1800.63
1747751693455.0,1799.9,1800.5
1747751693790.0,1800.03,1800.63
1747751710893,,
1747751712303,,
1747751712773.0,1799.9,1800.5
1747751713635.0,1800.03,1800.63
1747751714204.0,1799.9,1800.5
1747751714760.0,1800.03,1800.63
1747751715214.0,1799.9,1800.5
1747751715572.0,1800.03,1800.63
1747751716126.0,1799.9,1800.5
1747751716350.0,1800.03,1800.63
1747751719493.0,1799.9,1800.5
1747751720256.0,1800.03,1800.63
1747751720936.0,1799.9,1800.5
1747751721160.0,1800.03,1800.63
1747751721418.0,1799.9,1800.5
1747751721721.0,1799.78,1800.38
1747751732259.0,1799.9,1800.5
1747751732482.0,1800.03,1800.63
1747751733024.0,1799.9,1800.5
1747751733249.0,1800.03,1800.63
1747751734437,,
1747751734662.0,1800.15,1800.75
1747751734884.0,1800.28,1800.88
1747751735109.0,1800.15,1800.75
1747751735410.0,1800.28,1800.88
1747751735635.0,1800.15,1800.75
1747751735880.0,1800.28,1800.88
1747751736285.0,1800.15,1800.75
1747751736508.0,1800.28,1800.88
1747751762746.0,1800.15,1800.75
1747751763205.0,1800.15,1800.75
1747751763430.0,1800.28,1800.88
1747751768676,,
1747751768900.0,1800.4,1801.0
1747751771053.0,1800.28,1800.88
1747751771433.0,1800.4,1801.0
1747751772731.0,1800.53,1801.13
1747751774307.0,1800.4,1801.0
1747751774530.0,1800.28,1800.88
1747751778262.0,1800.4,1801.0
1747751778476.0,1800.53,1801.13
1747751780717.0,1800.4,1801.0
1747751780939.0,1800.28,1800.88
1747751787989.0,1800.15,1800.75
1747751788458.0,1800.15,1800.75
1747751788684.0,1800.03,1800.63
1747751789387.0,1800.15,1800.75
1747751789677.0,1800.03,1800.63
1747751789902.0,1800.15,1800.75
1747751790182.0,1800.03,1800.63
1747751790461.0,1800.15,1800.75
1747751790966.0,1800.03,1800.63
1747751791614.0,1800.15,1800.75
1747751792195.0,1800.03,1800.63
1747751792508.0,1800.15,1800.75
1747751793625.0,1800.28,1800.88
1747751799975.0,1800.15,1800.75
1747751801048.0,1800.03,1800.63
1747751801274.0,1800.15,1800.75
1747751803217.0,1800.03,1800.63
1747751803443.0,1800.15,1800.75
1747751804129.0,1800.03,1800.63
1747751804778.0,1800.15,1800.75
1747751805103.0,1800.03,1800.63
1747751805689.0,1800.15,1800.75
1747751806681.0,1800.03,1800.63
1747751808906.0,1800.15,1800.75
1747751809130.0,1800.03,1800.63
1747751811681.0,1799.9,1800.5
1747751813188.0,1799.78,1800.38
1747751813458.0,1799.9,1800.5
1747751813922.0,1800.03,1800.63
1747751814149.0,1799.9,1800.5
1747751814823.0,1800.03,1800.63
1747751824690.0,1799.9,1800.5
1747751825263.0,1800.03,1800.63
1747751826721,,
1747751827938.0,1799.9,1800.5
1747751828526.0,1800.03,1800.63
1747751828898.0,1799.9,1800.5
1747751829219.0,1800.03,1800.63
1747751829769.0,1799.9,1800.5
1747751830709.0,1800.03,1800.63
1747751830933.0,1799.9,1800.5
1747751831158.0,1800.03,1800.63
1747751833545.0,1800.15,1800.75
1747751833995.0,1800.28,1800.88
1747751838446.0,1800.15,1800.75
1747751838670.0,1800.28,1800.88
1747751839299.0,1800.15,1800.75
1747751839767.0,1800.28,1800.88
1747751840216.0,1800.28,1800.88
1747751841247.0,1800.15,1800.75
1747751841667.0,1800.28,1800.88
1747751841905.0,1800.15,1800.75
1747751843432.0,1800.03,1800.63
1747751847893.0,1800.15,1800.75
1747751848722,,
1747751855787.0,1800.03,1800.63
1747751856421.0,1800.15,1800.75
1747751857393.0,1800.28,1800.88
1747751857685.0,1800.4,1801.0
1747751858393.0,1800.28,1800.88
1747751858619.0,1800.4,1801.0
1747751859903.0,1800.28,1800.88
1747751860126.0,1800.4,1801.0
1747751861349.0,1800.28,1800.88
1747751861628.0,1800.4,1801.0
1747751861850.0,1800.28,1800.88
1747751862082.0,1800.4,1801.0
1747751863980.0,1800.53,1801.13
1747751864296.0,1800.4,1801.0
1747751864672.0,1800.53,1801.13
1747751865068.0,1800.4,1801.0
1747751865878.0,1800.53,1801.13
1747751866103.0,1800.4,1801.0
1747751867318.0,1800.28,1800.88
1747751871433.0,1800.4,1801.0
1747751873807.0,1800.53,1801.13
1747751875705.0,1800.4,1801.0
1747751875926.0,1800.53,1801.13
1747751877755.0,1800.4,1801.0
1747751878303.0,1800.53,1801.13
1747751880915.0,1800.78,1801.38
1747751881140,,
1747751884452.0,1800.65,1801.25
1747751884947.0,1800.78,1801.38
1747751885171.0,1800.65,1801.25
1747751885396.0,1800.78,1801.38
1747751885846.0,1800.65,1801.25
1747751886325.0,1800.78,1801.38
1747751886775.0,1800.65,1801.25
1747751888564.0,1800.78,1801.38
1747751891140.0,1800.9,1801.5
1747751891365.0,1801.03,1801.63
1747751891590.0,1800.9,1801.5
1747751891814.0,1801.03,1801.63
1747751892076.0,1801.15,1801.75
1747751892527.0,1801.28,1801.88
1747751893351.0,1801.4,1802.0
1747751893576.0,1801.28,1801.88
1747751902985.0,1801.4,1802.0
1747751903208,,
1747751903602,,
1747751903814.0,1801.28,1801.88
1747751904039.0,1801.4,1802.0
1747751905606.0,1801.28,1801.88
1747751906023.0,1801.4,1802.0
1747751906313.0,1801.53,1802.13
1747751909519.0,1801.65,1802.25
1747751909742.0,1801.78,1802.38
1747751910259,,
1747751911361.0,1801.9,1802.5
1747751911673.0,1801.78,1802.38
1747751915286.0,1801.9,1802.5
1747751915689,,
1747751916172.0,1802.03,1802.63
1747751916396.0,1801.9,1802.5
1747751917403.0,1801.78,1802.38
1747751917630.0,1801.9,1802.5
1747751918111,,
1747751918534.0,1801.78,1802.38
1747751918757.0,1801.9,1802.5
1747751919430.0,1801.78,1802.38
1747751919655.0,1801.9,1802.5
1747751919879.0,1801.78,1802.38
1747751920107.0,1801.9,1802.5
1747751920725.0,1801.78,1802.38
1747751934696.0,1801.9,1802.5
1747751935363,,
1747751936011.0,1801.78,1802.38
1747751936486.0,1801.9,1802.5
1747751936710.0,1801.78,1802.38
1747751936936.0,1801.9,1802.5
1747751937384.0,1801.78,1802.38
1747751937611.0,1801.9,1802.5
1747751938547.0,1802.03,1802.63
1747751938770.0,1801.9,1802.5
1747751938996.0,1802.03,1802.63
1747751939447.0,1801.9,1802.5
1747751939897.0,1801.9,1802.5
1747751940546.0,1802.03,1802.63
1747751944323.0,1801.9,1802.5
1747751944902,,
1747751945019.0,1802.03,1802.63
1747751945909.0,1801.9,1802.5
1747751946589.0,1802.03,1802.63
1747751947040.0,1801.9,1802.5
1747751947524.0,1802.03,1802.63
1747751947911.0,1801.9,1802.5
1747751948133.0,1802.03,1802.63
1747751948358.0,1801.9,1802.5
1747751948582.0,1802.03,1802.63
1747751950637.0,1801.9,1802.5
1747751950861.0,1801.78,1802.38
1747751958716.0,1801.9,1802.5
1747751958940.0,1801.78,1802.38
1747751960218.0,1801.9,1802.5
1747751960669.0,1802.4,1803.0
1747751960894.0,1802.28,1802.88
1747751961349.0,1802.4,1803.0
1747751961568.0,1802.28,1802.88
1747751961793.0,1802.53,1803.13
1747751962647,,
1747751963197.0,1802.65,1803.25
1747751963422.0,1802.78,1803.38
1747751963645,,
1747751965556.0,1802.65,1803.25
1747751965780.0,1802.53,1803.13
1747751966711.0,1802.65,1803.25
1747751966934.0,1802.53,1803.13
1747751967160.0,1802.65,1803.25
1747751967384.0,1802.53,1803.13
1747751969157,,
1747751969380,,
1747751969846.0,1802.65,1803.25
1747751970085.0,1802.78,1803.38
1747751970535.0,1802.65,1803.25
1747751970749.0,1802.78,1803.38
1747751972935,,
1747751973228.0,1802.9,1803.5
1747751973455,,
1747751973679.0,1803.03,1803.63
1747751974099.0,1802.9,1803.5
1747751974545.0,1803.28,1803.88
1747751974769,,
1747751974996.0,1803.53,1804.13
1747751975737,,
1747751976142.0,1803.4,1804.0
1747751976363.0,1803.53,1804.13
1747751977114,,
1747751978802,,
1747751979832.0,1803.65,1804.25
1747751980650.0,1803.53,1804.13
1747751983206.0,1803.53,1804.13
1747751984977.0,1803.4,1804.0
1747751985204.0,1803.53,1804.13
1747752000703.0,1803.65,1804.25
1747752000926.0,1803.78,1804.38
1747752001922.0,1803.65,1804.25
1747752002146.0,1803.53,1804.13
1747752003196.0,1803.65,1804.25
1747752003417.0,1803.53,1804.13
1747752005575.0,1803.65,1804.25
1747752005797.0,1803.53,1804.13
1747752006022.0,1803.78,1804.38
1747752006247.0,1803.65,1804.25
1747752006622.0,1803.78,1804.38
1747752006846,,
1747752007830.0,1803.65,1804.25
1747752008051,,
1747752008278.0,1803.53,1804.13
1747752016270,,
1747752016445.0,1803.65,1804.25
1747752017049.0,1803.78,1804.38
1747752017541.0,1803.65,1804.25
1747752017766.0,1803.53,1804.13
1747752017991.0,1803.65,1804.25
1747752018664.0,1803.78,1804.38
1747752025732,,
1747752028906.0,1803.9,1804.5
1747752029778.0,1804.03,1804.63
1747752030002.0,1803.9,1804.5
1747752030227.0,1803.78,1804.38
1747752039003.0,1803.9,1804.5
1747752039231.0,1804.03,1804.63
1747752039456.0,1803.9,1804.5
1747752040071.0,1804.03,1804.63
1747752048211,,
1747752048341.0,1803.78,1804.38
1747752049115.0,1803.9,1804.5
1747752049340.0,1804.03,1804.63
1747752050017.0,1803.9,1804.5
1747752050252.0,1804.03,1804.63
1747752050898.0,1803.9,1804.5
1747752052346.0,1804.03,1804.63
1747752052571.0,1803.9,1804.5
1747752052836.0,1803.78,1804.38
1747752053067.0,1804.03,1804.63
1747752053726.0,1803.9,1804.5
1747752053951.0,1804.03,1804.63
1747752056014.0,1803.9,1804.5
1747752057368.0,1803.78,1804.38
1747752064137,,
1747752067657,,
1747752071243.0,1803.65,1804.25
1747752071468.0,1803.78,1804.38
1747752073657.0,1803.53,1804.13
1747752074465,,
1747752075534.0,1803.4,1804.0
1747752075757.0,1803.28,1803.88
1747752075982,,
1747752078072,,
1747752113303,,
1747752113469.0,1803.03,1803.63
1747752116537.0,1803.15,1803.75
1747752116760.0,1803.28,1803.88
1747752117678.0,1803.15,1803.75
1747752118127.0,1803.03,1803.63
1747752118936.0,1803.15,1803.75
1747752120062.0,1803.28,1803.88
1747752120736.0,1803.15,1803.75
1747752120960.0,1803.28,1803.88
1747752121409.0,1803.15,1803.75
1747752121986.0,1803.28,1803.88
1747752122210.0,1803.15,1803.75
1747752122767.0,1803.03,1803.63
1747752125682.0,1802.9,1803.5
1747752125905.0,1803.03,1803.63
1747752129860.0,1803.28,1803.88
1747752130805,,
1747752131803,,
1747752134708.0,1803.4,1804.0
1747752134936,,
1747752135637.0,1803.28,1803.88
1747752136581.0,1803.4,1804.0
1747752136807.0,1803.53,1804.13
1747752137031.0,1803.4,1804.0
1747752137673.0,1803.28,1803.88
1747752139667.0,1803.4,1804.0
1747752140255.0,1803.28,1803.88
1747752145668.0,1803.15,1803.75
1747752145905.0,1803.28,1803.88
1747752154849,,
1747752156939,,
1747752157165.0,1803.4,1804.0
1747752157388.0,1803.53,1804.13
1747752157952,,
1747752158726.0,1803.65,1804.25
1747752158951.0,1803.53,1804.13
1747752161714.0,1803.28,1803.88
1747752164556.0,1803.53,1804.13
1747752167525,,
1747752175386.0,1803.4,1804.0
1747752175608.0,1803.28,1803.88
1747752178664.0,1803.53,1804.13
1747752180097.0,1803.4,1804.0
1747752180319.0,1803.28,1803.88
1747752183369.0,1803.53,1804.13
1747752183587.0,1803.28,1803.88
1747752209187.0,1803.4,1804.0
1747752209410.0,1803.53,1804.13
1747752210295.0,1803.4,1804.0
1747752210923.0,1803.53,1804.13
1747752211149.0,1803.4,1804.0
1747752211373.0,1803.28,1803.88
1747752242793.0,1803.53,1804.13
1747752243108,,
1747752243242.0,1803.4,1804.0
1747752243569.0,1803.53,1804.13
1747752243792.0,1803.4,1804.0
1747752245542.0,1803.53,1804.13
1747752248089.0,1803.65,1804.25
1747752248296.0,1803.78,1804.38
1747752249222,,
1747752250544,,
1747752260438.0,1803.65,1804.25
1747752260662.0,1803.53,1804.13
1747752260887.0,1803.78,1804.38
1747752261558.0,1803.65,1804.25
1747752262148.0,1803.78,1804.38
1747752262497.0,1803.65,1804.25
1747752263115.0,1803.53,1804.13
1747752268562.0,1803.78,1804.38
1747752268833,,
1747752280236.0,1803.9,1804.5
1747752280463.0,1804.03,1804.63
1747752284843.0,1803.9,1804.5
1747752285071.0,1804.03,1804.63
1747752285561.0,1803.9,1804.5
1747752287786.0,1804.03,1804.63
1747752288802.0,1803.9,1804.5
1747752289825.0,1804.03,1804.63
1747752291123.0,1803.9,1804.5
1747752292711.0,1804.03,1804.63
1747752300862,,
1747752301097.0,1804.28,1804.88
1747752302565.0,1804.03,1804.63
1747752302804.0,1804.15,1804.75
1747752303015.0,1804.28,1804.88
1747752304566.0,1804.15,1804.75
1747752305157.0,1804.28,1804.88
1747752310353.0,1804.15,1804.75
1747752310577.0,1804.03,1804.63
1747752310816.0,1804.15,1804.75
1747752311723.0,1804.03,1804.63
1747752322102.0,1804.15,1804.75
1747752322556.0,1804.28,1804.88
1747752322817.0,1804.15,1804.75
1747752323041.0,1804.28,1804.88
1747752327395.0,1804.15,1804.75
1747752327686.0,1804.03,1804.63
1747752333190.0,1804.15,1804.75
1747752333574,,
1747752333683.0,1804.03,1804.63
1747752333908.0,1804.15,1804.75
1747752334134.0,1804.03,1804.63
1747752337227.0,1804.15,1804.75
1747752337767.0,1804.03,1804.63
1747752341741.0,1804.15,1804.75
1747752342415.0,1804.03,1804.63
1747752346140.0,1804.15,1804.75
1747752346629.0,1804.28,1804.88
1747752349927,,
1747752350153.0,1804.4,1805.0
1747752350391.0,1804.53,1805.13
1747752354651.0,1804.4,1805.0
1747752354877.0,1804.28,1804.88
1747752355126.0,1804.53,1805.13
1747752355350.0,1804.28,1804.88
1747752355605.0,1804.4,1805.0
1747752355829.0,1804.28,1804.88
1747752357848.0,1804.4,1805.0
1747752358074.0,1804.28,1804.88
1747752359085,,
1747752360118.0,1804.4,1805.0
1747752360410.0,1804.28,1804.88
1747752360634.0,1804.4,1805.0
1747752361425.0,1804.53,1805.13
1747752361732.0,1804.4,1805.0
1747752361956.0,1804.53,1805.13
1747752365407.0,1804.4,1805.0
1747752365632.0,1804.53,1805.13
1747752369394.0,1804.4,1805.0
1747752369745,,
1747752370594.0,1804.53,1805.13
1747752372440.0,1804.4,1805.0
1747752373054.0,1804.28,1804.88
1747752373278.0,1804.4,1805.0
1747752374208.0,1804.53,1805.13
1747752378228,,
1747752381174.0,1804.4,1805.0
1747752381545,,
1747752386048.0,1804.53,1805.13
1747752386274.0,1804.4,1805.0
1747752388763.0,1804.28,1804.88
1747752398771.0,1804.15,1804.75
1747752398995.0,1804.03,1804.63
1747752399336.0,1804.28,1804.88
1747752399903.0,1804.15,1804.75
1747752400226.0,1804.28,1804.88
1747752400450.0,1804.15,1804.75
1747752400674.0,1804.28,1804.88
1747752401047.0,1804.15,1804.75
1747752401271.0,1804.03,1804.63
1747752401528.0,1804.15,1804.75
1747752402409.0,1804.03,1804.63
1747752403255.0,1804.15,1804.75
1747752403582.0,1804.28,1804.88
1747752403969.0,1804.15,1804.75
1747752404492,,
1747752405875.0,1804.28,1804.88
1747752406880.0,1804.15,1804.75
1747752409814.0,1804.03,1804.63
1747752410038.0,1804.15,1804.75
1747752410688.0,1804.28,1804.88
1747752412055.0,1804.15,1804.75
1747752414191.0,1804.28,1804.88
1747752414415.0,1804.15,1804.75
1747752417691.0,1804.28,1804.88
1747752422953.0,1804.15,1804.75
1747752423573.0,1804.03,1804.63
1747752424292.0,1804.15,1804.75
1747752424518.0,1804.03,1804.63
1747752424985.0,1804.15,1804.75
1747752425508.0,1804.03,1804.63
1747752425732.0,1804.15,1804.75
1747752426721,,
1747752431607.0,1804.03,1804.63
1747752432096.0,1804.15,1804.75
1747752433425.0,1804.03,1804.63
1747752434758.0,1804.15,1804.75
1747752435060.0,1804.03,1804.63
1747752438982.0,1803.9,1804.5
1747752439207.0,1803.78,1804.38
1747752451517.0,1803.9,1804.5
1747752451741.0,1804.03,1804.63
1747752451971,,
1747752454379.0,1803.9,1804.5
1747752455887.0,1804.03,1804.63
1747752456111.0,1803.9,1804.5
1747752458161.0,1804.03,1804.63
1747752459489.0,1803.9,1804.5
1747752459713.0,1804.03,1804.63
1747752461585.0,1803.9,1804.5
1747752463077.0,1803.78,1804.38
1747752463426.0,1803.9,1804.5
1747752464761.0,1804.03,1804.63
1747752465084.0,1803.9,1804.5
1747752465823.0,1804.03,1804.63
1747752466047.0,1803.9,1804.5
1747752475055.0,1803.78,1804.38
1747752475639.0,1803.9,1804.5
1747752477021,,
1747752477302.0,1804.03,1804.63
1747752478742.0,1803.9,1804.5
1747752478966.0,1804.03,1804.63
1747752479956.0,1803.9,1804.5
1747752481348.0,1804.03,1804.63
1747752481841.0,1803.9,1804.5
1747752482072.0,1804.03,1804.63
1747752482347.0,1803.9,1804.5
1747752482893.0,1804.03,1804.63
1747752483117.0,1803.9,1804.5
1747752483342.0,1804.03,1804.63
1747752494252.0,1804.15,1804.75
1747752495509.0,1804.28,1804.88
1747752495726.0,1804.15,1804.75
1747752497879.0,1804.03,1804.63
1747752509321.0,1803.9,1804.5
1747752509545.0,1804.03,1804.63
1747752509769.0,1803.9,1804.5
1747752509994.0,1804.03,1804.63
1747752510220.0,1803.9,1804.5
1747752510687.0,1804.03,1804.63
1747752510912.0,1803.9,1804.5
1747752511137.0,1804.03,1804.63
1747752520306.0,1803.9,1804.5
1747752520587.0,1804.03,1804.63
1747752521188.0,1803.9,1804.5
1747752522111.0,1804.03,1804.63
1747752522911.0,1803.9,1804.5
1747752523363.0,1804.03,1804.63
1747752523587.0,1803.9,1804.5
1747752523812.0,1804.03,1804.63
1747752525895.0,1803.9,1804.5
1747752527133.0,1804.03,1804.63
1747752527583.0,1803.9,1804.5
1747752527895.0,1804.03,1804.63
1747752545564.0,1804.15,1804.75
1747752545787.0,1804.28,1804.88
1747752547404.0,1804.15,1804.75
1747752547623.0,1804.28,1804.88
1747752549603,,
1747752550273,,
1747752550442.0,1804.15,1804.75
1747752551724.0,1804.03,1804.63
1747752574702,,
1747752581973,,
1747752583603.0,1803.9,1804.5
1747752584373.0,1804.03,1804.63
1747752584608.0,1803.9,1804.5
1747752585034.0,1803.78,1804.38
1747752586629.0,1803.9,1804.5
1747752587079.0,1804.03,1804.63
1747752587303.0,1803.9,1804.5
1747752589188.0,1803.78,1804.38
1747752589477.0,1803.9,1804.5
1747752589929.0,1804.03,1804.63
1747752597835.0,1803.9,1804.5
1747752600549.0,1804.03,1804.63
1747752605132.0,1803.78,1804.38
1747752606304.0,1803.65,1804.25
1747752606525.0,1803.78,1804.38
1747752606751.0,1803.65,1804.25
1747752606974.0,1803.53,1804.13
1747752607457.0,1803.4,1804.0
1747752607682.0,1803.28,1803.88
1747752607916.0,1803.4,1804.0
1747752608770.0,1803.28,1803.88
1747752608995.0,1803.4,1804.0
1747752609506.0,1803.53,1804.13
1747752609730.0,1803.4,1804.0
1747752610457.0,1803.53,1804.13
1747752610923.0,1803.4,1804.0
1747752611148.0,1803.53,1804.13
1747752611885.0,1803.4,1804.0
1747752612108.0,1803.28,1803.88
1747752614107.0,1803.4,1804.0
1747752614329.0,1803.53,1804.13
1747752615017.0,1803.4,1804.0
1747752616004.0,1803.53,1804.13
1747752618092.0,1803.4,1804.0
1747752618316.0,1803.53,1804.13
1747752622071.0,1803.4,1804.0
1747752622288.0,1803.28,1803.88
1747752622514.0,1803.53,1804.13
1747752622994.0,1803.4,1804.0
1747752623774.0,1803.53,1804.13
1747752624106.0,1803.4,1804.0
1747752624635.0,1803.28,1803.88
1747752624975.0,1803.4,1804.0
1747752625202.0,1803.28,1803.88
1747752625540.0,1803.4,1804.0
1747752625776.0,1803.28,1803.88
1747752626002.0,1803.53,1804.13
1747752628506,,
1747752628738.0,1803.78,1804.38
1747752641654,,
1747752653890.0,1803.9,1804.5
1747752654113.0,1804.03,1804.63
1747752657233.0,1803.9,1804.5
1747752659116.0,1803.78,1804.38
1747752659366.0,1803.9,1804.5
1747752660203.0,1804.03,1804.63
1747752660427.0,1803.9,1804.5
1747752662489.0,1803.78,1804.38
1747752662711.0,1803.9,1804.5
1747752663788.0,1803.78,1804.38
1747752664010.0,1803.9,1804.5
1747752664239.0,1803.78,1804.38
1747752665251.0,1803.9,1804.5
1747752666769.0,1803.78,1804.38
1747752666992.0,1803.9,1804.5
1747752667227.0,1803.78,1804.38
1747752677554.0,1803.65,1804.25
1747752677777,,
1747752678499.0,1803.53,1804.13
1747752680573.0,1803.53,1804.13
1747752684108.0,1803.4,1804.0
1747752684332,,
1747752684793.0,1803.28,1803.88
1747752685017.0,1803.4,1804.0
1747752685472.0,1803.53,1804.13
1747752686161.0,1803.4,1804.0
1747752687046.0,1803.28,1803.88
1747752687503.0,1803.4,1804.0
1747752687946.0,1803.28,1803.88
1747752688186,,
1747752694983.0,1803.15,1803.75
1747752695552,,
1747752696142.0,1803.28,1803.88
1747752696363.0,1803.15,1803.75
1747752696615.0,1803.28,1803.88
1747752697345.0,1803.15,1803.75
1747752699113.0,1803.03,1803.63
1747752699334.0,1803.15,1803.75
1747752699823.0,1803.03,1803.63
1747752704784.0,1802.9,1803.5
1747752705235.0,1803.03,1803.63
1747752705458.0,1802.9,1803.5
1747752705770.0,1802.78,1803.38
1747752708479.0,1802.9,1803.5
1747752708736,,
1747752709741.0,1803.03,1803.63
1747752710076.0,1802.9,1803.5
1747752710302.0,1803.03,1803.63
1747752720450.0,1802.9,1803.5
1747752720821.0,1803.03,1803.63
1747752721450,,
1747752722369.0,1803.15,1803.75
1747752722593,,
1747752723823.0,1803.03,1803.63
1747752737078.0,1803.15,1803.75
1747752737303.0,1803.28,1803.88
1747752737528.0,1803.4,1804.0
1747752737886.0,1803.53,1804.13
1747752738337.0,1803.53,1804.13
1747752739595.0,1803.4,1804.0
1747752739820.0,1803.53,1804.13
1747752742042.0,1803.4,1804.0
1747752742256,,
1747752743937.0,1803.53,1804.13
1747752744163.0,1803.4,1804.0
1747752745089.0,1803.53,1804.13
1747752745541.0,1803.4,1804.0
1747752746066.0,1803.53,1804.13
1747752754184.0,1803.65,1804.25
1747752755688.0,1803.53,1804.13
1747752757149.0,1803.4,1804.0
1747752757591.0,1803.53,1804.13
1747752759842.0,1803.4,1804.0
1747752760565.0,1803.28,1803.88
1747752760787.0,1803.4,1804.0
1747752762460.0,1803.4,1804.0
1747752762692.0,1803.53,1804.13
1747752770578.0,1803.4,1804.0
1747752770802.0,1803.53,1804.13
1747752780726.0,1803.4,1804.0
1747752782988.0,1803.53,1804.13
1747752784843.0,1803.4,1804.0
1747752785265.0,1803.53,1804.13
1747752791626,,
1747752791851.0,1803.78,1804.38
1747752794125.0,1803.65,1804.25
1747752794898.0,1803.78,1804.38
1747752795128.0,1803.65,1804.25
1747752795347.0,1803.78,1804.38
1747752802027.0,1803.65,1804.25
1747752802253.0,1803.78,1804.38
1747752802477.0,1803.65,1804.25
1747752802830.0,1803.78,1804.38
1747752806482,,
1747752806917.0,1803.65,1804.25
1747752807180.0,1803.78,1804.38
1747752815407.0,1803.65,1804.25
1747752816206.0,1803.53,1804.13
1747752816664.0,1803.65,1804.25
1747752818373.0,1803.53,1804.13
1747752818592.0,1803.78,1804.38
1747752819192.0,1803.65,1804.25
1747752819415.0,1803.78,1804.38
1747752819716.0,1803.65,1804.25
1747752823982.0,1803.78,1804.38
1747752824199.0,1803.65,1804.25
1747752826274.0,1803.53,1804.13
1747752831599.0,1803.65,1804.25
1747752835588.0,1803.78,1804.38
1747752837991,,
1747752839577.0,1803.65,1804.25
1747752841411.0,1803.53,1804.13
1747752841636.0,1803.65,1804.25
1747752842691.0,1803.53,1804.13
1747752846720,,
1747752849593.0,1803.65,1804.25
1747752849815,,
1747752852595.0,1803.53,1804.13
1747752854220.0,1803.65,1804.25
1747752856494.0,1803.78,1804.38
1747752874243.0,1803.65,1804.25
1747752874691.0,1803.78,1804.38
1747752879386.0,1803.65,1804.25
1747752880815.0,1803.78,1804.38
1747752881053.0,1803.65,1804.25
1747752881851.0,1803.65,1804.25
1747752882214.0,1803.53,1804.13
1747752886494.0,1803.65,1804.25
1747752888435.0,1803.53,1804.13
1747752888779.0,1803.65,1804.25
1747752889145.0,1803.53,1804.13
1747752903064,,
1747752903449.0,1803.65,1804.25
1747752904027.0,1803.53,1804.13
1747752904254.0,1803.65,1804.25
1747752905239.0,1803.78,1804.38
1747752909231.0,1803.65,1804.25
1747752909453.0,1803.53,1804.13
1747752909678.0,1803.65,1804.25
1747752910644.0,1803.78,1804.38
1747752910869.0,1803.65,1804.25
1747752911680.0,1803.53,1804.13
1747752911904.0,1803.65,1804.25
1747752912241.0,1803.78,1804.38
1747752912651.0,1803.65,1804.25
1747752913328.0,1803.78,1804.38
1747752914506.0,1803.65,1804.25
1747752914956.0,1803.78,1804.38
1747752920302.0,1803.65,1804.25
1747752921203.0,1803.53,1804.13
1747752921424.0,1803.65,1804.25
1747752923521.0,1803.78,1804.38
1747752923744.0,1803.65,1804.25
1747752925563.0,1803.78,1804.38
1747752925788.0,1803.65,1804.25
1747752926933.0,1803.53,1804.13
1747752931055.0,1803.65,1804.25
1747752934703.0,1803.78,1804.38
1747752952716.0,1803.65,1804.25
1747752956721.0,1803.78,1804.38
1747752956945.0,1803.65,1804.25
1747752957210.0,1803.53,1804.13
1747752958340.0,1803.65,1804.25
1747752959250.0,1803.78,1804.38
1747752959473.0,1803.65,1804.25
1747752961673.0,1803.78,1804.38
1747752962604.0,1803.65,1804.25
1747752962828.0,1803.78,1804.38
1747752963303.0,1803.65,1804.25
1747752963639.0,1803.78,1804.38
1747752964090.0,1803.65,1804.25
1747752964602.0,1803.78,1804.38
1747752965053.0,1803.65,1804.25
1747752965278.0,1803.78,1804.38
1747752965821.0,1803.65,1804.25
1747752966514.0,1803.78,1804.38
1747752966737.0,1803.65,1804.25
1747752968203.0,1803.78,1804.38
1747752969037.0,1803.65,1804.25
1747752970655.0,1803.78,1804.38
1747752971066.0,1803.65,1804.25
1747752971724.0,1803.53,1804.13
1747752971947.0,1803.65,1804.25
1747752973169.0,1803.78,1804.38
1747752973615.0,1803.65,1804.25
1747752973978.0,1803.78,1804.38
1747752974214.0,1803.53,1804.13
1747752975191.0,1803.65,1804.25
1747752978361.0,1803.78,1804.38
1747752979076.0,1803.65,1804.25
1747752980379.0,1803.78,1804.38
1747752980640.0,1803.65,1804.25
1747752981012.0,1803.78,1804.38
1747752990385.0,1803.65,1804.25
1747752991534.0,1803.78,1804.38
1747752991985.0,1803.65,1804.25
1747752992202.0,1803.78,1804.38
1747752992435.0,1803.65,1804.25
1747752993194.0,1803.53,1804.13
1747752994210.0,1803.65,1804.25
1747752994798.0,1803.53,1804.13
1747752995019.0,1803.65,1804.25
1747752996421.0,1803.53,1804.13
1747752996831.0,1803.65,1804.25
1747752997348.0,1803.53,1804.13
1747752998145.0,1803.65,1804.25
1747752998991.0,1803.53,1804.13
1747752999818.0,1803.65,1804.25
1747753000419.0,1803.53,1804.13
1747753002189.0,1803.65,1804.25
1747753004191.0,1803.53,1804.13
1747753004415.0,1803.65,1804.25
1747753007950.0,1803.53,1804.13
1747753008529.0,1803.65,1804.25
1747753009442.0,1803.53,1804.13
1747753009948.0,1803.65,1804.25
1747753010171.0,1803.53,1804.13
1747753010940.0,1803.65,1804.25
1747753011646.0,1803.53,1804.13
1747753012088.0,1803.4,1804.0
1747753012313.0,1803.53,1804.13
1747753012537.0,1803.4,1804.0
1747753014409.0,1803.28,1803.88
1747753015485.0,1803.4,1804.0
1747753015708.0,1803.28,1803.88
1747753015932.0,1803.4,1804.0
1747753016707.0,1803.53,1804.13
1747753016933.0,1803.4,1804.0
1747753017156.0,1803.53,1804.13
1747753017383.0,1803.4,1804.0
1747753018044.0,1803.28,1803.88
1747753018268.0,1803.4,1804.0
1747753019160.0,1803.28,1803.88
1747753023424,,
1747753023650.0,1803.15,1803.75
1747753023874.0,1803.03,1803.63
1747753024564.0,1803.15,1803.75
1747753024868.0,1803.28,1803.88
1747753038155.0,1803.15,1803.75
1747753038930.0,1803.28,1803.88
1747753040266.0,1803.03,1803.63
1747753040715.0,1803.15,1803.75
1747753041591.0,1803.03,1803.63
1747753041815.0,1803.15,1803.75
1747753042710.0,1803.28,1803.88
1747753042980.0,1803.15,1803.75
1747753043656.0,1803.03,1803.63
1747753046556.0,1802.9,1803.5
1747753046782.0,1803.03,1803.63
1747753047008.0,1802.9,1803.5
1747753047233.0,1803.03,1803.63
1747753053141.0,1802.9,1803.5
1747753053365.0,1803.03,1803.63
1747753054468.0,1802.9,1803.5
1747753054692.0,1803.03,1803.63
1747753054918.0,1802.9,1803.5
1747753055143.0,1803.03,1803.63
1747753057142.0,1802.9,1803.5
1747753057827.0,1803.03,1803.63
1747753059673.0,1802.9,1803.5
1747753060044.0,1802.78,1803.38
1747753060314.0,1802.65,1803.25
1747753060538,,
1747753060990.0,1802.78,1803.38
1747753061215.0,1802.65,1803.25
1747753061441.0,1802.53,1803.13
1747753062466.0,1802.4,1803.0
1747753063092.0,1802.28,1802.88
1747753063316.0,1802.4,1803.0
1747753063540.0,1802.28,1802.88
1747753063994.0,1802.15,1802.75
1747753064220,,
1747753064706.0,1802.28,1802.88
1747753064930.0,1802.15,1802.75
1747753065908.0,1802.03,1802.63
1747753066132.0,1802.15,1802.75
1747753066357.0,1802.03,1802.63
1747753066582.0,1802.15,1802.75
1747753066928.0,1802.28,1802.88
1747753067972.0,1802.15,1802.75
1747753068377.0,1802.03,1802.63
1747753073153.0,1802.15,1802.75
1747753073379.0,1802.28,1802.88
1747753074010.0,1802.4,1803.0
1747753074233.0,1802.28,1802.88
1747753074883.0,1802.4,1803.0
1747753075131.0,1802.28,1802.88
1747753075358.0,1802.4,1803.0
1747753075882.0,1802.28,1802.88
1747753076387.0,1802.4,1803.0
1747753076611.0,1802.28,1802.88
1747753077477.0,1802.4,1803.0
1747753077704.0,1802.28,1802.88
1747753078152.0,1802.4,1803.0
1747753079461.0,1802.28,1802.88
1747753080021.0,1802.15,1802.75
1747753080244.0,1802.28,1802.88
1747753082268.0,1802.15,1802.75
1747753083012.0,1802.28,1802.88
1747753087286.0,1802.4,1803.0
1747753087510.0,1802.28,1802.88
1747753089869.0,1802.4,1803.0
1747753090092.0,1802.28,1802.88
1747753092425.0,1802.4,1803.0
1747753093197.0,1802.53,1803.13
1747753095282.0,1802.4,1803.0
1747753096062.0,1802.28,1802.88
1747753096349.0,1802.15,1802.75
1747753096652.0,1802.03,1802.63
1747753097998.0,1801.9,1802.5
1747753098223.0,1802.03,1802.63
1747753098448.0,1801.9,1802.5
1747753098904.0,1801.78,1802.38
1747753099478.0,1801.9,1802.5
1747753099705.0,1801.78,1802.38
1747753101291.0,1801.9,1802.5
1747753101515.0,1801.78,1802.38
1747753103671.0,1801.9,1802.5
1747753104156.0,1801.78,1802.38
1747753106854.0,1801.9,1802.5
1747753107370.0,1801.78,1802.38
1747753110334.0,1801.65,1802.25
1747753110558.0,1801.78,1802.38
1747753113834.0,1801.65,1802.25
1747753114577.0,1801.53,1802.13
1747753117417.0,1801.65,1802.25
1747753118058.0,1801.53,1802.13
1747753118890.0,1801.4,1802.0
1747753119517.0,1801.28,1801.88
1747753120138.0,1801.4,1802.0
1747753123044.0,1801.53,1802.13
1747753124789.0,1801.4,1802.0
1747753125363.0,1801.53,1802.13
1747753129489.0,1801.4,1802.0
1747753129714.0,1801.53,1802.13
1747753129937.0,1801.4,1802.0
1747753130163.0,1801.53,1802.13
1747753130957.0,1801.4,1802.0
1747753131415.0,1801.53,1802.13
1747753141880.0,1801.65,1802.25
1747753142105,,
1747753142330.0,1801.53,1802.13
1747753143249.0,1801.65,1802.25
1747753143587.0,1801.53,1802.13
1747753146418.0,1801.65,1802.25
1747753146642.0,1801.78,1802.38
1747753147093.0,1801.53,1802.13
1747753148320.0,1801.65,1802.25
1747753148838.0,1801.53,1802.13
1747753149066.0,1801.65,1802.25
1747753150437.0,1801.78,1802.38
1747753151712.0,1801.65,1802.25
1747753151936.0,1801.78,1802.38
1747753152394.0,1801.65,1802.25
1747753152674.0,1801.78,1802.38
1747753152920.0,1801.65,1802.25
1747753154628.0,1801.78,1802.38
1747753156334.0,1801.9,1802.5
1747753156559.0,1801.78,1802.38
1747753157811.0,1801.9,1802.5
1747753158035.0,1801.78,1802.38
1747753159518.0,1801.65,1802.25
1747753160555.0,1801.78,1802.38
1747753160780.0,1801.65,1802.25
1747753163974.0,1801.78,1802.38
1747753164852.0,1801.65,1802.25
1747753165077.0,1801.78,1802.38
1747753165304.0,1801.65,1802.25
1747753165903.0,1801.78,1802.38
1747753166123.0,1801.65,1802.25
1747753167453.0,1801.78,1802.38
1747753168097.0,1801.65,1802.25
1747753169301.0,1801.78,1802.38
1747753169522.0,1801.65,1802.25
1747753169807.0,1801.78,1802.38
1747753170031.0,1801.65,1802.25
1747753175623.0,1801.78,1802.38
1747753176346.0,1801.65,1802.25
1747753176725.0,1801.78,1802.38
1747753177520.0,1801.65,1802.25
1747753177804.0,1801.78,1802.38
1747753179247.0,1801.53,1802.13
1747753179534,,
1747753179697.0,1801.78,1802.38
1747753179921.0,1801.65,1802.25
1747753181185.0,1801.53,1802.13
1747753183695.0,1801.65,1802.25
1747753183919.0,1801.53,1802.13
1747753185204.0,1801.4,1802.0
1747753185429,,
1747753186458.0,1801.53,1802.13
1747753186686.0,1801.4,1802.0
1747753187270.0,1801.28,1801.88
1747753187718.0,1801.4,1802.0
1747753187945.0,1801.28,1801.88
1747753188528.0,1801.15,1801.75
1747753188753.0,1801.28,1801.88
1747753189245.0,1801.15,1801.75
1747753190162.0,1801.03,1801.63
1747753190403.0,1801.15,1801.75
1747753191500.0,1801.28,1801.88
1747753192237.0,1801.15,1801.75
1747753192791.0,1801.03,1801.63
1747753193017.0,1801.15,1801.75
1747753193625.0,1801.03,1801.63
1747753193849.0,1801.15,1801.75
1747753194512.0,1801.28,1801.88
1747753194736.0,1801.15,1801.75
1747753194978.0,1801.28,1801.88
1747753200265.0,1801.15,1801.75
1747753200489.0,1801.03,1801.63
1747753201132.0,1800.9,1801.5
1747753201605.0,1801.03,1801.63
1747753201824.0,1800.9,1801.5
1747753202046.0,1801.03,1801.63
1747753202461.0,1800.9,1801.5
1747753203485.0,1800.78,1801.38
1747753203719.0,1800.9,1801.5
1747753204054.0,1800.78,1801.38
1747753204280.0,1800.9,1801.5
1747753204793.0,1801.03,1801.63
1747753205693.0,1801.15,1801.75
1747753206052.0,1801.28,1801.88
1747753206277.0,1801.15,1801.75
1747753206634.0,1801.03,1801.63
1747753206910.0,1800.9,1801.5
1747753207135.0,1801.03,1801.63
1747753207811.0,1800.9,1801.5
1747753208760.0,1800.78,1801.38
1747753211379.0,1800.65,1801.25
1747753213038.0,1800.53,1801.13
1747753213270.0,1800.65,1801.25
1747753213724.0,1800.78,1801.38
1747753215927.0,1800.65,1801.25
1747753216150.0,1800.78,1801.38
1747753217103.0,1800.65,1801.25
1747753218616.0,1800.53,1801.13
1747753218841.0,1800.65,1801.25
1747753219215.0,1800.53,1801.13
1747753219439.0,1800.65,1801.25
1747753220005.0,1800.78,1801.38
1747753222840.0,1800.65,1801.25
1747753223731.0,1800.53,1801.13
1747753224971.0,1800.65,1801.25
1747753225195.0,1800.53,1801.13
1747753225885.0,1800.65,1801.25
1747753226108.0,1800.53,1801.13
1747753226545.0,1800.65,1801.25
1747753227044.0,1800.78,1801.38
1747753227681.0,1801.03,1801.63
1747753228104.0,1800.9,1801.5
1747753228659.0,1801.03,1801.63
1747753228905.0,1800.9,1801.5
1747753229902.0,1800.78,1801.38
1747753230131.0,1800.9,1801.5
1747753230604.0,1801.03,1801.63
1747753230828.0,1800.9,1801.5
1747753231573.0,1801.03,1801.63
1747753231895.0,1800.9,1801.5
1747753232344,,
1747753233438.0,1800.78,1801.38
1747753234892.0,1800.9,1801.5
1747753235334.0,1801.03,1801.63
1747753235983.0,1800.9,1801.5
1747753236741.0,1800.78,1801.38
1747753236917.0,1800.9,1801.5
1747753237954.0,1801.03,1801.63
1747753238429.0,1800.9,1801.5
1747753239717.0,1800.78,1801.38
1747753239942.0,1800.9,1801.5
1747753240943.0,1801.03,1801.63
1747753241691.0,1801.15,1801.75
1747753241915.0,1801.03,1801.63
1747753242140.0,1801.15,1801.75
1747753243455.0,1801.28,1801.88
1747753244875.0,1801.15,1801.75
1747753245106.0,1801.28,1801.88
1747753247531.0,1801.15,1801.75
1747753247755.0,1801.28,1801.88
1747753249726.0,1801.4,1802.0
1747753250292.0,1801.28,1801.88
1747753252151.0,1801.15,1801.75
1747753252403,,
1747753253008.0,1801.28,1801.88
1747753253571.0,1801.15,1801.75
1747753253796.0,1801.28,1801.88
1747753255124.0,1801.15,1801.75
1747753255350.0,1801.28,1801.88
1747753257026.0,1801.4,1802.0
1747753257251.0,1801.28,1801.88
1747753261371.0,1801.4,1802.0
1747753262597.0,1801.28,1801.88
1747753262908.0,1801.4,1802.0
1747753263519.0,1801.28,1801.88
1747753263938.0,1801.4,1802.0
1747753264163.0,1801.28,1801.88
1747753266453.0,1801.15,1801.75
1747753266904.0,1801.03,1801.63
1747753267932.0,1800.9,1801.5
1747753268383.0,1801.03,1801.63
1747753268979.0,1800.9,1801.5
1747753269206.0,1801.03,1801.63
1747753269932.0,1801.28,1801.88
1747753273786.0,1801.15,1801.75
1747753274010.0,1801.28,1801.88
1747753277769.0,1801.4,1802.0
1747753278061,,
1747753278220.0,1801.28,1801.88
1747753282241.0,1801.15,1801.75
1747753283178.0,1801.03,1801.63
1747753283627.0,1801.15,1801.75
1747753283883.0,1801.03,1801.63
1747753284108.0,1801.15,1801.75
1747753285783.0,1801.28,1801.88
1747753286785.0,1801.15,1801.75
1747753290683.0,1801.28,1801.88
1747753290908.0,1801.15,1801.75
1747753291132.0,1801.28,1801.88
1747753293292.0,1801.15,1801.75
1747753293652.0,1801.28,1801.88
1747753293877.0,1801.15,1801.75
1747753294395.0,1801.28,1801.88
1747753294621.0,1801.15,1801.75
1747753296568.0,1801.28,1801.88
1747753296920.0,1801.4,1802.0
1747753297144.0,1801.28,1801.88
1747753303478.0,1801.15,1801.75
1747753303703,,
1747753304903.0,1801.03,1801.63
1747753305564.0,1800.9,1801.5
1747753306207.0,1801.03,1801.63
1747753306856.0,1800.9,1801.5
1747753307080.0,1801.03,1801.63
1747753308119.0,1800.9,1801.5
1747753308343.0,1801.03,1801.63
1747753308887.0,1800.9,1801.5
1747753309109.0,1801.03,1801.63
1747753314275.0,1800.9,1801.5
1747753314502.0,1801.03,1801.63
1747753320055.0,1800.9,1801.5
1747753320504.0,1801.03,1801.63
1747753321149.0,1800.9,1801.5
1747753321374.0,1801.03,1801.63
1747753321611.0,1800.9,1801.5
1747753321835.0,1801.03,1801.63
1747753322212.0,1800.9,1801.5
1747753322435.0,1801.03,1801.63
1747753323274.0,1801.15,1801.75
1747753324756.0,1801.03,1801.63
1747753325254.0,1801.15,1801.75
1747753325479.0,1801.03,1801.63
1747753328056.0,1800.9,1801.5
1747753328507.0,1801.03,1801.63
1747753328731.0,1800.9,1801.5
1747753328956.0,1801.03,1801.63
1747753330683.0,1800.9,1801.5
1747753330949.0,1801.03,1801.63
1747753331184.0,1800.9,1801.5
1747753331408.0,1801.03,1801.63
1747753332790.0,1801.15,1801.75
1747753333015.0,1801.03,1801.63
1747753333641.0,1801.15,1801.75
1747753334005.0,1801.28,1801.88
1747753334677.0,1801.15,1801.75
1747753335187.0,1801.03,1801.63
1747753335533.0,1801.15,1801.75
1747753336546.0,1801.03,1801.63
1747753336771.0,1801.15,1801.75
1747753337044.0,1801.03,1801.63
1747753339395.0,1800.9,1801.5
1747753339621.0,1801.03,1801.63
1747753344472.0,1800.9,1801.5
1747753344779.0,1801.03,1801.63
1747753345237.0,1800.9,1801.5
1747753346152.0,1801.03,1801.63
1747753346375.0,1800.9,1801.5
1747753347321.0,1801.03,1801.63
1747753347639.0,1800.9,1801.5
1747753347865.0,1801.03,1801.63
1747753351175.0,1801.15,1801.75
1747753353361.0,1801.03,1801.63
1747753354032.0,1801.15,1801.75
1747753356611.0,1801.28,1801.88
1747753359242.0,1801.15,1801.75
1747753359469.0,1801.28,1801.88
1747753367897.0,1801.15,1801.75
1747753368123.0,1801.28,1801.88
1747753368949.0,1801.15,1801.75
1747753369174.0,1801.28,1801.88
1747753386984.0,1801.15,1801.75
1747753387210.0,1801.28,1801.88
1747753388844.0,1801.15,1801.75
1747753389293.0,1801.15,1801.75
1747753390363.0,1801.03,1801.63
1747753390587.0,1801.15,1801.75
1747753392649.0,1801.28,1801.88
1747753397157.0,1801.4,1802.0
1747753397384,,
1747753397606.0,1801.53,1802.13
1747753398170.0,1801.4,1802.0
1747753399625.0,1801.53,1802.13
1747753419657.0,1801.4,1802.0
1747753420131,,
1747753420230.0,1801.28,1801.88
1747753420368.0,1801.4,1802.0
1747753420665.0,1801.28,1801.88
1747753420890.0,1801.4,1802.0
1747753422682.0,1801.53,1802.13
1747753429328.0,1801.65,1802.25
1747753429552.0,1801.78,1802.38
1747753435967.0,1801.65,1802.25
1747753436191.0,1801.78,1802.38
1747753437752.0,1801.65,1802.25
1747753443219.0,1801.53,1802.13
1747753443443.0,1801.65,1802.25
1747753444768.0,1801.53,1802.13
1747753444995.0,1801.65,1802.25
1747753445667.0,1801.53,1802.13
1747753446082.0,1801.65,1802.25
1747753447860.0,1801.53,1802.13
1747753448209.0,1801.65,1802.25
1747753450309.0,1801.53,1802.13
1747753451209.0,1801.4,1802.0
1747753451432.0,1801.53,1802.13
1747753454679.0,1801.4,1802.0
1747753455136.0,1801.53,1802.13
1747753455516.0,1801.4,1802.0
1747753458061.0,1801.28,1801.88
1747753458288.0,1801.4,1802.0
1747753458511.0,1801.28,1801.88
1747753458737.0,1801.4,1802.0
1747753459207.0,1801.28,1801.88
1747753459431.0,1801.53,1802.13
1747753459657.0,1801.4,1802.0
1747753460373.0,1801.53,1802.13
1747753463808.0,1801.4,1802.0
1747753464033.0,1801.53,1802.13
1747753472674.0,1801.4,1802.0
1747753472899.0,1801.53,1802.13
1747753479899.0,1801.4,1802.0
1747753480192.0,1801.28,1801.88
1747753480413.0,1801.4,1802.0
1747753482842.0,1801.28,1801.88
1747753483068.0,1801.4,1802.0
1747753485878.0,1801.28,1801.88
1747753486102.0,1801.4,1802.0
1747753486694.0,1801.53,1802.13
1747753486985.0,1801.4,1802.0
1747753487461.0,1801.53,1802.13
1747753487684.0,1801.4,1802.0
1747753492261.0,1801.53,1802.13
1747753492486.0,1801.4,1802.0
1747753497961.0,1801.28,1801.88
1747753498185.0,1801.4,1802.0
1747753499267.0,1801.28,1801.88
1747753499596.0,1801.4,1802.0
1747753499822.0,1801.28,1801.88
1747753500272.0,1801.4,1802.0
1747753502686.0,1801.53,1802.13
1747753502947.0,1801.4,1802.0
1747753503174.0,1801.53,1802.13
1747753503399.0,1801.4,1802.0
1747753504212.0,1801.53,1802.13
1747753507162.0,1801.4,1802.0
1747753509689.0,1801.53,1802.13
1747753511284.0,1801.4,1802.0
1747753511685.0,1801.28,1801.88
1747753511909.0,1801.53,1802.13
1747753512133.0,1801.4,1802.0
1747753512406.0,1801.53,1802.13
1747753513005.0,1801.4,1802.0
1747753515198.0,1801.53,1802.13
1747753515421.0,1801.4,1802.0
1747753515785.0,1801.53,1802.13
1747753516717.0,1801.4,1802.0
1747753517849.0,1801.28,1801.88
1747753518283.0,1801.4,1802.0
1747753518626.0,1801.53,1802.13
1747753518864.0,1801.4,1802.0
1747753520265.0,1801.53,1802.13
1747753520487.0,1801.4,1802.0
1747753522053.0,1801.53,1802.13
1747753522521.0,1801.4,1802.0
1747753524093.0,1801.28,1801.88
1747753525843.0,1801.15,1801.75
1747753526066,,
1747753526597.0,1801.28,1801.88
1747753526840.0,1801.15,1801.75
1747753528533.0,1801.28,1801.88
1747753528776.0,1801.15,1801.75
1747753530427.0,1801.03,1801.63
1747753531899.0,1801.15,1801.75
1747753532639.0,1801.03,1801.63
1747753534653.0,1800.9,1801.5
1747753536249.0,1800.78,1801.38
1747753536966.0,1800.65,1801.25
1747753540608.0,1800.78,1801.38
1747753540903.0,1800.65,1801.25
1747753541308.0,1800.78,1801.38
1747753541532.0,1800.65,1801.25
1747753542280.0,1800.78,1801.38
1747753543157.0,1800.65,1801.25
1747753547637.0,1800.78,1801.38
1747753547969.0,1800.9,1801.5
1747753548553.0,1801.03,1801.63
1747753548871.0,1800.9,1801.5
1747753549096.0,1801.03,1801.63
1747753551203.0,1801.15,1801.75
1747753551463.0,1801.03,1801.63
1747753551687.0,1801.15,1801.75
1747753552397.0,1801.03,1801.63
1747753552621.0,1801.15,1801.75
1747753552845.0,1801.03,1801.63
1747753553076.0,1801.15,1801.75
1747753553384.0,1801.03,1801.63
1747753558269.0,1800.9,1801.5
1747753558492.0,1801.03,1801.63
1747753558857.0,1800.9,1801.5
1747753559082.0,1801.03,1801.63
1747753560087.0,1800.9,1801.5
1747753560955.0,1801.03,1801.63
1747753561179.0,1800.9,1801.5
1747753561458.0,1801.03,1801.63
1747753561681.0,1800.9,1801.5
1747753563078.0,1801.03,1801.63
1747753568058.0,1801.15,1801.75
1747753569004.0,1801.03,1801.63
1747753572537.0,1800.9,1801.5
1747753573236.0,1801.03,1801.63
1747753574697.0,1800.9,1801.5
1747753575146.0,1801.03,1801.63
1747753576138.0,1800.9,1801.5
1747753576686.0,1800.78,1801.38
1747753577695.0,1800.9,1801.5
1747753577915,,
1747753579137.0,1801.03,1801.63
1747753581687.0,1800.9,1801.5
1747753582260.0,1801.03,1801.63
1747753585846.0,1800.9,1801.5
1747753587181.0,1801.03,1801.63
1747753587727.0,1800.9,1801.5
1747753588719.0,1801.03,1801.63
1747753588971.0,1800.9,1801.5
1747753589285.0,1801.03,1801.63
1747753589510.0,1800.9,1801.5
1747753591287.0,1801.03,1801.63
1747753591902.0,1800.9,1801.5
1747753593625.0,1801.03,1801.63
1747753593848.0,1800.9,1801.5
1747753596108.0,1800.78,1801.38
1747753602788.0,1800.65,1801.25
1747753603408.0,1800.78,1801.38
1747753605470.0,1800.9,1801.5
1747753605694.0,1800.78,1801.38
1747753620385.0,1800.65,1801.25
1747753620608,,
1747753620834.0,1800.53,1801.13
1747753621322.0,1800.4,1801.0
1747753623252.0,1800.53,1801.13
1747753624071.0,1800.4,1801.0
1747753624292,,
1747753625149.0,1800.28,1800.88
1747753625373.0,1800.4,1801.0
1747753627087.0,1800.28,1800.88
1747753629289.0,1800.4,1801.0
1747753629675.0,1800.28,1800.88
1747753629989.0,1800.4,1801.0
1747753630553.0,1800.28,1800.88
1747753630777.0,1800.4,1801.0
1747753631002.0,1800.28,1800.88
1747753631928.0,1800.4,1801.0
1747753632944.0,1800.28,1800.88
1747753633838.0,1800.4,1801.0
1747753635222.0,1800.53,1801.13
1747753644088.0,1800.65,1801.25
1747753644304,,
1747753645041.0,1800.53,1801.13
1747753648646.0,1800.65,1801.25
1747753649611.0,1800.53,1801.13
1747753650473.0,1800.65,1801.25
1747753651531.0,1800.78,1801.38
1747753651755.0,1800.65,1801.25
1747753652082.0,1800.78,1801.38
1747753654994.0,1800.9,1801.5
1747753655219.0,1800.78,1801.38
1747753662632.0,1800.9,1801.5
1747753662855.0,1800.78,1801.38
1747753669461.0,1800.9,1801.5
1747753672667.0,1800.78,1801.38
1747753673570.0,1800.9,1801.5
1747753674159.0,1800.78,1801.38
1747753674384.0,1800.9,1801.5
1747753674815.0,1800.78,1801.38
1747753675103.0,1800.9,1801.5
1747753678883.0,1801.03,1801.63
1747753679165.0,1800.9,1801.5
1747753679389.0,1801.03,1801.63
1747753683289.0,1800.9,1801.5
1747753683516.0,1800.78,1801.38
1747753683739.0,1800.9,1801.5
1747753685181.0,1801.03,1801.63
1747753685671.0,1800.9,1801.5
1747753686825.0,1801.03,1801.63
1747753687049.0,1800.9,1801.5
1747753687684.0,1800.78,1801.38
1747753702599.0,1800.9,1801.5
1747753703399.0,1800.78,1801.38
1747753707906.0,1800.9,1801.5
1747753709206.0,1801.03,1801.63
1747753709429.0,1800.9,1801.5
1747753710206.0,1801.03,1801.63
1747753710431.0,1800.9,1801.5
1747753712511.0,1801.03,1801.63
1747753712959.0,1800.9,1801.5
1747753714196.0,1800.78,1801.38
1747753717689.0,1800.9,1801.5
1747753718305.0,1801.03,1801.63
1747753726135.0,1800.9,1801.5
1747753726511,,
1747753727402.0,1800.78,1801.38
1747753731121,,
1747753733755.0,1800.9,1801.5
1747753734011.0,1800.78,1801.38
1747753734235.0,1800.9,1801.5
1747753734463.0,1800.78,1801.38
1747753734746.0,1800.9,1801.5
1747753735195.0,1800.78,1801.38
1747753746410.0,1800.9,1801.5
1747753746639.0,1800.78,1801.38
1747753746923.0,1800.9,1801.5
1747753747151.0,1800.78,1801.38
1747753747371.0,1800.9,1801.5
1747753747710.0,1800.78,1801.38
1747753748152.0,1800.9,1801.5
1747753749090.0,1800.78,1801.38
1747753749314.0,1800.9,1801.5
