1747749489986.0,9983.5,9988.5
1747749490284.0,9983.6,9988.6
1747749490846.0,9983.6,9988.6
1747749492830.0,9983.5,9988.5
1747749492930.0,9983.6,9988.6
1747749493272.0,9983.7,9988.7
1747749493373.0,9983.9,9988.9
1747749494315.0,9983.6,9988.6
1747749494961.0,9983.9,9988.9
1747749495144.0,9983.8,9988.8
1747749495425.0,9983.9,9988.9
1747749495524.0,9983.8,9988.8
1747749496029.0,9983.9,9988.9
1747749496583.0,9983.8,9988.8
1747749496781.0,9983.9,9988.9
1747749496882.0,9983.8,9988.8
1747749496982.0,9983.9,9988.9
1747749497170.0,9983.8,9988.8
1747749498994.0,9983.5,9988.5
1747749499124.0,9983.6,9988.6
1747749500186.0,9983.4,9988.4
1747749501902.0,9983.5,9988.5
1747749502097.0,9983.6,9988.6
1747749503341.0,9983.9,9988.9
1747749503641.0,9983.7,9988.7
1747749503741.0,9983.8,9988.8
1747749504131.0,9983.9,9988.9
1747749504233.0,9983.8,9988.8
1747749505034.0,9983.7,9988.7
1747749505135.0,9983.8,9988.8
1747749505736.0,9983.6,9988.6
1747749505850.0,9983.7,9988.7
1747749505949.0,9983.6,9988.6
1747749509284.0,9983.5,9988.5
1747749510015.0,9983.6,9988.6
1747749510357.0,9983.6,9988.6
1747749511430.0,9983.6,9988.6
1747749511773.0,9983.6,9988.6
1747749515494.0,9983.4,9988.4
1747749516327.0,9983.3,9988.3
1747749516423.0,9983.4,9988.4
1747749517652.0,9983.4,9988.4
1747749517914.0,9983.3,9988.3
1747749518265.0,9983.5,9988.5
1747749519822.0,9983.7,9988.7
1747749519930.0,9983.9,9988.9
1747749520535.0,9984.5,9989.5
1747749521498.0,9984.7,9989.7
1747749521597.0,9984.5,9989.5
1747749522340.0,9984.7,9989.7
1747749522441.0,9985.0,9990.0
1747749523178.0,9985.1,9990.1
1747749523277.0,9985.0,9990.0
1747749523622.0,9984.9,9989.9
1747749524233.0,9984.6,9989.6
1747749524433.0,9984.6,9989.6
1747749526144.0,9984.9,9989.9
1747749526244.0,9984.8,9989.8
1747749526625.0,9984.7,9989.7
1747749527477.0,9984.6,9989.6
1747749527741.0,9984.9,9989.9
1747749528569.0,9984.7,9989.7
1747749528669.0,9984.6,9989.6
1747749529147.0,9984.7,9989.7
1747749529347.0,9984.6,9989.6
1747749530212.0,9984.8,9989.8
1747749530481.0,9984.8,9989.8
1747749531284.0,9984.6,9989.6
1747749533982.0,9984.5,9989.5
1747749534822.0,9984.6,9989.6
1747749535309.0,9984.6,9989.6
1747749535409.0,9984.9,9989.9
1747749536447.0,9984.9,9989.9
1747749536662.0,9984.8,9989.8
1747749536764.0,9984.9,9989.9
1747749537013.0,9984.6,9989.6
1747749537203.0,9984.9,9989.9
1747749537303.0,9984.8,9989.8
1747749537780.0,9984.9,9989.9
1747749539569.0,9985.1,9990.1
1747749540007.0,9985.0,9990.0
1747749541635.0,9984.9,9989.9
1747749541836.0,9985.1,9990.1
1747749543091.0,9984.9,9989.9
1747749543682.0,9985.0,9990.0
1747749546131.0,9984.9,9989.9
1747749546364.0,9985.0,9990.0
1747749546779.0,9985.2,9990.2
1747749546883.0,9985.5,9990.5
1747749547287.0,9985.4,9990.4
1747749547876.0,9985.5,9990.5
1747749548902.0,9985.5,9990.5
1747749549543.0,9985.6,9990.6
1747749550466,,
1747749552056.0,9985.9,9990.9
1747749552435.0,9985.8,9990.8
1747749556986,,
1747749558701.0,9985.8,9990.8
1747749558801.0,9985.9,9990.9
1747749559746.0,9985.8,9990.8
1747749560035.0,9986.0,9991.0
1747749560284.0,9986.0,9991.0
1747749561124.0,9986.1,9991.1
1747749561879.0,9986.0,9991.0
1747749564243.0,9985.6,9990.6
1747749565660.0,9985.3,9990.3
1747749570186.0,9985.0,9990.0
1747749571622.0,9985.1,9990.1
1747749573091.0,9985.4,9990.4
1747749575502.0,9985.5,9990.5
1747749575755.0,9985.7,9990.7
1747749576569.0,9985.8,9990.8
1747749576945.0,9985.9,9990.9
1747749579995.0,9985.9,9990.9
1747749580204.0,9985.8,9990.8
1747749580435.0,9985.9,9990.9
1747749580956.0,9985.8,9990.8
1747749582797.0,9985.4,9990.4
1747749583784.0,9985.5,9990.5
1747749584078,,
1747749587105.0,9985.4,9990.4
1747749587205.0,9985.3,9990.3
1747749587734.0,9985.6,9990.6
1747749587834.0,9985.3,9990.3
1747749587983.0,9985.4,9990.4
1747749589015.0,9985.6,9990.6
1747749589108.0,9985.3,9990.3
1747749589839.0,9985.6,9990.6
1747749590089.0,9985.6,9990.6
1747749591172.0,9985.3,9990.3
1747749595258.0,9985.6,9990.6
1747749596559.0,9985.3,9990.3
1747749600635.0,9985.3,9990.3
1747749602564.0,9985.2,9990.2
1747749602665.0,9985.3,9990.3
1747749603432.0,9985.2,9990.2
1747749603897.0,9985.2,9990.2
1747749604218.0,9985.3,9990.3
1747749604424.0,9985.2,9990.2
1747749605373.0,9985.3,9990.3
1747749606160.0,9985.2,9990.2
1747749606517.0,9985.3,9990.3
1747749607376.0,9985.2,9990.2
1747749607625.0,9985.3,9990.3
1747749607997.0,9985.2,9990.2
1747749608453.0,9985.3,9990.3
1747749609591.0,9985.2,9990.2
1747749609704.0,9985.3,9990.3
1747749611288.0,9985.2,9990.2
1747749611387.0,9985.3,9990.3
1747749612112.0,9985.0,9990.0
1747749612213.0,9985.1,9990.1
1747749612464.0,9985.1,9990.1
1747749616520,,
1747749619370.0,9984.6,9989.6
1747749620215.0,9984.5,9989.5
1747749620525.0,9984.6,9989.6
1747749621030.0,9984.5,9989.5
1747749621130.0,9984.3,9989.3
1747749621651.0,9984.1,9989.1
1747749622330.0,9983.9,9988.9
1747749622432.0,9983.8,9988.8
1747749622783.0,9983.6,9988.6
1747749623014.0,9983.9,9988.9
1747749623937.0,9983.8,9988.8
1747749624120.0,9983.6,9988.6
1747749626357.0,9983.3,9988.3
1747749627557.0,9983.2,9988.2
1747749627658.0,9983.4,9988.4
1747749629013.0,9983.5,9988.5
1747749629530.0,9983.6,9988.6
1747749632630.0,9983.4,9988.4
1747749632951.0,9983.4,9988.4
1747749633051.0,9983.3,9988.3
1747749633269.0,9983.2,9988.2
1747749633368.0,9983.4,9988.4
1747749636013.0,9983.3,9988.3
1747749636113.0,9983.1,9988.1
1747749636570.0,9983.1,9988.1
1747749636884.0,9983.0,9988.0
1747749637000.0,9983.1,9988.1
1747749639485.0,9983.0,9988.0
1747749639724.0,9983.0,9988.0
1747749640254.0,9983.1,9988.1
1747749640425.0,9983.0,9988.0
1747749641120.0,9983.0,9988.0
1747749643616.0,9982.6,9987.6
1747749644639.0,9982.2,9987.2
1747749644740.0,9982.1,9987.1
1747749646206.0,9981.3,9986.3
1747749646528,,
1747749647214.0,9981.1,9986.1
1747749647778.0,9981.0,9986.0
1747749648798.0,9980.9,9985.9
1747749648898.0,9981.0,9986.0
1747749649279.0,9980.9,9985.9
1747749649379.0,9980.8,9985.8
1747749651184.0,9980.1,9985.1
1747749651647.0,9980.4,9985.4
1747749652240.0,9980.1,9985.1
1747749652632.0,9980.4,9985.4
1747749652733,,
1747749654721.0,9980.7,9985.7
1747749654836.0,9980.6,9985.6
1747749656502.0,9980.4,9985.4
1747749656646.0,9980.3,9985.3
1747749656920.0,9980.4,9985.4
1747749657591.0,9980.2,9985.2
1747749658143.0,9980.1,9985.1
1747749659045.0,9980.2,9985.2
1747749659145.0,9980.1,9985.1
1747749660184.0,9980.2,9985.2
1747749660274.0,9980.4,9985.4
1747749661176.0,9980.7,9985.7
1747749661477,,
1747749662194.0,9980.5,9985.5
1747749665471.0,9980.8,9985.8
1747749665655.0,9980.6,9985.6
1747749667014.0,9980.5,9985.5
1747749667229.0,9980.6,9985.6
1747749667329,,
1747749667893.0,9980.5,9985.5
1747749668851.0,9980.7,9985.7
1747749668952.0,9980.9,9985.9
1747749671896.0,9981.2,9986.2
1747749672849.0,9981.3,9986.3
1747749673148.0,9981.5,9986.5
1747749673719.0,9981.4,9986.4
1747749673823.0,9981.5,9986.5
1747749674274.0,9981.4,9986.4
1747749674505.0,9981.4,9986.4
1747749675072.0,9981.5,9986.5
1747749675176.0,9981.4,9986.4
1747749675883.0,9981.7,9986.7
1747749678042.0,9981.8,9986.8
1747749679414.0,9981.9,9986.9
1747749683045.0,9981.8,9986.8
1747749686194.0,9981.9,9986.9
1747749686494.0,9982.0,9987.0
1747749688836.0,9982.0,9987.0
1747749690255.0,9981.9,9986.9
1747749690455.0,9982.0,9987.0
1747749692143.0,9982.1,9987.1
1747749692405.0,9982.0,9987.0
1747749692505.0,9982.1,9987.1
1747749694276.0,9982.2,9987.2
1747749694493.0,9982.1,9987.1
1747749695064.0,9982.0,9987.0
1747749695165.0,9982.2,9987.2
1747749697901.0,9982.1,9987.1
1747749698002.0,9982.0,9987.0
1747749700296.0,9982.2,9987.2
1747749701504,,
1747749701722.0,9982.0,9987.0
1747749702257.0,9982.2,9987.2
1747749703272.0,9982.7,9987.7
1747749704062.0,9982.5,9987.5
1747749704670.0,9982.4,9987.4
1747749704768.0,9982.5,9987.5
1747749704902.0,9982.4,9987.4
1747749707339.0,9982.7,9987.7
1747749709587.0,9982.5,9987.5
1747749711634.0,9982.6,9987.6
1747749711735.0,9982.4,9987.4
1747749712287.0,9982.5,9987.5
1747749712678.0,9982.1,9987.1
1747749712777.0,9982.2,9987.2
1747749716487.0,9982.1,9987.1
1747749716795.0,9982.4,9987.4
1747749716894.0,9982.3,9987.3
1747749718149.0,9982.1,9987.1
1747749718249.0,9982.2,9987.2
1747749720015.0,9982.4,9987.4
1747749720330.0,9982.4,9987.4
1747749722120.0,9982.5,9987.5
1747749722345.0,9982.7,9987.7
1747749724602.0,9983.0,9988.0
1747749725223,,
1747749725393.0,9983.0,9988.0
1747749725760.0,9983.2,9988.2
1747749726287.0,9983.0,9988.0
1747749728131.0,9983.8,9988.8
1747749729739.0,9983.7,9988.7
1747749729840.0,9983.6,9988.6
1747749731049.0,9983.5,9988.5
1747749732446.0,9983.7,9988.7
1747749733013.0,9983.5,9988.5
1747749733112.0,9983.7,9988.7
1747749733439.0,9983.8,9988.8
1747749735435.0,9984.0,9989.0
1747749735841.0,9984.1,9989.1
1747749735948.0,9984.0,9989.0
1747749736247.0,9984.0,9989.0
1747749737163.0,9984.2,9989.2
1747749738212.0,9983.9,9988.9
1747749738508.0,9984.0,9989.0
1747749739049.0,9983.9,9988.9
1747749739150.0,9984.0,9989.0
1747749739761.0,9983.9,9988.9
1747749743097.0,9983.8,9988.8
1747749743197.0,9983.6,9988.6
1747749743577.0,9983.6,9988.6
1747749744800.0,9983.1,9988.1
1747749746065.0,9983.4,9988.4
1747749747981.0,9983.3,9988.3
1747749748081.0,9983.4,9988.4
1747749748821.0,9983.1,9988.1
1747749749304.0,9983.4,9988.4
1747749749550.0,9983.1,9988.1
1747749750173.0,9983.3,9988.3
1747749751229.0,9983.5,9988.5
1747749752394.0,9983.7,9988.7
1747749753561.0,9983.6,9988.6
1747749756557.0,9983.9,9988.9
1747749756697.0,9983.8,9988.8
1747749757192.0,9983.4,9988.4
1747749758035.0,9983.5,9988.5
1747749758256.0,9983.7,9988.7
1747749758355.0,9983.9,9988.9
1747749758557.0,9983.8,9988.8
1747749760168.0,9983.9,9988.9
1747749761511.0,9983.9,9988.9
1747749764415.0,9983.6,9988.6
1747749764832.0,9983.9,9988.9
1747749765213.0,9984.0,9989.0
1747749768640.0,9984.1,9989.1
1747749769325.0,9984.2,9989.2
1747749769939.0,9984.0,9989.0
1747749770377.0,9984.1,9989.1
1747749770752.0,9983.8,9988.8
1747749771619.0,9983.9,9988.9
1747749772189.0,9983.8,9988.8
1747749772288.0,9983.6,9988.6
1747749774569.0,9983.1,9988.1
1747749774668.0,9983.2,9988.2
1747749774953.0,9983.1,9988.1
1747749775331.0,9983.1,9988.1
1747749776741.0,9983.2,9988.2
1747749777763.0,9983.5,9988.5
1747749778341.0,9983.8,9988.8
1747749778542.0,9983.9,9988.9
1747749779170.0,9983.9,9988.9
1747749780348.0,9983.8,9988.8
1747749781054.0,9983.1,9988.1
1747749781154.0,9983.2,9988.2
1747749782182.0,9983.1,9988.1
1747749782281.0,9983.2,9988.2
1747749784883.0,9983.4,9988.4
1747749784984.0,9983.6,9988.6
1747749785389.0,9983.3,9988.3
1747749786145.0,9983.2,9988.2
1747749786245.0,9983.4,9988.4
1747749787306.0,9983.3,9988.3
1747749787407.0,9983.1,9988.1
1747749789699.0,9982.8,9987.8
1747749795010.0,9982.6,9987.6
1747749796230.0,9982.9,9987.9
1747749796330.0,9983.0,9988.0
1747749796776.0,9983.0,9988.0
1747749796993.0,9982.9,9987.9
1747749798121.0,9982.6,9987.6
1747749799797.0,9982.5,9987.5
1747749799898.0,9982.6,9987.6
1747749801848.0,9982.5,9987.5
1747749802387.0,9982.6,9987.6
1747749803683.0,9982.4,9987.4
1747749804324.0,9982.5,9987.5
1747749804425.0,9982.4,9987.4
1747749805370.0,9982.5,9987.5
1747749808140.0,9982.7,9987.7
1747749808463.0,9982.5,9987.5
1747749808832.0,9982.6,9987.6
1747749810013.0,9982.4,9987.4
1747749810847.0,9982.5,9987.5
1747749810948.0,9982.4,9987.4
1747749811435.0,9982.9,9987.9
1747749811535.0,9982.8,9987.8
1747749812339.0,9982.6,9987.6
1747749812592.0,9982.5,9987.5
1747749813606.0,9982.7,9987.7
1747749813707.0,9982.8,9987.8
1747749814296.0,9982.6,9987.6
1747749816631.0,9982.5,9987.5
1747749816962.0,9982.6,9987.6
1747749821156.0,9982.5,9987.5
1747749821256.0,9982.4,9987.4
1747749823769.0,9982.1,9987.1
1747749824215.0,9982.4,9987.4
1747749826086.0,9982.1,9987.1
1747749826516.0,9982.4,9987.4
1747749827717.0,9982.6,9987.6
1747749827816.0,9982.7,9987.7
1747749828526.0,9982.5,9987.5
1747749828725.0,9982.8,9987.8
1747749829706.0,9982.9,9987.9
1747749830951.0,9982.8,9987.8
1747749831163.0,9982.9,9987.9
1747749831264.0,9982.8,9987.8
1747749832047.0,9982.7,9987.7
1747749832147.0,9982.6,9987.6
1747749832365.0,9982.5,9987.5
1747749833109.0,9982.6,9987.6
1747749836025.0,9982.5,9987.5
1747749836124.0,9982.4,9987.4
1747749836699.0,9982.5,9987.5
1747749836940.0,9982.6,9987.6
1747749838766.0,9982.5,9987.5
1747749838912.0,9982.6,9987.6
1747749839663.0,9982.5,9987.5
1747749840014.0,9982.6,9987.6
1747749840675.0,9982.5,9987.5
1747749842213.0,9982.6,9987.6
1747749843743.0,9982.3,9987.3
1747749843842.0,9982.1,9987.1
1747749853918,,
1747749857776.0,9981.6,9986.6
1747749859129.0,9981.8,9986.8
1747749859917.0,9981.7,9986.7
1747749860748.0,9981.6,9986.6
1747749861083.0,9981.5,9986.5
1747749861182.0,9981.4,9986.4
1747749865841.0,9981.3,9986.3
1747749866710.0,9981.4,9986.4
1747749868590.0,9981.3,9986.3
1747749868814.0,9981.3,9986.3
1747749868914.0,9981.2,9986.2
1747749870015.0,9981.1,9986.1
1747749875704.0,9981.2,9986.2
1747749875804.0,9981.1,9986.1
1747749878150.0,9981.2,9986.2
1747749878250.0,9981.1,9986.1
1747749878437.0,9981.4,9986.4
1747749879879.0,9981.1,9986.1
1747749884805,,
1747749888881.0,9981.2,9986.2
1747749889857.0,9981.3,9986.3
1747749889957.0,9981.1,9986.1
1747749890342.0,9981.2,9986.2
1747749890461.0,9981.1,9986.1
1747749891904,,
1747749897263.0,9981.2,9986.2
1747749900016.0,9981.4,9986.4
1747749900408,,
1747749901035.0,9981.2,9986.2
1747749901235.0,9981.3,9986.3
1747749901946.0,9981.1,9986.1
1747749903188.0,9981.2,9986.2
1747749903286.0,9981.4,9986.4
1747749909656.0,9981.4,9986.4
1747749909922.0,9981.4,9986.4
1747749913954.0,9981.8,9986.8
1747749915035.0,9981.7,9986.7
1747749915133.0,9981.8,9986.8
1747749917796.0,9981.7,9986.7
1747749918334.0,9981.6,9986.6
1747749918632.0,9981.8,9986.8
1747749919849.0,9981.7,9986.7
1747749919949.0,9981.8,9986.8
1747749920491.0,9981.7,9986.7
1747749920591.0,9981.4,9986.4
1747749921354.0,9981.6,9986.6
1747749924267.0,9981.5,9986.5
1747749925003.0,9981.9,9986.9
1747749925203.0,9982.2,9987.2
1747749925574.0,9982.6,9987.6
1747749927532.0,9982.4,9987.4
1747749931744.0,9982.6,9987.6
1747749933501.0,9982.4,9987.4
1747749935037.0,9982.5,9987.5
1747749935266.0,9982.4,9987.4
1747749936241.0,9982.5,9987.5
1747749936342.0,9982.4,9987.4
1747749936736.0,9982.0,9987.0
1747749938847.0,9982.3,9987.3
1747749938984.0,9982.4,9987.4
1747749939845.0,9982.7,9987.7
1747749942335.0,9983.4,9988.4
1747749942665.0,9983.3,9988.3
1747749943299.0,9983.4,9988.4
1747749943831.0,9983.4,9988.4
1747749944027.0,9983.3,9988.3
1747749944127.0,9983.1,9988.1
1747749945021.0,9982.9,9987.9
1747749945895.0,9982.9,9987.9
1747749946059.0,9982.8,9987.8
1747749946213.0,9982.7,9987.7
1747749947605.0,9982.8,9987.8
1747749947805.0,9982.8,9987.8
1747749947905.0,9982.9,9987.9
1747749951822.0,9982.8,9987.8
1747749952674.0,9982.8,9987.8
1747749953038.0,9982.7,9987.7
1747749953140.0,9982.8,9987.8
1747749953601.0,9982.7,9987.7
1747749953701.0,9982.8,9987.8
1747749953926.0,9982.8,9987.8
1747749954379.0,9982.9,9987.9
1747749955540.0,9983.2,9988.2
1747749956157.0,9983.1,9988.1
1747749956257.0,9983.0,9988.0
1747749956980.0,9983.4,9988.4
1747749957595.0,9983.3,9988.3
1747749957878.0,9983.2,9988.2
1747749959749.0,9983.4,9988.4
1747749959890.0,9983.1,9988.1
1747749960517.0,9983.4,9988.4
1747749961961.0,9983.7,9988.7
1747749962259.0,9983.4,9988.4
1747749962373.0,9983.5,9988.5
1747749962959.0,9983.4,9988.4
1747749963067.0,9983.5,9988.5
1747749963165.0,9983.4,9988.4
1747749963686.0,9983.1,9988.1
1747749963786.0,9983.4,9988.4
1747749965777.0,9983.1,9988.1
1747749966332.0,9983.4,9988.4
1747749967043.0,9983.5,9988.5
1747749967242.0,9983.4,9988.4
1747749967652.0,9983.4,9988.4
1747749970762.0,9983.1,9988.1
1747749971166.0,9983.4,9988.4
1747749971526.0,9983.3,9988.3
1747749971824.0,9983.1,9988.1
1747749972385.0,9983.4,9988.4
1747749972965.0,9983.3,9988.3
1747749973365.0,9983.2,9988.2
1747749973464.0,9983.3,9988.3
1747749973936.0,9982.9,9987.9
1747749974035.0,9983.0,9988.0
1747749974135.0,9983.3,9988.3
1747749974510.0,9983.1,9988.1
1747749974644.0,9983.0,9988.0
1747749975009.0,9983.1,9988.1
1747749975585.0,9983.4,9988.4
1747749975683.0,9983.1,9988.1
1747749976723.0,9983.2,9988.2
1747749976824.0,9983.4,9988.4
1747749977216.0,9983.1,9988.1
1747749977423.0,9983.2,9988.2
1747749977523.0,9983.3,9988.3
1747749978808.0,9983.1,9988.1
1747749979588.0,9982.8,9987.8
1747749979688,,
1747749980232.0,9982.7,9987.7
1747749980436.0,9982.8,9987.8
1747749980536.0,9982.9,9987.9
1747749980761.0,9982.9,9987.9
1747749981081.0,9982.8,9987.8
1747749982433.0,9982.6,9987.6
1747749983785.0,9982.7,9987.7
1747749987739.0,9982.9,9987.9
1747749987836.0,9982.8,9987.8
1747749989558.0,9982.8,9987.8
1747749991510.0,9982.7,9987.7
1747749991610.0,9982.8,9987.8
1747749992960.0,9982.7,9987.7
1747749993059.0,9982.8,9987.8
1747749995175.0,9982.7,9987.7
1747749997928.0,9982.3,9987.3
1747749999444.0,9982.6,9987.6
1747749999787,,
1747750001327.0,9982.5,9987.5
1747750001429.0,9982.3,9987.3
1747750003718.0,9982.6,9987.6
1747750005812.0,9982.5,9987.5
1747750006162.0,9982.4,9987.4
1747750006262.0,9982.3,9987.3
1747750006975.0,9982.6,9987.6
1747750012445.0,9982.1,9987.1
1747750013085.0,9981.9,9986.9
1747750013400.0,9981.9,9986.9
1747750021890.0,9982.0,9987.0
1747750022478.0,9982.1,9987.1
1747750022724.0,9982.1,9987.1
1747750022907.0,9982.2,9987.2
1747750023901.0,9982.1,9987.1
1747750029206.0,9982.0,9987.0
1747750029312.0,9982.1,9987.1
1747750031071.0,9982.0,9987.0
1747750032206.0,9982.1,9987.1
1747750032485.0,9981.9,9986.9
1747750033118.0,9982.0,9987.0
1747750033300.0,9982.1,9987.1
1747750034739.0,9982.0,9987.0
1747750034842.0,9982.2,9987.2
1747750035321.0,9982.1,9987.1
1747750035418.0,9982.2,9987.2
1747750035876.0,9982.0,9987.0
1747750036244.0,9982.4,9987.4
1747750036347.0,9982.1,9987.1
1747750039164.0,9981.9,9986.9
1747750039681.0,9981.8,9986.8
1747750039985.0,9981.8,9986.8
1747750040947.0,9981.7,9986.7
1747750041296.0,9981.7,9986.7
1747750045693.0,9981.6,9986.6
1747750045793,,
1747750048240,,
1747750050927.0,9981.7,9986.7
1747750051386.0,9981.8,9986.8
1747750052072.0,9981.7,9986.7
1747750056802.0,9981.7,9986.7
1747750057367.0,9981.8,9986.8
1747750057472.0,9981.6,9986.6
1747750057751.0,9981.7,9986.7
1747750058129.0,9981.6,9986.6
1747750061199.0,9981.8,9986.8
1747750062609.0,9981.9,9986.9
1747750062712.0,9981.8,9986.8
1747750064200.0,9981.7,9986.7
1747750064300.0,9981.6,9986.6
1747750064684,,
1747750064784.0,9981.5,9986.5
1747750065551.0,9980.9,9985.9
1747750065752.0,9980.9,9985.9
1747750066572.0,9981.0,9986.0
1747750066908.0,9981.5,9986.5
1747750068240.0,9981.7,9986.7
1747750068544.0,9981.6,9986.6
1747750068664.0,9981.7,9986.7
1747750070183.0,9981.6,9986.6
1747750070399.0,9981.9,9986.9
1747750070599.0,9981.9,9986.9
1747750070887.0,9981.8,9986.8
1747750071996.0,9981.6,9986.6
1747750072200.0,9981.3,9986.3
1747750073315.0,9981.4,9986.4
1747750074240.0,9981.1,9986.1
1747750074340.0,9981.4,9986.4
1747750075251.0,9981.4,9986.4
1747750075587.0,9981.1,9986.1
1747750077181.0,9981.2,9986.2
1747750077279.0,9981.4,9986.4
1747750078263.0,9981.2,9986.2
1747750080018.0,9981.4,9986.4
1747750083462.0,9981.5,9986.5
1747750083562.0,9981.1,9986.1
1747750084444.0,9981.1,9986.1
1747750085141.0,9981.0,9986.0
1747750085637.0,9980.9,9985.9
1747750087283.0,9980.6,9985.6
1747750087383,,
1747750087540.0,9980.9,9985.9
1747750088898.0,9980.8,9985.8
1747750088998.0,9980.7,9985.7
1747750089379.0,9980.6,9985.6
1747750089594.0,9980.8,9985.8
1747750089810.0,9980.7,9985.7
1747750090135.0,9980.6,9985.6
1747750090989.0,9980.8,9985.8
1747750091305.0,9980.8,9985.8
1747750091480.0,9980.7,9985.7
1747750091644.0,9980.8,9985.8
1747750092071,,
1747750092196.0,9980.6,9985.6
1747750093163.0,9980.7,9985.7
1747750093263.0,9980.6,9985.6
1747750094301.0,9980.3,9985.3
1747750096881.0,9980.4,9985.4
1747750097794.0,9980.3,9985.3
1747750097893.0,9980.4,9985.4
1747750099471.0,9980.6,9985.6
1747750099834.0,9980.7,9985.7
1747750108035.0,9980.4,9985.4
1747750108136.0,9980.3,9985.3
1747750108437.0,9980.2,9985.2
1747750108971.0,9980.3,9985.3
1747750109474.0,9980.2,9985.2
1747750110017.0,9980.1,9985.1
1747750112132.0,9979.2,9984.2
1747750112232.0,9979.3,9984.3
1747750112455.0,9979.4,9984.4
1747750113034.0,9979.3,9984.3
1747750114077.0,9979.2,9984.2
1747750115023,,
1747750115449.0,9979.3,9984.3
1747750115569.0,9979.2,9984.2
1747750117881.0,9979.4,9984.4
1747750120482,,
1747750121337.0,9979.3,9984.3
1747750121443.0,9979.4,9984.4
1747750121690.0,9979.3,9984.3
1747750122126.0,9979.3,9984.3
1747750122306.0,9979.2,9984.2
1747750124273,,
1747750127718,,
1747750128163.0,9979.1,9984.1
1747750128297.0,9979.0,9984.0
1747750129737.0,9979.0,9984.0
1747750130370.0,9978.9,9983.9
1747750133810.0,9979.0,9984.0
1747750135029.0,9979.1,9984.1
1747750135414.0,9979.0,9984.0
1747750135798,,
1747750136000.0,9979.4,9984.4
1747750136133.0,9979.5,9984.5
1747750136804.0,9979.6,9984.6
1747750137242.0,9979.3,9984.3
1747750137891.0,9979.1,9984.1
1747750140891.0,9979.2,9984.2
1747750141930.0,9979.5,9984.5
1747750142311.0,9979.4,9984.4
1747750142515.0,9979.6,9984.6
1747750142615.0,9979.3,9984.3
1747750142866.0,9979.4,9984.4
1747750142967.0,9979.6,9984.6
1747750144631.0,9979.1,9984.1
1747750147143.0,9979.4,9984.4
1747750147369.0,9979.1,9984.1
1747750147468.0,9979.4,9984.4
1747750147570.0,9979.2,9984.2
1747750148314.0,9979.3,9984.3
1747750148748.0,9979.1,9984.1
1747750150381.0,9979.0,9984.0
1747750150597.0,9979.0,9984.0
1747750151181.0,9978.9,9983.9
1747750151282.0,9979.0,9984.0
1747750153086.0,9979.1,9984.1
1747750153359.0,9979.0,9984.0
1747750153461.0,9979.1,9984.1
1747750155535.0,9979.1,9984.1
1747750159351,,
1747750161453.0,9979.0,9984.0
1747750161653.0,9978.9,9983.9
1747750162104.0,9979.0,9984.0
1747750162650.0,9978.9,9983.9
1747750162849.0,9978.9,9983.9
1747750163106,,
1747750163307.0,9979.0,9984.0
1747750163857.0,9979.0,9984.0
1747750165179.0,9978.9,9983.9
1747750170016.0,9978.4,9983.4
1747750171219,,
1747750171497.0,9978.2,9983.2
1747750173905.0,9978.3,9983.3
1747750174280.0,9978.2,9983.2
1747750174770.0,9978.3,9983.3
1747750177021.0,9978.4,9983.4
1747750177413.0,9978.7,9983.7
1747750178078.0,9978.6,9983.6
1747750178277.0,9978.9,9983.9
1747750178596.0,9978.8,9983.8
1747750178697.0,9978.9,9983.9
1747750180507.0,9978.6,9983.6
1747750181294.0,9978.3,9983.3
1747750181497.0,9978.4,9983.4
1747750184284.0,9978.3,9983.3
1747750184485.0,9978.3,9983.3
1747750184869.0,9978.4,9983.4
1747750184969.0,9978.3,9983.3
1747750185300,,
1747750185401.0,9978.1,9983.1
1747750186426.0,9977.8,9982.8
1747750186527.0,9977.2,9982.2
1747750186982.0,9975.6,9980.6
1747750187182.0,9975.5,9980.5
1747750187742.0,9975.3,9980.3
1747750187973.0,9975.4,9980.4
1747750189044.0,9975.6,9980.6
1747750189207.0,9975.5,9980.5
1747750189307.0,9975.4,9980.4
1747750190460.0,9975.0,9980.0
1747750190882.0,9975.1,9980.1
1747750191349.0,9975.1,9980.1
1747750191555.0,9975.1,9980.1
1747750191756.0,9974.6,9979.6
1747750191930.0,9974.5,9979.5
1747750192163.0,9974.4,9979.4
1747750192263.0,9974.5,9979.5
1747750192662,,
1747750192762.0,9974.1,9979.1
1747750193470.0,9973.7,9978.7
1747750193684.0,9973.6,9978.6
1747750194774,,
1747750196440.0,9973.7,9978.7
1747750198081.0,9973.4,9978.4
1747750198361.0,9973.6,9978.6
1747750199120.0,9973.7,9978.7
1747750199320.0,9973.9,9978.9
1747750199596.0,9973.7,9978.7
1747750200007.0,9973.4,9978.4
1747750200338.0,9973.6,9978.6
1747750200464,,
1747750201028.0,9972.9,9977.9
1747750201129.0,9973.2,9978.2
1747750201429,,
1747750201531.0,9972.9,9977.9
1747750202122.0,9972.4,9977.4
1747750202396.0,9972.4,9977.4
1747750202495.0,9972.5,9977.5
1747750202686.0,9972.4,9977.4
1747750203251.0,9972.3,9977.3
1747750204069.0,9972.4,9977.4
1747750204169.0,9972.3,9977.3
1747750204803.0,9972.4,9977.4
1747750205129.0,9972.6,9977.6
1747750205328.0,9972.6,9977.6
1747750205474.0,9972.5,9977.5
1747750205573.0,9972.4,9977.4
1747750206180.0,9972.5,9977.5
1747750206483.0,9972.4,9977.4
1747750206992.0,9972.1,9977.1
1747750208140.0,9971.9,9976.9
1747750208340.0,9971.8,9976.8
1747750208443.0,9971.7,9976.7
1747750209225.0,9971.8,9976.8
1747750209325.0,9971.6,9976.6
1747750209562,,
1747750210179,,
1747750210546.0,9971.5,9976.5
1747750210646.0,9971.4,9976.4
1747750211668.0,9971.3,9976.3
1747750211819.0,9971.4,9976.4
1747750212219.0,9970.4,9975.4
1747750212445.0,9970.5,9975.5
1747750212769.0,9970.5,9975.5
1747750212990.0,9970.6,9975.6
1747750213482.0,9970.7,9975.7
1747750214065.0,9970.6,9975.6
1747750214364.0,9970.7,9975.7
1747750215014.0,9970.6,9975.6
1747750215656.0,9970.7,9975.7
1747750216741.0,9970.6,9975.6
1747750216840.0,9970.7,9975.7
1747750217590.0,9971.5,9976.5
1747750217691.0,9971.2,9976.2
1747750218076.0,9971.5,9976.5
1747750219814.0,9972.0,9977.0
1747750219913.0,9972.4,9977.4
1747750220231.0,9972.1,9977.1
1747750220374.0,9972.2,9977.2
1747750220543.0,9972.3,9977.3
1747750220904.0,9972.4,9977.4
1747750221609.0,9972.6,9977.6
1747750221910.0,9972.7,9977.7
1747750222181.0,9973.0,9978.0
1747750222501.0,9972.8,9977.8
1747750222601.0,9972.9,9977.9
1747750224409,,
1747750224608.0,9972.9,9977.9
1747750224708.0,9973.0,9978.0
1747750225212.0,9972.9,9977.9
1747750225513.0,9972.3,9977.3
1747750225612.0,9972.2,9977.2
1747750226050.0,9972.5,9977.5
1747750226251.0,9972.4,9977.4
1747750226575.0,9972.4,9977.4
1747750226807.0,9972.5,9977.5
1747750227394.0,9972.7,9977.7
1747750227494.0,9972.6,9977.6
1747750227967.0,9972.9,9977.9
1747750228768.0,9972.9,9977.9
1747750229398.0,9973.0,9978.0
1747750230153.0,9972.9,9977.9
1747750233589.0,9972.7,9977.7
1747750236076.0,9972.5,9977.5
1747750237186.0,9972.6,9977.6
1747750237439.0,9972.5,9977.5
1747750237846.0,9972.2,9977.2
1747750239255.0,9972.1,9977.1
1747750239353,,
1747750240657.0,9972.2,9977.2
1747750240882.0,9972.2,9977.2
1747750240981.0,9972.1,9977.1
1747750241187.0,9972.4,9977.4
1747750241931.0,9972.1,9977.1
1747750243949.0,9972.1,9977.1
1747750245300,,
1747750248024,,
1747750249568.0,9972.4,9977.4
1747750250171.0,9972.1,9977.1
1747750251574.0,9972.4,9977.4
1747750253120.0,9972.2,9977.2
1747750255240.0,9972.6,9977.6
1747750255340,,
1747750256104.0,9972.9,9977.9
1747750256360.0,9972.8,9977.8
1747750256460.0,9972.9,9977.9
1747750256659.0,9972.9,9977.9
1747750256896.0,9972.8,9977.8
1747750257028.0,9972.9,9977.9
1747750259658.0,9973.4,9978.4
1747750260745.0,9973.7,9978.7
1747750262356.0,9973.6,9978.6
1747750264434.0,9973.6,9978.6
1747750264705.0,9973.9,9978.9
1747750265079.0,9973.9,9978.9
1747750266170.0,9974.0,9979.0
1747750266371.0,9974.0,9979.0
1747750266717.0,9974.0,9979.0
1747750266816,,
1747750267255.0,9974.4,9979.4
1747750268107.0,9974.5,9979.5
1747750268209.0,9974.8,9979.8
1747750268606.0,9974.9,9979.9
1747750270359.0,9974.6,9979.6
1747750271013.0,9974.8,9979.8
1747750271899.0,9974.9,9979.9
1747750272657.0,9974.9,9979.9
1747750272960.0,9974.2,9979.2
1747750273203.0,9974.4,9979.4
1747750273415.0,9974.3,9979.3
1747750274675.0,9974.4,9979.4
1747750275286.0,9974.1,9979.1
1747750277046.0,9974.2,9979.2
1747750277144.0,9974.1,9979.1
1747750280445.0,9974.4,9979.4
1747750280941.0,9974.6,9979.6
1747750281267.0,9974.7,9979.7
1747750283194,,
1747750283319.0,9974.7,9979.7
1747750284346.0,9974.6,9979.6
1747750284445,,
1747750288400.0,9974.1,9979.1
1747750288500.0,9974.5,9979.5
1747750289960.0,9974.5,9979.5
1747750290199.0,9974.4,9979.4
1747750293039.0,9974.3,9979.3
1747750293140.0,9974.1,9979.1
1747750300956.0,9974.0,9979.0
1747750303832.0,9974.1,9979.1
1747750304044.0,9974.4,9979.4
1747750304347.0,9974.6,9979.6
1747750305018.0,9974.4,9979.4
1747750305217.0,9974.7,9979.7
1747750306830.0,9974.8,9979.8
1747750307102.0,9975.1,9980.1
1747750308996.0,9975.1,9980.1
1747750309724.0,9975.1,9980.1
1747750310608.0,9975.0,9980.0
1747750310908.0,9975.3,9980.3
1747750311008.0,9975.2,9980.2
1747750313383.0,9975.0,9980.0
1747750313484,,
1747750314132.0,9975.4,9980.4
1747750314332.0,9975.4,9980.4
1747750316680.0,9975.5,9980.5
1747750317190.0,9975.1,9980.1
1747750318090.0,9974.8,9979.8
1747750318289.0,9974.9,9979.9
1747750320400.0,9975.5,9980.5
1747750320923.0,9975.5,9980.5
1747750321345.0,9976.0,9981.0
1747750321714.0,9976.0,9981.0
1747750321814.0,9975.9,9980.9
1747750323704.0,9976.0,9981.0
1747750324664.0,9976.4,9981.4
1747750326069.0,9976.4,9981.4
1747750326364.0,9976.1,9981.1
1747750326564.0,9976.4,9981.4
1747750327117.0,9976.1,9981.1
1747750327219.0,9976.2,9981.2
1747750327375.0,9976.1,9981.1
1747750329071.0,9976.2,9981.2
1747750329172.0,9976.4,9981.4
1747750329562.0,9976.3,9981.3
1747750329805.0,9976.1,9981.1
1747750330619,,
1747750330719.0,9975.9,9980.9
1747750331441.0,9975.9,9980.9
1747750332332.0,9975.8,9980.8
1747750332434.0,9975.9,9980.9
1747750338170.0,9975.7,9980.7
1747750338431.0,9975.8,9980.8
1747750338658.0,9975.7,9980.7
1747750340986.0,9975.5,9980.5
1747750341088.0,9975.6,9980.6
1747750343414.0,9975.4,9980.4
1747750343907.0,9975.6,9980.6
1747750344443.0,9975.5,9980.5
1747750344541.0,9975.3,9980.3
1747750345468.0,9975.2,9980.2
1747750348825.0,9975.3,9980.3
1747750349026.0,9975.2,9980.2
1747750351857.0,9975.3,9980.3
1747750352830.0,9975.6,9980.6
1747750356222.0,9975.8,9980.8
1747750357269.0,9975.8,9980.8
1747750357370.0,9975.9,9980.9
1747750359419.0,9976.0,9981.0
1747750359520.0,9975.9,9980.9
1747750361350.0,9976.0,9981.0
1747750362346.0,9976.5,9981.5
1747750363107.0,9976.1,9981.1
1747750363508.0,9975.9,9980.9
1747750363607.0,9976.1,9981.1
1747750363974.0,9976.4,9981.4
1747750364074.0,9976.1,9981.1
1747750366339.0,9976.4,9981.4
1747750367004.0,9976.1,9981.1
1747750367268.0,9975.8,9980.8
1747750368019.0,9975.7,9980.7
1747750376249.0,9975.8,9980.8
1747750376791.0,9975.7,9980.7
1747750376890.0,9975.8,9980.8
1747750377807.0,9975.8,9980.8
1747750378339.0,9975.9,9980.9
1747750378513.0,9975.8,9980.8
1747750378979.0,9975.7,9980.7
1747750379078.0,9975.8,9980.8
1747750379820.0,9975.7,9980.7
1747750380544,,
1747750380846.0,9974.5,9979.5
1747750380943,,
1747750381141.0,9974.6,9979.6
1747750382888.0,9974.5,9979.5
1747750383314.0,9974.4,9979.4
1747750384263.0,9974.2,9979.2
1747750384548.0,9973.9,9978.9
1747750384897.0,9973.7,9978.7
1747750384997,,
1747750385645.0,9973.7,9978.7
1747750386887.0,9973.8,9978.8
1747750387119.0,9973.7,9978.7
1747750391874.0,9973.9,9978.9
1747750392464.0,9973.8,9978.8
1747750392564.0,9973.7,9978.7
1747750395993.0,9973.7,9978.7
1747750396293.0,9973.7,9978.7
1747750396780,,
1747750400890,,
1747750401645,,
1747750403856.0,9973.4,9978.4
1747750404779.0,9973.3,9978.3
1747750405204.0,9973.5,9978.5
1747750405993.0,9973.6,9978.6
1747750408167.0,9973.9,9978.9
1747750412634.0,9973.7,9978.7
1747750413933,,
1747750414883,,
1747750415074,,
1747750415275.0,9973.3,9978.3
1747750415499,,
1747750416576.0,9973.2,9978.2
1747750416733.0,9973.1,9978.1
1747750418120,,
1747750424278.0,9972.7,9977.7
1747750424377,,
1747750425064,,
1747750425165.0,9972.9,9977.9
1747750426140,,
1747750426239.0,9973.0,9978.0
1747750426591.0,9973.1,9978.1
1747750426899.0,9972.9,9977.9
1747750427478.0,9972.9,9977.9
1747750429602.0,9973.0,9978.0
1747750430173.0,9973.4,9978.4
1747750430471.0,9973.1,9978.1
1747750430741.0,9973.3,9978.3
1747750430948.0,9973.4,9978.4
1747750431048.0,9973.3,9978.3
1747750431248.0,9973.1,9978.1
1747750431566.0,9973.1,9978.1
1747750433082.0,9972.8,9977.8
1747750433442.0,9972.8,9977.8
1747750434102.0,9972.9,9977.9
1747750434739.0,9972.9,9977.9
1747750435102.0,9972.9,9977.9
1747750435202.0,9972.8,9977.8
1747750435444.0,9972.7,9977.7
1747750439070.0,9972.6,9977.6
1747750439171.0,9972.7,9977.7
1747750440732.0,9972.6,9977.6
1747750441033.0,9972.2,9977.2
1747750441312.0,9972.2,9977.2
1747750441514.0,9972.2,9977.2
1747750442282.0,9972.1,9977.1
1747750442877.0,9971.7,9976.7
1747750442978.0,9971.6,9976.6
1747750444556,,
1747750444692.0,9971.3,9976.3
1747750445923.0,9970.9,9975.9
1747750446122.0,9971.0,9976.0
1747750446223.0,9971.2,9976.2
1747750446727.0,9971.3,9976.3
1747750446828.0,9971.2,9976.2
1747750447925.0,9971.0,9976.0
1747750448152.0,9971.2,9976.2
1747750448351.0,9971.0,9976.0
1747750448673.0,9970.9,9975.9
1747750449167.0,9970.7,9975.7
1747750450305.0,9970.8,9975.8
1747750450505.0,9970.8,9975.8
1747750450605.0,9970.7,9975.7
1747750451902.0,9970.8,9975.8
1747750452109.0,9970.8,9975.8
1747750452492.0,9970.9,9975.9
1747750453512.0,9970.8,9975.8
1747750454575.0,9970.7,9975.7
1747750454675.0,9970.8,9975.8
1747750455926.0,9970.7,9975.7
1747750456466.0,9970.7,9975.7
1747750456666.0,9970.4,9975.4
1747750458282.0,9970.5,9975.5
1747750458479.0,9970.4,9975.4
1747750459260.0,9970.5,9975.5
1747750459482,,
1747750459582,,
1747750460847.0,9970.3,9975.3
1747750460947.0,9970.2,9975.2
1747750461323.0,9970.3,9975.3
1747750461617.0,9970.2,9975.2
1747750462160.0,9970.6,9975.6
1747750462839.0,9970.5,9975.5
1747750463132.0,9970.2,9975.2
1747750463513.0,9970.4,9975.4
1747750463611.0,9970.2,9975.2
1747750467253.0,9970.3,9975.3
1747750467625.0,9969.9,9974.9
1747750467783.0,9969.8,9974.8
1747750467998.0,9969.7,9974.7
1747750469734.0,9969.9,9974.9
1747750470727.0,9969.7,9974.7
1747750472414.0,9969.8,9974.8
1747750473018.0,9969.7,9974.7
1747750473381.0,9969.8,9974.8
1747750473592.0,9969.7,9974.7
1747750473810.0,9969.8,9974.8
1747750473910.0,9970.1,9975.1
1747750474342.0,9970.0,9975.0
1747750475671.0,9969.9,9974.9
1747750478105.0,9969.9,9974.9
1747750478684.0,9969.9,9974.9
1747750479466.0,9969.8,9974.8
1747750479580.0,9969.9,9974.9
1747750479797.0,9970.1,9975.1
1747750479898.0,9970.2,9975.2
1747750482153.0,9970.2,9975.2
1747750482462.0,9970.3,9975.3
1747750483569.0,9970.6,9975.6
1747750483670.0,9970.7,9975.7
1747750485014.0,9970.9,9975.9
1747750487036.0,9970.9,9975.9
1747750489660.0,9971.0,9976.0
1747750489760.0,9970.9,9975.9
1747750490417.0,9971.0,9976.0
1747750490676.0,9970.9,9975.9
1747750490777,,
1747750491753.0,9971.1,9976.1
1747750491968.0,9971.1,9976.1
1747750492457.0,9971.1,9976.1
1747750493902.0,9971.4,9976.4
1747750494389.0,9971.5,9976.5
1747750495196.0,9971.6,9976.6
1747750495396.0,9971.7,9976.7
1747750497470.0,9971.5,9976.5
1747750497571.0,9971.6,9976.6
1747750499399.0,9971.5,9976.5
1747750499776.0,9971.4,9976.4
1747750500099.0,9971.0,9976.0
1747750500564.0,9970.9,9975.9
1747750500904.0,9970.9,9975.9
1747750501011.0,9971.0,9976.0
1747750501104.0,9970.9,9975.9
1747750505101.0,9970.8,9975.8
1747750507219.0,9970.4,9975.4
1747750507419.0,9969.8,9974.8
1747750508240.0,9969.4,9974.4
1747750509324.0,9969.5,9974.5
1747750509425.0,9969.4,9974.4
1747750509872.0,9969.5,9974.5
1747750509971.0,9969.6,9974.6
1747750510907.0,9969.4,9974.4
1747750511154.0,9969.5,9974.5
1747750511790.0,9969.5,9974.5
1747750511989.0,9969.5,9974.5
1747750513015.0,9969.6,9974.6
1747750513668.0,9969.5,9974.5
1747750513769.0,9969.6,9974.6
1747750514256.0,9969.5,9974.5
1747750514878.0,9969.6,9974.6
1747750515159.0,9969.5,9974.5
1747750516351.0,9969.7,9974.7
1747750517807,,
1747750517983.0,9969.6,9974.6
1747750518083.0,9969.7,9974.7
1747750519319.0,9969.6,9974.6
1747750519503.0,9970.1,9975.1
1747750520637.0,9969.8,9974.8
1747750520812.0,9969.9,9974.9
1747750521502.0,9969.9,9974.9
1747750522870.0,9970.3,9975.3
1747750523422.0,9970.4,9975.4
1747750524501.0,9970.3,9975.3
1747750524767.0,9970.6,9975.6
1747750525043.0,9970.2,9975.2
1747750525142.0,9970.4,9975.4
1747750525244.0,9970.3,9975.3
1747750525550.0,9970.3,9975.3
1747750529466.0,9970.6,9975.6
1747750529565.0,9970.7,9975.7
1747750530022.0,9970.5,9975.5
1747750530249.0,9970.5,9975.5
1747750530481.0,9970.4,9975.4
1747750531690.0,9970.6,9975.6
1747750532083.0,9970.5,9975.5
1747750532382.0,9970.6,9975.6
1747750532698.0,9970.6,9975.6
1747750533002.0,9970.5,9975.5
1747750533100.0,9970.9,9975.9
1747750533300.0,9970.6,9975.6
1747750534008.0,9970.6,9975.6
1747750534523.0,9970.5,9975.5
1747750534847.0,9970.4,9975.4
1747750535107.0,9970.4,9975.4
1747750535206.0,9970.3,9975.3
1747750536347.0,9970.6,9975.6
1747750536698.0,9970.5,9975.5
1747750537025.0,9970.5,9975.5
1747750537429.0,9970.6,9975.6
1747750537675.0,9970.5,9975.5
1747750538137.0,9970.5,9975.5
1747750539113.0,9970.5,9975.5
1747750539946.0,9970.6,9975.6
1747750542461.0,9970.6,9975.6
1747750542933.0,9970.7,9975.7
1747750545018.0,9970.6,9975.6
1747750548025.0,9970.9,9975.9
1747750548668.0,9971.2,9976.2
1747750549760.0,9972.0,9977.0
1747750549859.0,9971.7,9976.7
1747750550591,,
1747750551421.0,9971.6,9976.6
1747750553016,,
1747750553124.0,9971.7,9976.7
1747750555336,,
1747750556780,,
1747750557422.0,9971.8,9976.8
1747750557636.0,9971.7,9976.7
1747750559664,,
1747750560123.0,9971.8,9976.8
1747750560224.0,9971.7,9976.7
1747750560615.0,9971.8,9976.8
1747750561122.0,9971.7,9976.7
1747750562450.0,9971.8,9976.8
1747750562547.0,9971.7,9976.7
1747750564112.0,9971.9,9976.9
1747750564311.0,9971.7,9976.7
1747750565369,,
1747750565597.0,9971.7,9976.7
1747750567341.0,9971.7,9976.7
1747750567616.0,9971.8,9976.8
1747750567926.0,9971.7,9976.7
1747750570686.0,9971.8,9976.8
1747750570888.0,9971.8,9976.8
1747750570987.0,9971.7,9976.7
1747750574334.0,9971.8,9976.8
1747750574817.0,9971.7,9976.7
1747750575104.0,9971.8,9976.8
1747750576609.0,9971.7,9976.7
1747750576709.0,9971.9,9976.9
1747750578482.0,9972.5,9977.5
1747750579363.0,9972.4,9977.4
1747750579463.0,9972.5,9977.5
1747750579836.0,9971.9,9976.9
1747750580952.0,9971.8,9976.8
1747750581152.0,9971.9,9976.9
1747750582067.0,9972.0,9977.0
1747750582631.0,9972.1,9977.1
1747750583011.0,9972.0,9977.0
1747750584711,,
1747750586573,,
1747750590677.0,9972.3,9977.3
1747750590987.0,9972.4,9977.4
1747750591108.0,9972.5,9977.5
1747750591514.0,9972.5,9977.5
1747750592901.0,9972.4,9977.4
1747750593001.0,9972.3,9977.3
1747750593417.0,9972.4,9977.4
1747750593740.0,9972.5,9977.5
1747750593939.0,9972.2,9977.2
1747750594281.0,9972.3,9977.3
1747750594398.0,9972.4,9977.4
1747750594668.0,9972.1,9977.1
1747750596168.0,9972.0,9977.0
1747750596268.0,9972.2,9977.2
1747750597026.0,9972.3,9977.3
1747750597605.0,9972.1,9977.1
1747750599058.0,9971.9,9976.9
1747750599158.0,9972.0,9977.0
1747750600640.0,9972.6,9977.6
1747750604508,,
1747750604609.0,9972.8,9977.8
1747750606354.0,9972.9,9977.9
1747750606566.0,9972.8,9977.8
1747750606806.0,9972.8,9977.8
1747750606906.0,9972.9,9977.9
1747750607125.0,9972.9,9977.9
1747750607225.0,9972.8,9977.8
1747750607444.0,9972.8,9977.8
1747750607544.0,9972.9,9977.9
1747750607764.0,9972.9,9977.9
1747750607870.0,9972.8,9977.8
1747750608084.0,9972.8,9977.8
1747750608775.0,9972.7,9977.7
1747750608975.0,9972.8,9977.8
1747750609184.0,9972.7,9977.7
1747750610152.0,9972.8,9977.8
1747750610269.0,9972.9,9977.9
1747750611087.0,9972.9,9977.9
1747750611444.0,9973.0,9978.0
1747750611717.0,9972.9,9977.9
1747750613520.0,9972.9,9977.9
1747750614266.0,9972.8,9977.8
1747750614465,,
1747750614564,,
1747750615222.0,9972.6,9977.6
1747750615320.0,9972.7,9977.7
1747750615879.0,9972.8,9977.8
1747750616297.0,9972.9,9977.9
1747750616706.0,9972.8,9977.8
1747750616885.0,9972.7,9977.7
1747750616986.0,9972.8,9977.8
1747750617374.0,9972.9,9977.9
1747750617474.0,9972.7,9977.7
1747750617600.0,9972.8,9977.8
1747750617872.0,9972.7,9977.7
1747750618526.0,9972.8,9977.8
1747750619946.0,9972.7,9977.7
1747750621113.0,9972.8,9977.8
1747750621213.0,9972.7,9977.7
1747750621428.0,9972.7,9977.7
1747750622097.0,9972.8,9977.8
1747750622527.0,9972.7,9977.7
1747750623303.0,9972.6,9977.6
1747750623403.0,9972.7,9977.7
1747750624118.0,9972.6,9977.6
1747750624225.0,9972.7,9977.7
1747750625222.0,9972.8,9977.8
1747750627088.0,9972.7,9977.7
1747750627683.0,9972.8,9977.8
1747750627784.0,9972.7,9977.7
1747750627883.0,9972.8,9977.8
1747750629154.0,9972.9,9977.9
1747750629255.0,9972.8,9977.8
1747750630675.0,9972.7,9977.7
1747750631788,,
1747750634250.0,9972.8,9977.8
1747750634555.0,9972.9,9977.9
1747750635041.0,9973.6,9978.6
1747750636184.0,9973.4,9978.4
1747750636283.0,9973.8,9978.8
1747750636699.0,9974.1,9979.1
1747750637804.0,9974.0,9979.0
1747750638004.0,9973.9,9978.9
1747750641880.0,9973.8,9978.8
1747750642133.0,9973.9,9978.9
1747750643009.0,9973.8,9978.8
1747750643768.0,9973.9,9978.9
1747750646321.0,9973.8,9978.8
1747750647256.0,9973.7,9978.7
1747750647357.0,9973.8,9978.8
1747750648641.0,9973.9,9978.9
1747750648742.0,9973.8,9978.8
1747750648904.0,9973.9,9978.9
1747750649002.0,9973.8,9978.8
1747750650831.0,9973.7,9978.7
1747750652434.0,9973.6,9978.6
1747750654174.0,9973.7,9978.7
1747750654986.0,9973.9,9978.9
1747750655162.0,9973.8,9978.8
1747750655877.0,9973.9,9978.9
1747750658877.0,9974.2,9979.2
1747750659076.0,9974.4,9979.4
1747750659224.0,9974.0,9979.0
1747750660066.0,9973.9,9978.9
1747750660165.0,9973.8,9978.8
1747750660859.0,9973.8,9978.8
1747750661157.0,9973.9,9978.9
1747750661357.0,9973.9,9978.9
1747750661655.0,9973.8,9978.8
1747750661810.0,9973.7,9978.7
1747750661969,,
1747750662454.0,9973.7,9978.7
1747750664240.0,9973.6,9978.6
1747750665015.0,9973.2,9978.2
1747750665477.0,9973.3,9978.3
1747750665568.0,9973.4,9978.4
1747750665830.0,9973.6,9978.6
1747750665991.0,9973.5,9978.5
1747750666083.0,9973.6,9978.6
1747750667129.0,9973.5,9978.5
1747750667329.0,9973.5,9978.5
1747750667594.0,9973.6,9978.6
1747750670404.0,9973.7,9978.7
1747750670804.0,9973.7,9978.7
1747750671921.0,9973.6,9978.6
1747750672715.0,9973.7,9978.7
1747750673962.0,9973.6,9978.6
1747750674088.0,9973.2,9978.2
1747750674187,,
1747750680016.0,9973.6,9978.6
1747750680121.0,9973.2,9978.2
1747750681315.0,9973.6,9978.6
1747750683204.0,9973.5,9978.5
1747750683303.0,9973.6,9978.6
1747750685230.0,9973.9,9978.9
1747750692374.0,9973.9,9978.9
1747750692648.0,9973.8,9978.8
1747750692748.0,9973.9,9978.9
1747750694431.0,9973.8,9978.8
1747750694531.0,9973.9,9978.9
1747750694744.0,9973.9,9978.9
1747750697676.0,9974.2,9979.2
1747750700131.0,9974.5,9979.5
1747750700227.0,9974.6,9979.6
1747750700706.0,9974.4,9979.4
1747750702536.0,9974.4,9979.4
1747750703510.0,9974.6,9979.6
1747750706037.0,9974.9,9979.9
1747750707181.0,9975.1,9980.1
1747750707281.0,9975.2,9980.2
1747750708073.0,9975.1,9980.1
1747750708652.0,9975.2,9980.2
1747750710012.0,9975.4,9980.4
1747750710923.0,9975.6,9980.6
1747750711402.0,9975.5,9980.5
1747750713178.0,9975.5,9980.5
1747750713658.0,9975.1,9980.1
1747750713959.0,9975.3,9980.3
1747750714240.0,9975.4,9980.4
1747750714540.0,9975.3,9980.3
1747750715120.0,9975.1,9980.1
1747750715902.0,9974.7,9979.7
1747750716443.0,9974.9,9979.9
1747750717161.0,9974.8,9979.8
1747750717600,,
1747750717809.0,9974.9,9979.9
1747750718397.0,9975.0,9980.0
1747750718941.0,9975.3,9980.3
1747750719042.0,9975.1,9980.1
1747750719349.0,9975.0,9980.0
1747750719511.0,9974.9,9979.9
1747750719847.0,9975.0,9980.0
1747750720116.0,9975.1,9980.1
1747750720787.0,9974.8,9979.8
1747750721641.0,9974.7,9979.7
1747750722311.0,9974.8,9979.8
1747750723170.0,9974.8,9979.8
1747750724347.0,9974.9,9979.9
1747750724448.0,9974.8,9979.8
1747750724761.0,9974.9,9979.9
1747750725082.0,9974.8,9979.8
1747750726697.0,9974.9,9979.9
1747750726901.0,9974.7,9979.7
1747750733966.0,9974.6,9979.6
1747750735137.0,9974.4,9979.4
1747750735234.0,9974.6,9979.6
1747750736509.0,9974.3,9979.3
1747750736667.0,9974.2,9979.2
1747750740870.0,9974.4,9979.4
1747750740968.0,9974.6,9979.6
1747750741396.0,9974.9,9979.9
1747750741647.0,9974.7,9979.7
1747750741747.0,9974.6,9979.6
1747750742187.0,9974.7,9979.7
1747750744121.0,9974.8,9979.8
1747750744225.0,9974.9,9979.9
1747750744451.0,9974.8,9979.8
1747750745181.0,9974.7,9979.7
1747750745280.0,9974.8,9979.8
1747750746024.0,9974.8,9979.8
1747750748885.0,9974.8,9979.8
1747750749136.0,9974.7,9979.7
1747750754069,,
1747750756869.0,9974.9,9979.9
1747750759194.0,9974.7,9979.7
1747750760055.0,9974.6,9979.6
1747750763165,,
1747750763862,,
1747750764472.0,9974.1,9979.1
1747750767955.0,9973.7,9978.7
1747750768056.0,9973.8,9978.8
1747750769832.0,9973.8,9978.8
1747750770101.0,9973.9,9978.9
1747750770507.0,9974.0,9979.0
1747750771353.0,9974.1,9979.1
1747750772093.0,9974.0,9979.0
1747750773451.0,9974.2,9979.2
1747750776121.0,9974.6,9979.6
1747750776218.0,9974.7,9979.7
1747750777156.0,9975.4,9980.4
1747750778270.0,9975.1,9980.1
1747750778468.0,9975.3,9980.3
1747750779349.0,9975.4,9980.4
1747750781558.0,9975.7,9980.7
1747750781659,,
1747750784035.0,9975.8,9980.8
1747750785019.0,9976.0,9981.0
1747750785117.0,9976.1,9981.1
1747750786815.0,9976.4,9981.4
1747750787152.0,9976.5,9981.5
1747750787373.0,9976.6,9981.6
1747750789365.0,9976.7,9981.7
1747750789467.0,9976.8,9981.8
1747750789565.0,9976.6,9981.6
1747750790218.0,9976.4,9981.4
1747750790491.0,9975.9,9980.9
1747750791199.0,9976.0,9981.0
1747750791377.0,9975.9,9980.9
1747750793400.0,9976.0,9981.0
1747750794179.0,9975.9,9980.9
1747750795914.0,9975.8,9980.8
1747750796489.0,9975.9,9980.9
1747750796876.0,9975.8,9980.8
1747750798041.0,9975.9,9980.9
1747750800703,,
1747750801981.0,9975.8,9980.8
1747750803084.0,9975.9,9980.9
1747750805819.0,9975.8,9980.8
1747750806025.0,9975.3,9980.3
1747750808668.0,9975.1,9980.1
1747750808868.0,9975.2,9980.2
1747750815209.0,9975.4,9980.4
1747750816062.0,9975.3,9980.3
1747750816186.0,9975.2,9980.2
1747750816466.0,9975.4,9980.4
1747750822790.0,9975.2,9980.2
1747750823804.0,9975.3,9980.3
1747750824025.0,9975.1,9980.1
1747750824379.0,9975.2,9980.2
1747750824480.0,9975.4,9980.4
1747750832877.0,9974.8,9979.8
1747750833691.0,9974.9,9979.9
1747750833790.0,9975.1,9980.1
1747750836072.0,9975.0,9980.0
1747750836272.0,9975.0,9980.0
1747750836577.0,9975.2,9980.2
1747750837626,,
1747750842236.0,9975.3,9980.3
1747750842586.0,9975.2,9980.2
1747750844065.0,9975.3,9980.3
1747750844728.0,9975.2,9980.2
1747750845523.0,9975.3,9980.3
1747750846893.0,9975.2,9980.2
1747750853740.0,9975.0,9980.0
1747750853841.0,9975.2,9980.2
1747750854611.0,9974.6,9979.6
1747750854811.0,9974.9,9979.9
1747750860015.0,9975.1,9980.1
1747750860436.0,9974.9,9979.9
1747750860613.0,9974.5,9979.5
1747750861254.0,9974.7,9979.7
1747750861353,,
1747750862656.0,9974.7,9979.7
1747750865202.0,9975.0,9980.0
1747750865644.0,9975.1,9980.1
1747750866141.0,9975.1,9980.1
1747750866501.0,9975.2,9980.2
1747750866602.0,9975.1,9980.1
1747750868413.0,9975.2,9980.2
1747750869482.0,9975.1,9980.1
1747750869591.0,9975.2,9980.2
1747750871291.0,9975.2,9980.2
1747750871736.0,9975.1,9980.1
1747750871961.0,9975.2,9980.2
1747750872413,,
1747750874283.0,9975.1,9980.1
1747750874382.0,9975.2,9980.2
1747750875012.0,9975.4,9980.4
1747750875411.0,9975.4,9980.4
1747750876229.0,9975.3,9980.3
1747750876330.0,9975.4,9980.4
1747750879682.0,9975.3,9980.3
1747750879882.0,9975.3,9980.3
1747750880545.0,9975.1,9980.1
1747750880989,,
1747750881340.0,9975.4,9980.4
1747750881994.0,9975.3,9980.3
1747750882374.0,9975.1,9980.1
1747750883790.0,9975.0,9980.0
1747750883888.0,9975.1,9980.1
1747750884137.0,9975.0,9980.0
1747750884240.0,9975.1,9980.1
1747750884508.0,9975.1,9980.1
1747750884806,,
1747750885474.0,9975.4,9980.4
1747750885890.0,9975.3,9980.3
1747750887557.0,9975.2,9980.2
1747750889690,,
1747750896214.0,9975.4,9980.4
1747750903082.0,9975.3,9980.3
1747750903281.0,9975.2,9980.2
1747750903382.0,9975.1,9980.1
1747750905018.0,9974.7,9979.7
1747750906324,,
1747750906779.0,9974.6,9979.6
1747750909293,,
1747750909431.0,9974.6,9979.6
1747750914434.0,9974.2,9979.2
1747750918248.0,9974.1,9979.1
1747750918348,,
1747750920391.0,9973.9,9978.9
1747750923298.0,9973.8,9978.8
1747750923592.0,9974.0,9979.0
1747750924213.0,9973.8,9978.8
1747750926323.0,9974.1,9979.1
1747750926856.0,9973.7,9978.7
1747750928569.0,9973.9,9978.9
1747750928669,,
1747750933251.0,9974.1,9979.1
1747750935012.0,9974.2,9979.2
1747750940951,,
1747750941155.0,9974.2,9979.2
1747750944726.0,9974.4,9979.4
1747750945128.0,9974.3,9979.3
1747750945229.0,9974.4,9979.4
1747750946485.0,9974.2,9979.2
1747750946731.0,9974.3,9979.3
1747750946948.0,9974.3,9979.3
1747750947048.0,9974.4,9979.4
1747750951543.0,9974.2,9979.2
1747750952063,,
1747750953026.0,9974.3,9979.3
1747750953125.0,9974.4,9979.4
1747750956840.0,9974.2,9979.2
1747750964322,,
1747750964422,,
1747750964919,,
1747750965021.0,9973.7,9978.7
1747750966218.0,9973.5,9978.5
1747750967071.0,9973.3,9978.3
1747750969430.0,9973.0,9978.0
1747750969631.0,9972.9,9977.9
1747750972452.0,9973.0,9978.0
1747750973247.0,9972.9,9977.9
1747750978159.0,9972.6,9977.6
1747750979062,,
1747750979161.0,9972.4,9977.4
1747750979483,,
1747750986787.0,9972.1,9977.1
1747750989269.0,9972.0,9977.0
1747750991488.0,9971.3,9976.3
1747750991601.0,9971.4,9976.4
1747750992529.0,9971.5,9976.5
1747750993290.0,9971.5,9976.5
1747750994273.0,9971.6,9976.6
1747750994730.0,9971.4,9976.4
1747750996079.0,9971.6,9976.6
1747750996201.0,9971.5,9976.5
1747750996885.0,9971.5,9976.5
1747750997014.0,9971.4,9976.4
1747750997369.0,9971.4,9976.4
1747750998207.0,9971.5,9976.5
1747750998306.0,9971.4,9976.4
1747751004215.0,9971.3,9976.3
1747751005336.0,9971.2,9976.2
1747751005435.0,9971.3,9976.3
1747751006064.0,9971.2,9976.2
1747751006164.0,9971.3,9976.3
1747751007888.0,9971.4,9976.4
1747751009768,,
1747751017315.0,9971.3,9976.3
1747751018140,,
1747751020379.0,9971.0,9976.0
1747751023463.0,9971.1,9976.1
1747751023564.0,9971.0,9976.0
1747751024292.0,9971.1,9976.1
1747751024512.0,9971.1,9976.1
1747751024611.0,9971.0,9976.0
1747751025166.0,9970.9,9975.9
1747751025502.0,9970.8,9975.8
1747751026614.0,9970.9,9975.9
1747751026775.0,9970.8,9975.8
1747751027164.0,9970.9,9975.9
1747751028568.0,9970.8,9975.8
1747751029092.0,9970.9,9975.9
1747751029956.0,9971.4,9976.4
1747751030191.0,9971.1,9976.1
1747751031328.0,9971.4,9976.4
1747751031765.0,9971.4,9976.4
1747751036461.0,9971.6,9976.6
1747751036562,,
1747751044741.0,9971.5,9976.5
1747751044923.0,9971.6,9976.6
1747751045619.0,9971.5,9976.5
1747751045819.0,9971.4,9976.4
1747751049539.0,9971.3,9976.3
1747751049640.0,9971.4,9976.4
1747751050326.0,9971.3,9976.3
1747751050446.0,9971.4,9976.4
1747751050986.0,9971.3,9976.3
1747751053786.0,9971.2,9976.2
1747751053885.0,9971.3,9976.3
1747751054136.0,9971.2,9976.2
1747751054243.0,9971.3,9976.3
1747751056464.0,9971.0,9976.0
1747751057535.0,9971.1,9976.1
1747751060025.0,9971.2,9976.2
1747751065050.0,9971.3,9976.3
1747751065741.0,9971.2,9976.2
1747751065841.0,9971.3,9976.3
1747751067427.0,9971.2,9976.2
1747751067633.0,9971.3,9976.3
1747751068462.0,9971.2,9976.2
1747751068604.0,9971.3,9976.3
1747751070091.0,9971.3,9976.3
1747751070539.0,9971.2,9976.2
1747751070833.0,9971.3,9976.3
1747751072824.0,9971.5,9976.5
1747751072955.0,9971.6,9976.6
1747751077108.0,9972.0,9977.0
1747751077387.0,9972.1,9977.1
1747751077572.0,9972.0,9977.0
1747751080183.0,9971.8,9976.8
1747751080407.0,9972.1,9977.1
1747751080508.0,9972.3,9977.3
1747751080790.0,9972.2,9977.2
1747751084441.0,9972.1,9977.1
1747751084639.0,9972.0,9977.0
1747751093676.0,9972.1,9977.1
1747751093776.0,9972.0,9977.0
1747751098471,,
1747751098772.0,9972.0,9977.0
1747751099299.0,9971.9,9976.9
1747751099776.0,9971.8,9976.8
1747751100644.0,9971.6,9976.6
1747751103916.0,9971.6,9976.6
1747751104864.0,9971.7,9976.7
1747751109725.0,9971.5,9976.5
1747751109825,,
1747751110687.0,9971.6,9976.6
1747751110886.0,9971.5,9976.5
1747751111537.0,9971.3,9976.3
1747751112572.0,9971.2,9976.2
1747751114208,,
1747751116750.0,9970.9,9975.9
1747751117319.0,9970.7,9975.7
1747751117528.0,9970.6,9975.6
1747751118851.0,9970.9,9975.9
1747751118951,,
1747751119608.0,9970.8,9975.8
1747751119990.0,9970.8,9975.8
1747751122627.0,9970.9,9975.9
1747751122726.0,9971.1,9976.1
1747751123395.0,9971.0,9976.0
1747751124812.0,9970.8,9975.8
1747751125753.0,9970.9,9975.9
1747751126264.0,9970.8,9975.8
1747751126365.0,9970.9,9975.9
1747751127248.0,9970.8,9975.8
1747751129724.0,9970.8,9975.8
1747751132197.0,9970.7,9975.7
1747751132295.0,9970.8,9975.8
1747751133813.0,9970.7,9975.7
1747751134030.0,9970.6,9975.6
1747751139454.0,9970.6,9975.6
1747751142665.0,9970.5,9975.5
1747751143254,,
1747751143506.0,9970.2,9975.2
1747751143781.0,9970.2,9975.2
1747751143888.0,9970.3,9975.3
1747751143981.0,9970.2,9975.2
1747751144499.0,9970.1,9975.1
1747751144700.0,9970.0,9975.0
1747751145108.0,9969.9,9974.9
1747751145514.0,9969.8,9974.8
1747751145614.0,9969.9,9974.9
1747751145840.0,9969.8,9974.8
1747751146323.0,9969.9,9974.9
1747751148735.0,9969.8,9974.8
1747751150954.0,9969.9,9974.9
1747751152199.0,9969.8,9974.8
1747751152423.0,9969.8,9974.8
1747751152926.0,9969.9,9974.9
1747751153326.0,9969.9,9974.9
1747751153940.0,9970.0,9975.0
1747751154096.0,9969.9,9974.9
1747751154610.0,9969.9,9974.9
1747751156512.0,9969.6,9974.6
1747751157167.0,9969.9,9974.9
1747751157267.0,9969.8,9974.8
1747751159904.0,9969.9,9974.9
1747751160004.0,9969.8,9974.8
1747751160410.0,9969.9,9974.9
1747751160511.0,9969.8,9974.8
1747751160939.0,9969.9,9974.9
1747751161439.0,9969.8,9974.8
1747751161696.0,9969.9,9974.9
1747751161796.0,9969.8,9974.8
1747751162857.0,9969.7,9974.7
1747751162958.0,9969.8,9974.8
1747751166500.0,9969.7,9974.7
1747751166627.0,9969.4,9974.4
1747751166827.0,9969.2,9974.2
1747751173026.0,9969.4,9974.4
1747751174121.0,9969.3,9974.3
1747751174220.0,9969.5,9974.5
1747751175011.0,9969.7,9974.7
1747751175321.0,9969.6,9974.6
1747751177179.0,9969.4,9974.4
1747751177379.0,9969.7,9974.7
1747751177859.0,9970.0,9975.0
1747751178257.0,9969.9,9974.9
1747751179677.0,9969.6,9974.6
1747751179777.0,9969.7,9974.7
1747751180130.0,9969.8,9974.8
1747751180823.0,9969.7,9974.7
1747751181781.0,9969.3,9974.3
1747751182068.0,9969.4,9974.4
1747751182810.0,9969.3,9974.3
1747751182909.0,9969.4,9974.4
1747751183545.0,9969.2,9974.2
1747751183979.0,9969.1,9974.1
1747751185701,,
1747751186397.0,9969.2,9974.2
1747751188426.0,9969.1,9974.1
1747751189584.0,9969.1,9974.1
1747751189767.0,9969.2,9974.2
1747751193117.0,9969.1,9974.1
1747751193660.0,9969.1,9974.1
1747751194347.0,9968.8,9973.8
1747751195013.0,9968.9,9973.9
1747751196329.0,9968.6,9973.6
1747751197663.0,9968.5,9973.5
1747751198740,,
1747751199064.0,9968.5,9973.5
1747751200123.0,9968.7,9973.7
1747751201350.0,9968.5,9973.5
1747751203134.0,9969.0,9974.0
1747751203334.0,9969.0,9974.0
1747751206913.0,9969.1,9974.1
1747751207156.0,9969.3,9974.3
1747751207320.0,9970.1,9975.1
1747751209063.0,9970.0,9975.0
1747751209692.0,9969.8,9974.8
1747751211271.0,9969.9,9974.9
1747751211370.0,9969.8,9974.8
1747751211623.0,9969.9,9974.9
1747751212712.0,9969.8,9974.8
1747751212812.0,9969.9,9974.9
1747751213445.0,9970.0,9975.0
1747751216965.0,9970.4,9975.4
1747751217066.0,9970.9,9975.9
1747751218581.0,9971.0,9976.0
1747751218680.0,9971.2,9976.2
1747751219494.0,9971.0,9976.0
1747751219720.0,9971.4,9976.4
1747751220010.0,9971.1,9976.1
1747751220253.0,9971.3,9976.3
1747751221053.0,9971.4,9976.4
1747751221177.0,9971.5,9976.5
1747751221508.0,9971.7,9976.7
1747751223979.0,9971.6,9976.6
1747751227308.0,9971.8,9976.8
1747751227586.0,9972.0,9977.0
1747751227786.0,9972.0,9977.0
1747751228109,,
1747751228355.0,9971.9,9976.9
1747751228706.0,9971.8,9976.8
1747751229230.0,9971.6,9976.6
1747751229315,,
1747751230274.0,9971.6,9976.6
1747751230580.0,9971.4,9976.4
1747751230680,,
1747751238471.0,9970.9,9975.9
1747751238672.0,9970.2,9975.2
1747751238907.0,9970.2,9975.2
1747751239007.0,9970.1,9975.1
1747751240042.0,9970.0,9975.0
1747751240244.0,9969.9,9974.9
1747751240834.0,9970.0,9975.0
1747751241165.0,9970.1,9975.1
1747751242137.0,9970.0,9975.0
1747751244694.0,9970.1,9975.1
1747751246120.0,9970.0,9975.0
1747751247111.0,9969.9,9974.9
1747751247211.0,9970.0,9975.0
1747751250602.0,9970.1,9975.1
1747751250702,,
1747751251682.0,9970.0,9975.0
1747751251875.0,9969.9,9974.9
1747751252274.0,9970.0,9975.0
1747751253292.0,9969.9,9974.9
1747751253894.0,9969.9,9974.9
1747751254636.0,9970.0,9975.0
1747751254736.0,9970.1,9975.1
1747751254937.0,9970.0,9975.0
1747751255598.0,9970.1,9975.1
1747751255871.0,9970.0,9975.0
1747751256091.0,9970.1,9975.1
1747751256193.0,9970.0,9975.0
1747751257633.0,9970.0,9975.0
1747751258010.0,9970.1,9975.1
1747751258906.0,9970.0,9975.0
1747751259145.0,9970.1,9975.1
1747751259646.0,9970.2,9975.2
1747751260112.0,9970.4,9975.4
1747751262800.0,9970.3,9975.3
1747751262900.0,9970.2,9975.2
1747751265012.0,9970.4,9975.4
1747751267312.0,9970.7,9975.7
1747751268004.0,9970.5,9975.5
1747751268104,,
1747751270180.0,9970.5,9975.5
1747751272175.0,9970.6,9975.6
1747751272733.0,9970.5,9975.5
1747751275605.0,9969.9,9974.9
1747751275863.0,9969.9,9974.9
1747751276873.0,9969.8,9974.8
1747751277517.0,9969.7,9974.7
1747751277717,,
1747751278231.0,9970.1,9975.1
1747751278370.0,9969.8,9974.8
1747751278470.0,9969.9,9974.9
1747751279235.0,9969.8,9974.8
1747751279627.0,9969.8,9974.8
1747751279747.0,9969.7,9974.7
1747751280232.0,9969.8,9974.8
1747751280768.0,9969.8,9974.8
1747751281721.0,9969.7,9974.7
1747751282142.0,9969.4,9974.4
1747751282642.0,9969.3,9974.3
1747751282912.0,9969.2,9974.2
1747751284375.0,9969.1,9974.1
1747751288302,,
1747751290964.0,9969.3,9974.3
1747751291377.0,9969.2,9974.2
1747751291543.0,9969.3,9974.3
1747751292094.0,9969.2,9974.2
1747751296140.0,9969.0,9974.0
1747751296726,,
1747751296994,,
1747751297094,,
1747751304392.0,9968.8,9973.8
1747751304591.0,9968.2,9973.2
1747751304968.0,9967.9,9972.9
1747751305368.0,9968.0,9973.0
1747751305692.0,9968.0,9973.0
1747751305832.0,9967.7,9972.7
1747751307320,,
1747751307881.0,9967.8,9972.8
1747751308340.0,9968.0,9973.0
1747751308656.0,9967.9,9972.9
1747751310014.0,9968.1,9973.1
1747751310588.0,9967.9,9972.9
1747751311971.0,9968.2,9973.2
1747751312069,,
1747751316944.0,9967.7,9972.7
1747751317254.0,9967.8,9972.8
1747751317758.0,9968.1,9973.1
1747751320298.0,9968.2,9973.2
1747751320498.0,9968.8,9973.8
1747751320842.0,9969.3,9974.3
1747751321632.0,9969.1,9974.1
1747751321732.0,9969.2,9974.2
1747751323094.0,9969.5,9974.5
1747751323197.0,9969.9,9974.9
1747751323843.0,9970.0,9975.0
1747751323943.0,9969.9,9974.9
1747751325323.0,9969.6,9974.6
1747751325678.0,9969.9,9974.9
1747751325902.0,9969.8,9974.8
1747751328147.0,9969.6,9974.6
1747751329001.0,9969.5,9974.5
1747751329696.0,9969.9,9974.9
1747751333553,,
1747751333839.0,9969.9,9974.9
1747751333939.0,9969.8,9974.8
1747751336036.0,9969.8,9974.8
1747751338060.0,9969.6,9974.6
1747751340010.0,9969.4,9974.4
1747751340664,,
1747751340764.0,9968.9,9973.9
1747751341096.0,9968.8,9973.8
1747751341792.0,9969.1,9974.1
1747751342246.0,9969.0,9974.0
1747751342345.0,9969.1,9974.1
1747751347694.0,9969.3,9974.3
1747751348007.0,9969.1,9974.1
1747751348477.0,9969.2,9974.2
1747751348577.0,9969.3,9974.3
1747751349602.0,9969.2,9974.2
1747751349703.0,9969.3,9974.3
1747751351403.0,9969.5,9974.5
1747751354531.0,9970.0,9975.0
1747751354630.0,9970.1,9975.1
1747751355016.0,9970.0,9975.0
1747751355577.0,9969.9,9974.9
1747751355678.0,9970.0,9975.0
1747751357368.0,9969.9,9974.9
1747751357468.0,9970.0,9975.0
1747751359804,,
1747751364925.0,9970.7,9975.7
1747751367461,,
1747751367741.0,9970.6,9975.6
1747751367837.0,9970.7,9975.7
1747751368276.0,9970.7,9975.7
1747751368559.0,9970.6,9975.6
1747751369284.0,9971.0,9976.0
1747751369586.0,9971.1,9976.1
1747751369965.0,9971.0,9976.0
1747751370166.0,9971.0,9976.0
1747751370442.0,9970.7,9975.7
1747751370542.0,9970.6,9975.6
1747751370991.0,9970.4,9975.4
1747751374222.0,9970.4,9975.4
1747751374680.0,9970.3,9975.3
1747751376517.0,9970.2,9975.2
1747751378237.0,9970.3,9975.3
1747751378361.0,9970.2,9975.2
1747751380207.0,9970.3,9975.3
1747751380328.0,9970.2,9975.2
1747751386444.0,9969.9,9974.9
1747751387501.0,9969.8,9974.8
1747751388510.0,9969.9,9974.9
1747751388610.0,9970.0,9975.0
1747751389165.0,9970.1,9975.1
1747751391923.0,9970.3,9975.3
1747751394340.0,9970.2,9975.2
1747751394440.0,9970.3,9975.3
1747751395166.0,9970.2,9975.2
1747751395366.0,9970.3,9975.3
1747751395843.0,9970.3,9975.3
1747751397593.0,9970.2,9975.2
1747751397693.0,9970.4,9975.4
1747751398426.0,9970.5,9975.5
1747751398525.0,9970.6,9975.6
1747751401774.0,9970.4,9975.4
1747751407425.0,9970.3,9975.3
1747751408012.0,9970.2,9975.2
1747751410752.0,9970.1,9975.1
1747751412750.0,9970.4,9975.4
1747751413153.0,9970.6,9975.6
1747751415163.0,9970.7,9975.7
1747751419954.0,9971.3,9976.3
1747751420208.0,9971.1,9976.1
1747751420516.0,9971.4,9976.4
1747751422270.0,9971.6,9976.6
1747751423174.0,9971.9,9976.9
1747751425076.0,9971.9,9976.9
1747751425236.0,9971.8,9976.8
1747751425630.0,9971.7,9976.7
1747751426171.0,9971.7,9976.7
1747751426557.0,9971.8,9976.8
1747751429413.0,9971.9,9976.9
1747751429956,,
1747751430541.0,9971.6,9976.6
1747751431116.0,9971.7,9976.7
1747751434054.0,9971.6,9976.6
1747751435510.0,9971.4,9976.4
1747751435901.0,9971.6,9976.6
1747751438369.0,9971.4,9976.4
1747751438644.0,9971.0,9976.0
1747751438744.0,9970.9,9975.9
1747751438845.0,9971.1,9976.1
1747751440831.0,9970.8,9975.8
1747751441421.0,9971.1,9976.1
1747751443347.0,9970.7,9975.7
1747751443607.0,9970.2,9975.2
1747751444037.0,9970.3,9975.3
1747751444196.0,9970.2,9975.2
1747751445009.0,9970.1,9975.1
1747751446343.0,9970.3,9975.3
1747751446893.0,9970.4,9975.4
1747751446994.0,9970.1,9975.1
1747751447946.0,9970.4,9975.4
1747751448267.0,9970.6,9975.6
1747751448424.0,9970.7,9975.7
1747751449088.0,9970.9,9975.9
1747751449304.0,9971.4,9976.4
1747751450639.0,9971.3,9976.3
1747751451825.0,9971.2,9976.2
1747751452072.0,9970.9,9975.9
1747751452173.0,9971.1,9976.1
1747751457423,,
1747751458794.0,9971.1,9976.1
1747751458893.0,9971.2,9976.2
1747751460330.0,9971.1,9976.1
1747751460974.0,9971.2,9976.2
1747751463194.0,9971.3,9976.3
1747751463397.0,9971.1,9976.1
1747751463494.0,9970.9,9975.9
1747751464615.0,9971.4,9976.4
1747751468767.0,9971.1,9976.1
1747751470147.0,9971.4,9976.4
1747751470247.0,9971.3,9976.3
1747751472300.0,9971.2,9976.2
1747751472399.0,9971.3,9976.3
1747751473108.0,9971.4,9976.4
1747751475331,,
1747751483172.0,9971.2,9976.2
1747751483898.0,9970.9,9975.9
1747751484083.0,9971.1,9976.1
1747751486430.0,9970.9,9975.9
1747751486530,,
1747751487259.0,9971.4,9976.4
1747751487668.0,9971.3,9976.3
1747751488861.0,9971.1,9976.1
1747751488959,,
1747751491658.0,9971.2,9976.2
1747751491839.0,9971.1,9976.1
1747751492191.0,9971.2,9976.2
1747751492291.0,9971.3,9976.3
1747751494103.0,9971.2,9976.2
1747751494203.0,9971.3,9976.3
1747751495037,,
1747751499435.0,9971.3,9976.3
1747751500407.0,9971.4,9976.4
1747751500506.0,9971.3,9976.3
1747751503240.0,9971.2,9976.2
1747751503339.0,9971.3,9976.3
1747751506303.0,9971.2,9976.2
1747751506780.0,9971.2,9976.2
1747751507394.0,9971.3,9976.3
1747751507578.0,9971.3,9976.3
1747751508221.0,9971.2,9976.2
1747751511817,,
1747751512181.0,9971.1,9976.1
1747751513518.0,9970.9,9975.9
1747751518193,,
1747751518574.0,9971.1,9976.1
1747751519843.0,9970.9,9975.9
1747751520047.0,9970.7,9975.7
1747751520717.0,9970.8,9975.8
1747751521009.0,9970.6,9975.6
1747751522234.0,9970.7,9975.7
1747751522335.0,9970.6,9975.6
1747751526435,,
1747751528166.0,9970.9,9975.9
1747751528292.0,9970.8,9975.8
1747751533129.0,9970.7,9975.7
1747751533229.0,9970.9,9975.9
1747751534402.0,9970.8,9975.8
1747751534501.0,9970.9,9975.9
1747751536026.0,9971.1,9976.1
1747751536125.0,9971.2,9976.2
1747751538415.0,9971.4,9976.4
1747751539833.0,9971.3,9976.3
1747751540917.0,9971.4,9976.4
1747751542550.0,9971.3,9976.3
1747751543498.0,9971.4,9976.4
1747751547152.0,9971.3,9976.3
1747751550416.0,9971.3,9976.3
1747751551219.0,9971.4,9976.4
1747751551569.0,9971.3,9976.3
1747751551669.0,9971.4,9976.4
1747751553956.0,9971.8,9976.8
1747751554057.0,9971.9,9976.9
1747751554472.0,9971.8,9976.8
1747751554572.0,9971.6,9976.6
1747751554673.0,9971.9,9976.9
1747751555124.0,9971.8,9976.8
1747751555322.0,9971.2,9976.2
1747751555422.0,9971.1,9976.1
1747751558081.0,9971.4,9976.4
1747751559112.0,9971.4,9976.4
1747751561581.0,9971.6,9976.6
1747751564118.0,9971.4,9976.4
1747751564972.0,9971.6,9976.6
1747751565875.0,9971.3,9976.3
1747751566074.0,9971.1,9976.1
1747751569047.0,9971.4,9976.4
1747751569711.0,9971.1,9976.1
1747751570601.0,9971.2,9976.2
1747751570701.0,9971.4,9976.4
1747751570944.0,9971.6,9976.6
1747751571596.0,9971.7,9976.7
1747751572387.0,9971.8,9976.8
1747751572687.0,9972.4,9977.4
1747751572785.0,9972.7,9977.7
1747751573019.0,9972.9,9977.9
1747751574066.0,9973.1,9978.1
1747751574167.0,9973.4,9978.4
1747751574507.0,9973.3,9978.3
1747751576822.0,9973.1,9978.1
1747751576922.0,9972.9,9977.9
1747751580263.0,9972.8,9977.8
1747751580887.0,9972.9,9977.9
1747751581124.0,9972.8,9977.8
1747751581223.0,9972.6,9977.6
1747751582394.0,9972.9,9977.9
1747751583169.0,9972.6,9977.6
1747751594563.0,9972.9,9977.9
1747751595143.0,9972.7,9977.7
1747751598265.0,9972.6,9977.6
1747751601974.0,9972.6,9977.6
1747751602962.0,9972.7,9977.7
1747751603189.0,9972.6,9977.6
1747751603654.0,9972.9,9977.9
1747751603971.0,9972.8,9977.8
1747751604071.0,9972.9,9977.9
1747751609327,,
1747751610010.0,9973.1,9978.1
1747751611301.0,9972.9,9977.9
1747751612008.0,9973.2,9978.2
1747751612109.0,9973.1,9978.1
1747751612467.0,9972.9,9977.9
1747751613633.0,9973.2,9978.2
1747751614729.0,9972.6,9977.6
1747751615060.0,9972.7,9977.7
1747751615160.0,9972.9,9977.9
1747751616336.0,9973.4,9978.4
1747751616655.0,9973.5,9978.5
1747751622284.0,9973.9,9978.9
1747751628075.0,9974.0,9979.0
1747751628177.0,9974.2,9979.2
1747751628757.0,9974.1,9979.1
1747751630043.0,9974.2,9979.2
1747751630143.0,9974.4,9979.4
1747751630529,,
1747751630677.0,9974.5,9979.5
1747751631491.0,9974.1,9979.1
1747751631691.0,9974.2,9979.2
1747751632080,,
1747751632438.0,9974.6,9979.6
1747751632927.0,9974.4,9979.4
1747751633182.0,9974.6,9979.6
1747751635171.0,9975.0,9980.0
1747751635427.0,9975.4,9980.4
1747751635804.0,9975.1,9980.1
1747751636197.0,9975.1,9980.1
1747751636398.0,9975.2,9980.2
1747751636658.0,9975.4,9980.4
1747751637243.0,9975.9,9980.9
1747751637492.0,9975.6,9980.6
1747751638124.0,9975.9,9980.9
1747751640307.0,9975.7,9980.7
1747751640407.0,9975.6,9980.6
1747751640972,,
1747751641410.0,9975.7,9980.7
1747751642898.0,9975.4,9980.4
1747751644124.0,9975.6,9980.6
1747751645690.0,9975.2,9980.2
1747751645789.0,9975.4,9980.4
1747751646519.0,9975.8,9980.8
1747751646618.0,9975.7,9980.7
1747751647466.0,9975.6,9980.6
1747751647964.0,9975.7,9980.7
1747751649529.0,9975.7,9980.7
1747751649728.0,9975.9,9980.9
1747751649828.0,9975.6,9980.6
1747751650114.0,9975.4,9980.4
1747751652796,,
1747751653312.0,9975.4,9980.4
1747751653513,,
1747751655594.0,9975.7,9980.7
1747751659201.0,9975.9,9980.9
1747751659789.0,9975.9,9980.9
1747751661838.0,9976.4,9981.4
1747751662478,,
1747751663202.0,9976.6,9981.6
1747751665758.0,9976.4,9981.4
1747751665859,,
1747751666559.0,9976.6,9981.6
1747751667150.0,9976.9,9981.9
1747751668260.0,9977.2,9982.2
1747751668415.0,9977.3,9982.3
1747751669003.0,9977.1,9982.1
1747751669119.0,9976.9,9981.9
1747751669421.0,9977.1,9982.1
1747751669934.0,9976.9,9981.9
1747751670243.0,9977.1,9982.1
1747751671540.0,9976.8,9981.8
1747751672020.0,9976.9,9981.9
1747751677503.0,9977.1,9982.1
1747751677604.0,9977.2,9982.2
1747751678441.0,9977.3,9982.3
1747751679539.0,9977.1,9982.1
1747751680179.0,9976.6,9981.6
1747751680277.0,9976.8,9981.8
1747751681370.0,9976.9,9981.9
1747751682061.0,9976.8,9981.8
1747751682161.0,9976.9,9981.9
1747751682430,,
1747751683965,,
1747751688078.0,9977.1,9982.1
1747751688176.0,9976.9,9981.9
1747751688550.0,9977.1,9982.1
1747751690720.0,9977.2,9982.2
1747751690823.0,9977.4,9982.4
1747751691537.0,9977.1,9982.1
1747751692399.0,9976.9,9981.9
1747751692501.0,9977.1,9982.1
1747751692794.0,9977.2,9982.2
1747751694962.0,9977.4,9982.4
1747751696465.0,9977.6,9982.6
1747751696564.0,9977.4,9982.4
1747751696774.0,9977.1,9982.1
1747751700010.0,9976.9,9981.9
1747751701362.0,9977.1,9982.1
1747751701463.0,9977.3,9982.3
1747751702062.0,9977.5,9982.5
1747751705970.0,9977.6,9982.6
1747751706070.0,9977.4,9982.4
1747751706261.0,9977.7,9982.7
1747751707263.0,9978.1,9983.1
1747751707365.0,9977.9,9982.9
1747751708157.0,9977.7,9982.7
1747751708453.0,9977.6,9982.6
1747751709811.0,9977.9,9982.9
1747751716721.0,9977.9,9982.9
1747751717346.0,9977.8,9982.8
1747751717491.0,9977.9,9982.9
1747751718126.0,9977.9,9982.9
1747751721865,,
1747751722085.0,9978.1,9983.1
1747751724293.0,9978.0,9983.0
1747751724590.0,9978.3,9983.3
1747751724818.0,9978.2,9983.2
1747751725122.0,9978.3,9983.3
1747751725223.0,9978.1,9983.1
1747751726428.0,9978.4,9983.4
1747751728449.0,9978.3,9983.3
1747751729886.0,9978.1,9983.1
1747751730108,,
1747751730187.0,9978.1,9983.1
1747751731762.0,9977.8,9982.8
1747751731862.0,9977.6,9982.6
1747751732240.0,9977.6,9982.6
1747751734982.0,9977.7,9982.7
1747751735074.0,9977.6,9982.6
1747751736366.0,9977.7,9982.7
1747751736467.0,9977.9,9982.9
1747751740751.0,9978.1,9983.1
1747751741181.0,9978.2,9983.2
1747751741279.0,9978.4,9983.4
1747751742539.0,9978.7,9983.7
1747751742675.0,9978.6,9983.6
1747751743727.0,9978.4,9983.4
1747751750155.0,9978.6,9983.6
1747751750565.0,9978.5,9983.5
1747751750848,,
1747751751528.0,9978.7,9983.7
1747751751908.0,9978.8,9983.8
1747751752116.0,9978.7,9983.7
1747751752867.0,9978.8,9983.8
1747751753392.0,9978.8,9983.8
1747751754422.0,9978.8,9983.8
1747751755080.0,9978.7,9983.7
1747751755181.0,9978.8,9983.8
1747751756362.0,9978.7,9983.7
1747751756462.0,9978.8,9983.8
1747751757120.0,9978.8,9983.8
1747751759064.0,9978.9,9983.9
1747751760015.0,9978.8,9983.8
1747751761017.0,9978.8,9983.8
1747751761688,,
1747751762350.0,9978.7,9983.7
1747751762451.0,9978.8,9983.8
1747751763712.0,9978.7,9983.7
1747751764976.0,9978.7,9983.7
1747751768040.0,9978.8,9983.8
1747751769700,,
1747751769801.0,9978.7,9983.7
1747751772196.0,9978.9,9983.9
1747751781071.0,9978.8,9983.8
1747751781202.0,9978.7,9983.7
1747751782150.0,9978.4,9983.4
1747751782440.0,9978.6,9983.6
1747751782575.0,9978.7,9983.7
1747751785987.0,9978.7,9983.7
1747751788121.0,9978.6,9983.6
1747751791987.0,9978.4,9983.4
1747751807697.0,9978.7,9983.7
1747751807830.0,9978.6,9983.6
1747751808799.0,9978.5,9983.5
1747751808999.0,9979.0,9984.0
1747751809909.0,9979.3,9984.3
1747751810057.0,9979.2,9984.2
1747751811656.0,9979.1,9984.1
1747751814100.0,9979.3,9984.3
1747751819623.0,9979.3,9984.3
1747751819723.0,9979.2,9984.2
1747751820425.0,9979.0,9984.0
1747751821201.0,9979.0,9984.0
1747751821300.0,9979.1,9984.1
1747751821490.0,9979.0,9984.0
1747751822163.0,9979.1,9984.1
1747751822366.0,9979.2,9984.2
1747751824219.0,9979.3,9984.3
1747751824320.0,9979.1,9984.1
1747751824745.0,9979.2,9984.2
1747751826175.0,9979.3,9984.3
1747751826386.0,9979.2,9984.2
1747751826486.0,9979.3,9984.3
1747751826992.0,9979.2,9984.2
1747751827434.0,9979.3,9984.3
1747751827534.0,9979.2,9984.2
1747751828595.0,9979.3,9984.3
1747751828870.0,9979.2,9984.2
1747751828971.0,9979.3,9984.3
1747751830739.0,9979.4,9984.4
1747751831001.0,9979.4,9984.4
1747751831103.0,9979.3,9984.3
1747751843221.0,9979.2,9984.2
1747751843704.0,9979.2,9984.2
1747751844380.0,9979.1,9984.1
1747751844811.0,9979.1,9984.1
1747751845133.0,9979.2,9984.2
1747751845333.0,9979.3,9984.3
1747751846953.0,9979.3,9984.3
1747751847355.0,9979.2,9984.2
1747751847455.0,9979.1,9984.1
1747751849468.0,9979.2,9984.2
1747751850302.0,9979.3,9984.3
1747751850778.0,9979.3,9984.3
1747751850878.0,9979.2,9984.2
1747751853152.0,9978.8,9983.8
1747751853252,,
1747751854657.0,9979.0,9984.0
1747751854952.0,9978.9,9983.9
1747751856421.0,9978.6,9983.6
1747751856934.0,9978.7,9983.7
1747751857034.0,9978.6,9983.6
1747751858423.0,9978.7,9983.7
1747751858548.0,9978.6,9983.6
1747751860009.0,9978.4,9983.4
1747751861198.0,9978.3,9983.3
1747751861425.0,9978.4,9983.4
1747751861844.0,9978.4,9983.4
1747751862103.0,9978.3,9983.3
1747751862864.0,9978.4,9983.4
1747751864184.0,9978.3,9983.3
1747751864284.0,9978.4,9983.4
1747751866595.0,9978.6,9983.6
1747751867177.0,9978.4,9983.4
1747751868463.0,9978.1,9983.1
1747751869696.0,9977.8,9982.8
1747751870051.0,9977.7,9982.7
1747751870339.0,9977.6,9982.6
1747751875205,,
1747751875465.0,9977.9,9982.9
1747751875699.0,9977.6,9982.6
1747751875900.0,9977.6,9982.6
1747751876174.0,9977.7,9982.7
1747751876374.0,9977.8,9982.8
1747751876485.0,9977.9,9982.9
1747751876782.0,9977.7,9982.7
1747751876884.0,9977.6,9982.6
1747751877382.0,9977.7,9982.7
1747751878948.0,9977.6,9982.6
1747751879051.0,9977.5,9982.5
1747751879883.0,9977.4,9982.4
1747751880011.0,9977.2,9982.2
1747751881523.0,9977.3,9982.3
1747751881623.0,9977.6,9982.6
1747751881796.0,9977.5,9982.5
1747751881966.0,9977.2,9982.2
1747751883140.0,9977.3,9982.3
1747751883728.0,9977.2,9982.2
1747751884577.0,9977.3,9982.3
1747751885227.0,9977.2,9982.2
1747751886185.0,9977.3,9982.3
1747751886591.0,9977.2,9982.2
1747751887915.0,9977.6,9982.6
1747751895443.0,9977.6,9982.6
1747751895813.0,9977.3,9982.3
1747751899168.0,9977.6,9982.6
1747751899994,,
1747751901141.0,9977.5,9982.5
1747751904124.0,9977.2,9982.2
1747751908240.0,9977.6,9982.6
1747751911368.0,9977.7,9982.7
1747751911467.0,9977.8,9982.8
1747751911664.0,9977.9,9982.9
1747751911864.0,9977.9,9982.9
1747751913050,,
1747751921004.0,9977.6,9982.6
1747751921886.0,9977.4,9982.4
1747751923861.0,9977.9,9982.9
1747751929808,,
1747751929909.0,9978.4,9983.4
1747751931740.0,9978.3,9983.3
1747751931925.0,9978.4,9983.4
1747751933804.0,9978.3,9983.3
1747751934115.0,9978.2,9983.2
1747751934214.0,9978.4,9983.4
1747751934504.0,9978.1,9983.1
1747751934604.0,9978.4,9983.4
1747751941468.0,9978.4,9983.4
1747751945002.0,9978.7,9983.7
1747751945188.0,9978.8,9983.8
1747751945528.0,9979.0,9984.0
1747751945627.0,9978.9,9983.9
1747751946034.0,9978.7,9983.7
1747751950831.0,9978.8,9983.8
1747751951217.0,9979.0,9984.0
1747751952883.0,9978.9,9983.9
1747751952983.0,9979.0,9984.0
1747751953319.0,9978.8,9983.8
1747751955018.0,9979.0,9984.0
1747751955304.0,9978.9,9983.9
1747751955405.0,9979.0,9984.0
1747751957740.0,9979.1,9984.1
1747751957887.0,9979.3,9984.3
1747751958613.0,9979.0,9984.0
1747751959851.0,9978.9,9983.9
1747751959951.0,9978.8,9983.8
1747751960797.0,9978.9,9983.9
1747751964718.0,9978.8,9983.8
1747751964999.0,9978.7,9983.7
1747751965411.0,9978.6,9983.6
1747751967786.0,9978.7,9983.7
1747751968307.0,9978.6,9983.6
1747751971266.0,9978.7,9983.7
1747751972088.0,9978.6,9983.6
1747751972308.0,9978.7,9983.7
1747751972446.0,9978.6,9983.6
1747751972726,,
1747751977487.0,9978.3,9983.3
1747751979832.0,9978.4,9983.4
1747751981206.0,9978.3,9983.3
1747751982863.0,9978.4,9983.4
1747751983174.0,9978.3,9983.3
1747751983422.0,9978.3,9983.3
1747751984229.0,9978.4,9983.4
1747751989175.0,9978.6,9983.6
1747751998392.0,9978.4,9983.4
1747752013111,,
1747752014033.0,9978.3,9983.3
1747752014356.0,9978.2,9983.2
1747752014456.0,9978.1,9983.1
1747752016840.0,9977.9,9982.9
1747752018156.0,9978.1,9983.1
1747752018656.0,9977.9,9982.9
1747752019076.0,9978.1,9983.1
1747752021397.0,9977.9,9982.9
1747752021597.0,9978.1,9983.1
1747752022445.0,9977.9,9982.9
1747752022547.0,9977.7,9982.7
1747752023978.0,9977.6,9982.6
1747752029532.0,9978.3,9983.3
1747752029633.0,9978.1,9983.1
1747752033163.0,9977.9,9982.9
1747752040353.0,9978.3,9983.3
1747752041706.0,9978.3,9983.3
1747752041805.0,9978.1,9983.1
1747752041999.0,9977.8,9982.8
1747752042099.0,9977.9,9982.9
1747752042352.0,9977.8,9982.8
1747752042452.0,9977.9,9982.9
1747752050960.0,9977.8,9982.8
1747752051061.0,9977.9,9982.9
1747752051310.0,9977.8,9982.8
1747752051411.0,9977.9,9982.9
1747752052888.0,9977.8,9982.8
1747752055005.0,9977.9,9982.9
1747752055451,,
1747752056954.0,9978.1,9983.1
1747752057053,,
1747752058554.0,9977.9,9982.9
1747752058654.0,9977.6,9982.6
1747752062347.0,9977.5,9982.5
1747752062476.0,9977.6,9982.6
1747752065107.0,9977.4,9982.4
1747752066199.0,9977.2,9982.2
1747752066298.0,9977.1,9982.1
1747752067470.0,9976.9,9981.9
1747752067569.0,9977.0,9982.0
1747752067952.0,9977.2,9982.2
1747752073132,,
1747752074795,,
1747752075031.0,9976.9,9981.9
1747752075129.0,9976.8,9981.8
1747752075801.0,9976.1,9981.1
1747752078222.0,9975.7,9980.7
1747752078904.0,9975.8,9980.8
1747752079471.0,9975.7,9980.7
1747752082922.0,9975.8,9980.8
1747752083744.0,9975.7,9980.7
1747752083929.0,9975.8,9980.8
1747752084334.0,9976.1,9981.1
1747752085572.0,9976.4,9981.4
1747752089978.0,9976.2,9981.2
1747752090083.0,9976.4,9981.4
1747752094090.0,9976.2,9981.2
1747752096073.0,9976.1,9981.1
1747752096799.0,9976.0,9981.0
1747752098142.0,9975.7,9980.7
1747752102229.0,9975.2,9980.2
1747752102727.0,9974.9,9979.9
1747752102944.0,9975.0,9980.0
1747752103813.0,9974.9,9979.9
1747752104049.0,9975.0,9980.0
1747752104148.0,9974.9,9979.9
1747752104247.0,9975.0,9980.0
1747752105386.0,9975.0,9980.0
1747752105557.0,9974.9,9979.9
1747752106212.0,9975.1,9980.1
1747752106527.0,9975.4,9980.4
1747752106727.0,9975.8,9980.8
1747752107611.0,9975.6,9980.6
1747752109076.0,9975.4,9980.4
1747752110840.0,9975.6,9980.6
1747752114528.0,9975.7,9980.7
1747752115792.0,9975.1,9980.1
1747752120978.0,9976.0,9981.0
1747752121078.0,9975.8,9980.8
1747752124265.0,9976.4,9981.4
1747752128519.0,9976.1,9981.1
1747752130987.0,9975.8,9980.8
1747752131179.0,9975.9,9980.9
1747752132333.0,9975.8,9980.8
1747752132771.0,9975.9,9980.9
1747752133059.0,9975.8,9980.8
1747752134131.0,9975.7,9980.7
1747752135014.0,9975.6,9980.6
1747752135363.0,9975.5,9980.5
1747752135463.0,9975.6,9980.6
1747752136793.0,9975.5,9980.5
1747752136892.0,9975.6,9980.6
1747752137226.0,9975.2,9980.2
1747752139434.0,9975.5,9980.5
1747752139703.0,9975.2,9980.2
1747752139903.0,9975.6,9980.6
1747752140003.0,9975.3,9980.3
1747752141040.0,9975.6,9980.6
1747752144243.0,9975.7,9980.7
1747752144530.0,9975.8,9980.8
1747752144630.0,9975.9,9980.9
1747752148613.0,9976.4,9981.4
1747752148872.0,9976.5,9981.5
1747752150015.0,9976.9,9981.9
1747752159729.0,9976.7,9981.7
1747752165022.0,9976.6,9981.6
1747752166500.0,9976.7,9981.7
1747752166599.0,9976.8,9981.8
1747752171442.0,9977.9,9982.9
1747752172283.0,9977.8,9982.8
1747752173826.0,9977.9,9982.9
1747752178213.0,9977.8,9982.8
1747752178414.0,9977.8,9982.8
1747752179164.0,9977.6,9982.6
1747752180011.0,9977.4,9982.4
1747752187099.0,9977.6,9982.6
1747752189036.0,9977.6,9982.6
1747752190342.0,9977.4,9982.4
1747752190630.0,9977.3,9982.3
1747752190871.0,9977.4,9982.4
1747752194380.0,9977.6,9982.6
1747752195008.0,9977.4,9982.4
1747752196118.0,9977.6,9982.6
1747752197521.0,9977.3,9982.3
1747752198184.0,9977.1,9982.1
1747752199672.0,9977.4,9982.4
1747752201202.0,9977.1,9982.1
1747752222196.0,9977.3,9982.3
1747752224565.0,9977.1,9982.1
1747752226050.0,9977.2,9982.2
1747752226240.0,9977.4,9982.4
1747752226340.0,9977.6,9982.6
1747752230205.0,9977.4,9982.4
1747752230305.0,9977.0,9982.0
1747752230404.0,9977.1,9982.1
1747752231555.0,9977.0,9982.0
1747752232688.0,9977.1,9982.1
1747752233762.0,9977.0,9982.0
1747752233861.0,9977.1,9982.1
1747752240244.0,9977.0,9982.0
1747752240443.0,9977.1,9982.1
1747752241517.0,9977.1,9982.1
1747752241717.0,9976.7,9981.7
1747752242810.0,9976.0,9981.0
1747752242910.0,9976.1,9981.1
1747752245973.0,9975.9,9980.9
1747752246744.0,9976.1,9981.1
1747752247760.0,9976.3,9981.3
1747752247860.0,9976.4,9981.4
1747752249291.0,9976.1,9981.1
1747752262534.0,9976.2,9981.2
1747752270017.0,9976.4,9981.4
1747752272525.0,9976.7,9981.7
1747752273382.0,9976.6,9981.6
1747752274006.0,9976.7,9981.7
1747752274871.0,9976.4,9981.4
1747752276418.0,9976.6,9981.6
1747752278501.0,9976.4,9981.4
1747752278702.0,9976.8,9981.8
1747752279744.0,9976.9,9981.9
1747752280076.0,9977.0,9982.0
1747752280174.0,9976.9,9981.9
1747752281181.0,9977.1,9982.1
1747752282281.0,9977.2,9982.2
1747752282380.0,9977.3,9982.3
1747752285010.0,9977.1,9982.1
1747752286206.0,9976.8,9981.8
1747752286307.0,9976.9,9981.9
1747752286548.0,9976.8,9981.8
1747752287122.0,9976.9,9981.9
1747752287237.0,9976.8,9981.8
1747752287683.0,9976.9,9981.9
1747752291593.0,9976.8,9981.8
1747752291693.0,9976.6,9981.6
1747752295267.0,9976.8,9981.8
1747752295369.0,9976.6,9981.6
1747752297499.0,9976.3,9981.3
1747752297749.0,9976.4,9981.4
1747752299022.0,9976.6,9981.6
1747752299321.0,9976.9,9981.9
1747752299422.0,9976.8,9981.8
1747752300008.0,9976.6,9981.6
1747752302686.0,9976.9,9981.9
1747752303083.0,9976.7,9981.7
1747752303372.0,9976.8,9981.8
1747752303473.0,9976.7,9981.7
1747752305863.0,9976.6,9981.6
1747752309660.0,9976.3,9981.3
1747752309760.0,9976.2,9981.2
1747752310447.0,9976.3,9981.3
1747752310546.0,9976.2,9981.2
1747752312367.0,9975.9,9980.9
1747752316960,,
1747752317059.0,9976.9,9981.9
1747752317932.0,9976.6,9981.6
1747752318193.0,9976.4,9981.4
1747752321827.0,9976.1,9981.1
1747752325151.0,9976.3,9981.3
1747752329462.0,9976.1,9981.1
1747752333775,,
1747752335608.0,9975.9,9980.9
1747752336510.0,9975.5,9980.5
1747752336710.0,9975.3,9980.3
1747752337390.0,9975.2,9980.2
1747752337590.0,9975.2,9980.2
1747752337690.0,9975.3,9980.3
1747752338196.0,9975.2,9980.2
1747752338297.0,9975.1,9980.1
1747752342374.0,9975.2,9980.2
1747752342474.0,9975.4,9980.4
1747752342917.0,9975.3,9980.3
1747752345017.0,9975.1,9980.1
1747752351439.0,9975.6,9980.6
1747752351931.0,9975.7,9980.7
1747752352032.0,9975.6,9980.6
1747752352405.0,9975.7,9980.7
1747752352505.0,9975.6,9980.6
1747752352881.0,9975.8,9980.8
1747752353161.0,9975.9,9980.9
1747752353840.0,9975.8,9980.8
1747752354335.0,9975.9,9980.9
1747752355900.0,9975.8,9980.8
1747752356000.0,9975.6,9980.6
1747752356164.0,9975.7,9980.7
1747752356264.0,9975.8,9980.8
1747752356523.0,9975.7,9980.7
1747752357227.0,9975.3,9980.3
1747752360014.0,9975.1,9980.1
1747752360206.0,9975.2,9980.2
1747752360308.0,9975.3,9980.3
1747752360407.0,9975.2,9980.2
1747752361325.0,9975.3,9980.3
1747752361958.0,9975.1,9980.1
1747752364720.0,9975.1,9980.1
1747752368795.0,9975.1,9980.1
1747752369298.0,9975.0,9980.0
1747752369398.0,9975.1,9980.1
1747752369552.0,9975.0,9980.0
1747752372018.0,9975.1,9980.1
1747752372351.0,9975.0,9980.0
1747752372450.0,9975.1,9980.1
1747752372549.0,9975.0,9980.0
1747752372771.0,9975.1,9980.1
1747752373390.0,9975.0,9980.0
1747752373523.0,9975.1,9980.1
1747752376202.0,9975.0,9980.0
1747752376924.0,9975.1,9980.1
1747752378604.0,9975.0,9980.0
1747752378884.0,9975.1,9980.1
1747752379116.0,9975.0,9980.0
1747752379523.0,9974.9,9979.9
1747752379704.0,9974.5,9979.5
1747752379805.0,9974.6,9979.6
1747752380057.0,9974.4,9979.4
1747752382592.0,9974.3,9979.3
1747752382692.0,9974.4,9979.4
1747752384671.0,9974.3,9979.3
1747752384872.0,9974.3,9979.3
1747752385945.0,9974.4,9979.4
1747752386185.0,9974.4,9979.4
1747752386503.0,9974.3,9979.3
1747752389413.0,9974.4,9979.4
1747752389515.0,9974.3,9979.3
1747752390342.0,9974.4,9979.4
1747752393447.0,9974.3,9979.3
1747752394893.0,9974.4,9979.4
1747752396650.0,9974.3,9979.3
1747752396764.0,9974.4,9979.4
1747752406863.0,9974.3,9979.3
1747752406963.0,9974.4,9979.4
1747752407464.0,9974.6,9979.6
1747752412125,,
1747752416270.0,9974.7,9979.7
1747752418850.0,9974.4,9979.4
1747752419260.0,9974.6,9979.6
1747752420016.0,9974.4,9979.4
1747752420430,,
1747752422376.0,9974.6,9979.6
1747752424247.0,9974.4,9979.4
1747752435017.0,9974.6,9979.6
1747752436275.0,9974.8,9979.8
1747752436386.0,9975.1,9980.1
1747752437239.0,9975.4,9980.4
1747752437577.0,9975.1,9980.1
1747752437839.0,9974.8,9979.8
1747752438209.0,9974.9,9979.9
1747752445459.0,9975.2,9980.2
1747752448121.0,9975.4,9980.4
1747752448223.0,9974.9,9979.9
1747752450011.0,9975.1,9980.1
1747752455174.0,9975.1,9980.1
1747752455274.0,9975.2,9980.2
1747752455374.0,9975.1,9980.1
1747752455681.0,9975.2,9980.2
1747752455781.0,9975.3,9980.3
1747752457603.0,9975.0,9980.0
1747752457721.0,9974.9,9979.9
1747752458448.0,9974.8,9979.8
1747752458911.0,9974.9,9979.9
1747752459074.0,9974.8,9979.8
1747752459403.0,9974.9,9979.9
1747752467284.0,9974.9,9979.9
1747752478392.0,9975.2,9980.2
1747752478712,,
1747752478812.0,9975.4,9980.4
1747752479035.0,9975.1,9980.1
1747752479135.0,9975.2,9980.2
1747752479273.0,9975.3,9980.3
1747752480015.0,9975.1,9980.1
1747752482393.0,9974.9,9979.9
1747752483215.0,9975.1,9980.1
1747752484542.0,9975.1,9980.1
1747752484642.0,9975.4,9980.4
1747752484904.0,9975.3,9980.3
1747752485297.0,9975.4,9980.4
1747752485899.0,9975.5,9980.5
1747752486248.0,9975.9,9980.9
1747752486447.0,9975.9,9980.9
1747752486583.0,9976.4,9981.4
1747752486884.0,9976.3,9981.3
1747752487020.0,9976.4,9981.4
1747752487335.0,9976.4,9981.4
1747752487685.0,9976.7,9981.7
1747752487815.0,9976.9,9981.9
1747752488174.0,9976.6,9981.6
1747752492176.0,9976.9,9981.9
1747752494140.0,9976.8,9981.8
1747752494426.0,9976.8,9981.8
1747752495071.0,9976.9,9981.9
1747752495379.0,9977.1,9982.1
1747752495577.0,9977.2,9982.2
1747752495672.0,9977.3,9982.3
1747752495866.0,9977.4,9982.4
1747752498567.0,9977.5,9982.5
1747752500444.0,9977.9,9982.9
1747752506562.0,9977.8,9982.8
1747752506702.0,9977.9,9982.9
1747752510344.0,9977.7,9982.7
1747752511626.0,9977.8,9982.8
1747752512225.0,9977.7,9982.7
1747752512325.0,9977.9,9982.9
1747752512973,,
1747752513234.0,9977.8,9982.8
1747752513335.0,9977.6,9982.6
1747752513913.0,9977.8,9982.8
1747752514013.0,9977.6,9982.6
1747752514321.0,9977.9,9982.9
1747752514420.0,9977.6,9982.6
1747752516740.0,9977.9,9982.9
1747752517268.0,9977.6,9982.6
1747752517496.0,9977.9,9982.9
1747752518954.0,9977.9,9982.9
1747752519121.0,9977.8,9982.8
1747752519889.0,9977.9,9982.9
1747752522099.0,9978.4,9983.4
1747752522435.0,9978.3,9983.3
1747752522777.0,9978.4,9983.4
1747752522876.0,9978.2,9983.2
1747752525016.0,9978.4,9983.4
1747752526207.0,9978.4,9983.4
1747752529384.0,9978.1,9983.1
1747752530462.0,9977.7,9982.7
1747752530562.0,9977.8,9982.8
1747752530662.0,9977.7,9982.7
1747752531274.0,9977.6,9982.6
1747752531712.0,9977.4,9982.4
1747752531874.0,9977.5,9982.5
1747752533362.0,9977.4,9982.4
1747752533466.0,9977.5,9982.5
1747752534185.0,9977.6,9982.6
1747752536275.0,9977.5,9982.5
1747752536947.0,9977.4,9982.4
1747752537046.0,9977.5,9982.5
1747752539749.0,9977.6,9982.6
1747752540212.0,9977.5,9982.5
1747752541389.0,9977.6,9982.6
1747752541488.0,9977.5,9982.5
1747752542065.0,9977.4,9982.4
1747752542378.0,9977.3,9982.3
1747752542658.0,9977.5,9982.5
1747752542919.0,9977.6,9982.6
1747752543318.0,9977.6,9982.6
1747752544980.0,9977.4,9982.4
1747752546207.0,9977.3,9982.3
1747752546406.0,9976.6,9981.6
1747752547619.0,9976.2,9981.2
1747752549556,,
1747752552621.0,9975.8,9980.8
1747752553439.0,9975.8,9980.8
1747752555939.0,9975.9,9980.9
1747752556040.0,9975.8,9980.8
1747752556482.0,9975.9,9980.9
1747752556582.0,9975.8,9980.8
1747752556946.0,9975.9,9980.9
1747752557046.0,9975.8,9980.8
1747752560421.0,9975.9,9980.9
1747752560609.0,9975.8,9980.8
1747752560709.0,9975.9,9980.9
1747752563091.0,9975.8,9980.8
1747752563261.0,9975.9,9980.9
1747752564165.0,9975.8,9980.8
1747752564362.0,9975.9,9980.9
1747752570017.0,9976.1,9981.1
1747752572880.0,9975.8,9980.8
1747752572980.0,9975.9,9980.9
1747752573884,,
1747752576752.0,9975.8,9980.8
1747752577106.0,9975.9,9980.9
1747752580796.0,9975.8,9980.8
1747752580895.0,9975.7,9980.7
1747752582808.0,9975.5,9980.5
1747752582906.0,9975.6,9980.6
1747752583964.0,9975.5,9980.5
1747752584064.0,9975.3,9980.3
1747752584268.0,9975.6,9980.6
1747752584401.0,9975.4,9980.4
1747752585005.0,9975.2,9980.2
1747752585105.0,9974.9,9979.9
1747752585894.0,9975.0,9980.0
1747752586465.0,9974.9,9979.9
1747752587024.0,9974.8,9979.8
1747752588166.0,9974.9,9979.9
1747752589150.0,9974.8,9979.8
1747752589375.0,9974.9,9979.9
1747752591520.0,9974.8,9979.8
1747752591621.0,9974.9,9979.9
1747752591895.0,9974.8,9979.8
1747752592174.0,9974.9,9979.9
1747752592634.0,9974.7,9979.7
1747752597710.0,9974.6,9979.6
1747752597976.0,9974.5,9979.5
1747752598349.0,9974.6,9979.6
1747752601626.0,9974.1,9979.1
1747752601931.0,9973.8,9978.8
1747752602234.0,9973.8,9978.8
1747752602333.0,9973.7,9978.7
1747752602451.0,9973.8,9978.8
1747752602877.0,9973.7,9978.7
1747752603742.0,9973.8,9978.8
1747752605898.0,9973.6,9978.6
1747752607283,,
1747752608850.0,9973.5,9978.5
1747752609044.0,9973.6,9978.6
1747752609392.0,9973.6,9978.6
1747752609491.0,9973.5,9978.5
1747752609632.0,9973.6,9978.6
1747752609775.0,9973.5,9978.5
1747752610007.0,9973.4,9978.4
1747752610106.0,9973.0,9978.0
1747752610284.0,9972.9,9977.9
1747752610715.0,9973.0,9978.0
1747752611305.0,9972.7,9977.7
1747752611654.0,9972.8,9977.8
1747752611920.0,9972.7,9977.7
1747752612020,,
1747752612909.0,9972.4,9977.4
1747752613248.0,9972.4,9977.4
1747752613687.0,9972.2,9977.2
1747752613963.0,9972.3,9977.3
1747752614163.0,9972.3,9977.3
1747752614284.0,9972.6,9977.6
1747752614846,,
1747752615046.0,9972.2,9977.2
1747752618269.0,9972.3,9977.3
1747752619706.0,9972.2,9977.2
1747752620017.0,9972.3,9977.3
1747752620190.0,9972.2,9977.2
1747752620822,,
1747752620923.0,9972.0,9977.0
1747752621455.0,9971.9,9976.9
1747752623552.0,9971.5,9976.5
1747752623651.0,9971.6,9976.6
1747752626904.0,9971.9,9976.9
1747752627458.0,9971.6,9976.6
1747752627659.0,9971.8,9976.8
1747752627759.0,9971.7,9976.7
1747752628555.0,9971.8,9976.8
1747752629584.0,9971.7,9976.7
1747752631190.0,9971.8,9976.8
1747752632109.0,9971.7,9976.7
1747752636017.0,9971.6,9976.6
1747752636257.0,9971.7,9976.7
1747752637469.0,9971.6,9976.6
1747752638640.0,9971.9,9976.9
1747752638755.0,9971.8,9976.8
1747752638935.0,9971.9,9976.9
1747752640221.0,9971.9,9976.9
1747752640322.0,9971.6,9976.6
1747752640522.0,9971.8,9976.8
1747752640824.0,9971.8,9976.8
1747752640987.0,9971.9,9976.9
1747752641188,,
1747752641288.0,9972.1,9977.1
1747752641412.0,9972.4,9977.4
1747752641551.0,9972.3,9977.3
1747752642035.0,9972.4,9977.4
1747752643822.0,9972.1,9977.1
1747752644722.0,9972.4,9977.4
1747752645275.0,9972.1,9977.1
1747752645596.0,9972.4,9977.4
1747752646012.0,9972.3,9977.3
1747752646111.0,9972.1,9977.1
1747752646211.0,9972.4,9977.4
1747752646674.0,9972.1,9977.1
1747752648884.0,9972.4,9977.4
1747752651566.0,9972.1,9977.1
1747752651778.0,9972.2,9977.2
1747752653131.0,9972.1,9977.1
1747752656555.0,9971.9,9976.9
1747752656848.0,9971.8,9976.8
1747752656946.0,9971.9,9976.9
1747752657197.0,9971.8,9976.8
1747752657908.0,9971.9,9976.9
1747752658544.0,9972.4,9977.4
1747752661307.0,9972.3,9977.3
1747752661433.0,9972.4,9977.4
1747752661533.0,9972.3,9977.3
1747752662214.0,9972.2,9977.2
1747752662315.0,9972.4,9977.4
1747752665594.0,9972.1,9977.1
1747752665796.0,9972.4,9977.4
1747752666128.0,9972.4,9977.4
1747752666677.0,9972.3,9977.3
1747752666778.0,9972.4,9977.4
1747752669595.0,9973.1,9978.1
1747752669693.0,9973.2,9978.2
1747752670376.0,9973.3,9978.3
1747752670477.0,9973.1,9978.1
1747752677988,,
1747752680235.0,9972.8,9977.8
1747752680736.0,9973.3,9978.3
1747752681340.0,9973.4,9978.4
1747752681639.0,9973.2,9978.2
1747752681887.0,9973.3,9978.3
1747752683179.0,9973.3,9978.3
1747752684776.0,9973.1,9978.1
1747752685923.0,9972.7,9977.7
1747752686123.0,9972.6,9977.6
1747752687067.0,9972.9,9977.9
1747752687620.0,9972.9,9977.9
1747752687788.0,9972.8,9977.8
1747752688161.0,9972.2,9977.2
1747752688381.0,9972.4,9977.4
1747752688507.0,9972.5,9977.5
1747752689479.0,9972.3,9977.3
1747752690282.0,9972.2,9977.2
1747752690387.0,9972.3,9977.3
1747752690587.0,9972.5,9977.5
1747752690948.0,9972.2,9977.2
1747752691049.0,9972.3,9977.3
1747752691356.0,9972.2,9977.2
1747752691456.0,9972.3,9977.3
1747752691557.0,9972.2,9977.2
1747752691841.0,9972.3,9977.3
1747752692493.0,9972.2,9977.2
1747752692826.0,9972.3,9977.3
1747752695188.0,9972.2,9977.2
1747752695489.0,9972.3,9977.3
1747752696789.0,9972.2,9977.2
1747752698908.0,9972.3,9977.3
1747752699207.0,9972.3,9977.3
1747752701712.0,9972.2,9977.2
1747752702510.0,9972.2,9977.2
1747752702875.0,9972.1,9977.1
1747752703335.0,9971.7,9976.7
1747752704446.0,9971.8,9976.8
1747752704545.0,9971.7,9976.7
1747752707764.0,9971.5,9976.5
1747752708213.0,9971.4,9976.4
1747752708439.0,9971.2,9976.2
1747752709248.0,9971.3,9976.3
1747752709346.0,9971.2,9976.2
1747752709725.0,9971.3,9976.3
1747752710159.0,9971.2,9976.2
1747752710260.0,9971.3,9976.3
1747752710462.0,9971.4,9976.4
1747752711450.0,9971.6,9976.6
1747752711649.0,9971.9,9976.9
1747752714122.0,9971.8,9976.8
1747752714219.0,9971.7,9976.7
1747752716550.0,9971.6,9976.6
1747752719358.0,9971.5,9976.5
1747752719458.0,9971.4,9976.4
1747752720015.0,9971.6,9976.6
1747752720359.0,9971.5,9976.5
1747752720659.0,9971.4,9976.4
1747752720759.0,9971.5,9976.5
1747752721420.0,9971.3,9976.3
1747752721784,,
1747752722442.0,9971.2,9976.2
1747752724402.0,9970.9,9975.9
1747752725594.0,9971.1,9976.1
1747752726092.0,9970.9,9975.9
1747752727961,,
1747752728202.0,9970.8,9975.8
1747752728327.0,9970.7,9975.7
1747752728877.0,9970.8,9975.8
1747752728977.0,9970.7,9975.7
1747752730131.0,9970.5,9975.5
1747752730230.0,9970.6,9975.6
1747752731725.0,9970.5,9975.5
1747752731865.0,9970.6,9975.6
1747752733101.0,9970.6,9975.6
1747752736928.0,9970.7,9975.7
1747752737028.0,9971.1,9976.1
1747752739448.0,9970.9,9975.9
1747752739711.0,9971.0,9976.0
1747752740184.0,9970.9,9975.9
1747752740299.0,9971.1,9976.1
1747752742366.0,9971.1,9976.1
1747752742466.0,9971.2,9976.2
1747752742772.0,9971.1,9976.1
1747752743902.0,9971.4,9976.4
1747752745302.0,9971.3,9976.3
1747752745667.0,9971.2,9976.2
1747752745868.0,9971.2,9976.2
1747752746597.0,9971.4,9976.4
1747752751575.0,9971.6,9976.6
1747752751674.0,9971.7,9976.7
1747752751915.0,9971.6,9976.6
1747752752015.0,9971.7,9976.7
1747752752400.0,9971.6,9976.6
1747752752500.0,9971.7,9976.7
1747752753010.0,9971.6,9976.6
1747752754220.0,9971.6,9976.6
1747752755101.0,9971.9,9976.9
1747752755201.0,9971.8,9976.8
1747752755602.0,9971.9,9976.9
1747752755843.0,9971.8,9976.8
1747752756171.0,9971.7,9976.7
1747752759214.0,9971.6,9976.6
1747752759314.0,9971.9,9976.9
1747752760155.0,9971.8,9976.8
1747752760525.0,9971.7,9976.7
1747752760626.0,9971.8,9976.8
1747752762097.0,9971.2,9976.2
1747752764353.0,9971.0,9976.0
1747752765286.0,9971.1,9976.1
1747752767548.0,9971.3,9976.3
1747752767849.0,9971.2,9976.2
1747752768150.0,9971.2,9976.2
1747752768877.0,9971.3,9976.3
1747752769504.0,9971.2,9976.2
1747752771406.0,9971.0,9976.0
1747752772473.0,9971.1,9976.1
1747752772639.0,9971.0,9976.0
1747752773761.0,9970.9,9975.9
1747752775947.0,9971.1,9976.1
1747752776146.0,9970.7,9975.7
1747752776861.0,9970.6,9975.6
1747752776961.0,9970.8,9975.8
1747752777165.0,9970.7,9975.7
1747752778639.0,9970.4,9975.4
1747752780013.0,9970.6,9975.6
1747752781191.0,9970.2,9975.2
1747752781290.0,9970.3,9975.3
1747752781974.0,9970.4,9975.4
1747752782174.0,9970.1,9975.1
1747752783400.0,9970.3,9975.3
1747752783826.0,9970.4,9975.4
1747752784695.0,9970.6,9975.6
1747752785180.0,9970.2,9975.2
1747752785736.0,9970.3,9975.3
1747752786055.0,9970.2,9975.2
1747752786383.0,9970.0,9975.0
1747752786592.0,9970.0,9975.0
1747752786821.0,9969.6,9974.6
1747752788261.0,9969.7,9974.7
1747752789448.0,9969.6,9974.6
1747752791264.0,9969.9,9974.9
1747752791365.0,9969.8,9974.8
1747752791906.0,9969.7,9974.7
1747752792270.0,9969.6,9974.6
1747752794185.0,9970.1,9975.1
1747752794492.0,9970.6,9975.6
1747752795265.0,9970.3,9975.3
1747752795365.0,9970.2,9975.2
1747752796122.0,9969.8,9974.8
1747752796322.0,9969.8,9974.8
1747752796563.0,9969.9,9974.9
1747752796975.0,9969.8,9974.8
1747752797646.0,9969.7,9974.7
1747752797994.0,9969.8,9974.8
1747752798403.0,9970.1,9975.1
1747752798685.0,9969.8,9974.8
1747752798942.0,9969.8,9974.8
1747752799703.0,9969.9,9974.9
1747752799803.0,9969.8,9974.8
1747752800589.0,9970.1,9975.1
1747752800888.0,9969.8,9974.8
1747752801215.0,9969.9,9974.9
1747752803166.0,9970.1,9975.1
1747752806386.0,9970.2,9975.2
1747752810017.0,9970.1,9975.1
1747752812191.0,9969.8,9974.8
1747752812433.0,9969.9,9974.9
1747752817022.0,9970.1,9975.1
1747752817123.0,9970.3,9975.3
1747752817991.0,9970.2,9975.2
1747752818920.0,9970.1,9975.1
1747752822641.0,9969.8,9974.8
1747752823471.0,9970.1,9975.1
1747752824820.0,9970.2,9975.2
1747752824920.0,9970.3,9975.3
1747752825020.0,9970.2,9975.2
1747752826464.0,9970.1,9975.1
1747752826683.0,9970.0,9975.0
1747752826940.0,9969.9,9974.9
1747752827325.0,9970.1,9975.1
1747752827426.0,9970.4,9975.4
1747752827882.0,9970.2,9975.2
1747752828603.0,9970.4,9975.4
1747752828703.0,9970.5,9975.5
1747752829946.0,9970.6,9975.6
1747752830628.0,9970.3,9975.3
1747752831884.0,9970.4,9975.4
1747752832674.0,9970.4,9975.4
1747752833790,,
1747752834264.0,9970.4,9975.4
1747752834869.0,9970.3,9975.3
1747752835077.0,9970.4,9975.4
1747752835205.0,9970.3,9975.3
1747752836266.0,9970.4,9975.4
1747752836366.0,9970.3,9975.3
1747752836614.0,9970.4,9975.4
1747752836780.0,9970.3,9975.3
1747752837034.0,9970.4,9975.4
1747752837134.0,9970.6,9975.6
1747752837528.0,9970.4,9975.4
1747752837920.0,9970.1,9975.1
1747752839978.0,9970.2,9975.2
1747752840322.0,9970.3,9975.3
1747752840693.0,9970.2,9975.2
1747752841089.0,9970.2,9975.2
1747752845068.0,9970.1,9975.1
1747752845169.0,9970.2,9975.2
1747752846275.0,9970.2,9975.2
1747752847217.0,9970.1,9975.1
1747752847446.0,9970.2,9975.2
1747752848506.0,9969.8,9974.8
1747752848606.0,9969.9,9974.9
1747752848819.0,9970.0,9975.0
1747752849798.0,9969.7,9974.7
1747752849899.0,9969.8,9974.8
1747752851493.0,9969.7,9974.7
1747752852987.0,9970.1,9975.1
1747752853526.0,9969.8,9974.8
1747752854007.0,9970.1,9975.1
1747752854308,,
1747752855016.0,9970.3,9975.3
1747752855582.0,9970.3,9975.3
1747752856357.0,9970.2,9975.2
1747752856457.0,9970.3,9975.3
1747752858256.0,9970.6,9975.6
1747752858907.0,9970.3,9975.3
1747752859006.0,9970.4,9975.4
1747752861101.0,9970.3,9975.3
1747752861307.0,9970.2,9975.2
1747752862265.0,9969.8,9974.8
1747752862363.0,9969.9,9974.9
1747752863522.0,9970.0,9975.0
1747752863622.0,9969.9,9974.9
1747752863878.0,9970.0,9975.0
1747752864223.0,9969.9,9974.9
1747752864322.0,9969.8,9974.8
1747752864646.0,9969.9,9974.9
1747752864746.0,9969.8,9974.8
1747752866161.0,9969.7,9974.7
1747752871370.0,9969.8,9974.8
1747752871470.0,9969.7,9974.7
1747752871951.0,9969.7,9974.7
1747752873254.0,9969.7,9974.7
1747752873455.0,9969.7,9974.7
1747752875109.0,9969.4,9974.4
1747752875208.0,9969.5,9974.5
1747752875476.0,9969.4,9974.4
1747752875577.0,9969.5,9974.5
1747752877707.0,9969.5,9974.5
1747752879324.0,9969.5,9974.5
1747752880016.0,9969.4,9974.4
1747752884199.0,9968.9,9973.9
1747752884425.0,9968.5,9973.5
1747752884739.0,9968.1,9973.1
1747752885013.0,9968.3,9973.3
1747752885555.0,9968.6,9973.6
1747752887677.0,9968.6,9973.6
1747752889618.0,9968.7,9973.7
1747752889716.0,9968.8,9973.8
1747752890218.0,9968.8,9973.8
1747752891522.0,9969.1,9974.1
1747752893558.0,9969.2,9974.2
1747752893658.0,9969.3,9974.3
1747752894230.0,9969.2,9974.2
1747752894513.0,9969.0,9974.0
1747752894610.0,9969.1,9974.1
1747752895193.0,9969.0,9974.0
1747752895294.0,9969.1,9974.1
1747752896289.0,9968.8,9973.8
1747752897336.0,9968.9,9973.9
1747752897471.0,9968.8,9973.8
1747752898424.0,9968.8,9973.8
1747752898957.0,9968.7,9973.7
1747752899708.0,9968.8,9973.8
1747752899817.0,9968.7,9973.7
1747752901248.0,9968.7,9973.7
1747752901513.0,9968.8,9973.8
1747752901651.0,9968.7,9973.7
1747752902297.0,9968.8,9973.8
1747752902706.0,9968.7,9973.7
1747752902909.0,9968.8,9973.8
1747752903009.0,9968.7,9973.7
1747752903497.0,9968.8,9973.8
1747752904363.0,9968.9,9973.9
1747752904840.0,9968.8,9973.8
1747752906715.0,9968.9,9973.9
1747752907059.0,9969.0,9974.0
1747752907157.0,9968.8,9973.8
1747752907440.0,9968.7,9973.7
1747752907754.0,9968.8,9973.8
1747752908520.0,9968.7,9973.7
1747752909583.0,9968.8,9973.8
1747752909683.0,9968.7,9973.7
1747752910303,,
1747752912187.0,9968.6,9973.6
1747752913153.0,9968.5,9973.5
1747752913629.0,9968.6,9973.6
1747752913728.0,9968.5,9973.5
1747752914052.0,9968.2,9973.2
1747752914633.0,9968.2,9973.2
1747752914903.0,9968.1,9973.1
1747752915104.0,9967.8,9972.8
1747752915662.0,9967.7,9972.7
1747752915843.0,9967.8,9972.8
1747752916722.0,9967.9,9972.9
1747752917328.0,9967.8,9972.8
1747752917631.0,9967.9,9972.9
1747752917935.0,9967.8,9972.8
1747752918035.0,9967.9,9972.9
1747752918455.0,9967.8,9972.8
1747752919493.0,9967.7,9972.7
1747752919729.0,9967.8,9972.8
1747752920261.0,9967.8,9972.8
1747752920641.0,9967.8,9972.8
1747752920918.0,9967.9,9972.9
1747752921120.0,9968.1,9973.1
1747752922820.0,9968.4,9973.4
1747752922921.0,9968.3,9973.3
1747752923021.0,9968.6,9973.6
1747752924682,,
1747752925779,,
1747752925997.0,9968.2,9973.2
1747752927960.0,9968.0,9973.0
1747752928060.0,9968.1,9973.1
1747752931246.0,9968.0,9973.0
1747752931469.0,9967.8,9972.8
1747752932006.0,9967.9,9972.9
1747752932276.0,9967.8,9972.8
1747752932606.0,9968.1,9973.1
1747752934086,,
1747752934240.0,9968.2,9973.2
1747752934588.0,9968.3,9973.3
1747752934789.0,9968.4,9973.4
1747752935253.0,9968.1,9973.1
1747752935813.0,9968.2,9973.2
1747752936749.0,9968.1,9973.1
1747752937209.0,9968.4,9973.4
1747752937584.0,9968.3,9973.3
1747752937943.0,9968.3,9973.3
1747752939371.0,9968.6,9973.6
1747752944610,,
1747752946040.0,9969.1,9974.1
1747752948071.0,9969.4,9974.4
1747752948170.0,9969.3,9974.3
1747752948541.0,9969.1,9974.1
1747752950193.0,9969.4,9974.4
1747752950835.0,9969.6,9974.6
1747752952391.0,9969.5,9974.5
1747752952491.0,9969.2,9974.2
1747752952591.0,9969.3,9974.3
1747752952921.0,9969.4,9974.4
1747752955255.0,9969.4,9974.4
1747752955394.0,9969.3,9974.3
1747752957180.0,9969.3,9974.3
1747752957479.0,9969.2,9974.2
1747752957742.0,9969.1,9974.1
1747752958306.0,9968.8,9973.8
1747752959404.0,9969.1,9974.1
1747752959711.0,9969.0,9974.0
1747752960008.0,9968.8,9973.8
1747752960310.0,9969.1,9974.1
1747752961126.0,9968.8,9973.8
1747752961873.0,9968.9,9973.9
1747752961973.0,9968.8,9973.8
1747752962577.0,9968.8,9973.8
1747752963736.0,9968.8,9973.8
1747752964464.0,9968.7,9973.7
1747752966521.0,9968.8,9973.8
1747752966722.0,9968.8,9973.8
1747752966895.0,9968.7,9973.7
1747752967840.0,9968.8,9973.8
1747752968369.0,9968.7,9973.7
1747752969756.0,9968.8,9973.8
1747752969855.0,9968.7,9973.7
1747752970053.0,9968.8,9973.8
1747752970152.0,9968.7,9973.7
1747752972674.0,9968.5,9973.5
1747752974341.0,9968.4,9973.4
1747752974440.0,9968.5,9973.5
1747752974817.0,9968.5,9973.5
1747752974934.0,9968.4,9973.4
