1747749486127.0,162.932,162.947
1747749486376.0,162.933,162.948
1747749488356.0,162.934,162.949
1747749488478.0,162.936,162.951
1747749489252.0,162.938,162.953
1747749489508.0,162.939,162.954
1747749489816.0,162.94,162.955
1747749489942.0,162.941,162.956
1747749490283.0,162.94,162.955
1747749490655.0,162.938,162.953
1747749490904.0,162.939,162.954
1747749491033.0,162.94,162.955
1747749492385.0,162.941,162.956
1747749492721.0,162.939,162.954
1747749492971.0,162.938,162.953
1747749493220.0,162.939,162.954
1747749493349.0,162.937,162.952
1747749494236.0,162.938,162.953
1747749495240.0,162.934,162.949
1747749496252.0,162.936,162.951
1747749497161.0,162.934,162.949
1747749497735.0,162.93,162.945
1747749497958.0,162.927,162.942
1747749498085.0,162.929,162.944
1747749498370.0,162.928,162.943
1747749498649.0,162.929,162.944
1747749499025.0,162.931,162.946
1747749499274.0,162.934,162.949
1747749500140.0,162.935,162.95
1747749500468.0,162.936,162.951
1747749501175.0,162.937,162.952
1747749503574.0,162.944,162.959
1747749503699.0,162.947,162.962
1747749504450.0,162.948,162.963
1747749505611.0,162.949,162.964
1747749505987.0,162.948,162.963
1747749506236.0,162.949,162.964
1747749507143.0,162.95,162.965
1747749507967.0,162.947,162.962
1747749508217.0,162.952,162.967
1747749508467.0,162.953,162.968
1747749508593.0,162.952,162.967
1747749509241.0,162.951,162.966
1747749509492.0,162.949,162.964
1747749510108.0,162.948,162.963
1747749510359.0,162.951,162.966
1747749510484.0,162.952,162.967
1747749511121.0,162.954,162.969
1747749511374.0,162.953,162.968
1747749512305.0,162.952,162.967
1747749512591.0,162.953,162.968
1747749513412.0,162.952,162.967
1747749513662.0,162.954,162.969
1747749513787.0,162.955,162.97
1747749515442.0,162.957,162.972
1747749516012.0,162.958,162.973
1747749516387.0,162.957,162.972
1747749516516.0,162.958,162.973
1747749516894.0,162.958,162.973
1747749517271.0,162.959,162.974
1747749517645.0,162.958,162.973
1747749518271.0,162.956,162.971
1747749518394.0,162.955,162.97
1747749519421.0,162.954,162.969
1747749519840.0,162.958,162.973
1747749520088.0,162.958,162.973
1747749520464.0,162.957,162.972
1747749520588.0,162.951,162.966
1747749520841.0,162.946,162.961
1747749521087.0,162.948,162.963
1747749521510.0,162.947,162.962
1747749521635.0,162.946,162.961
1747749522511.0,162.941,162.956
1747749522636.0,162.944,162.959
1747749523086.0,162.943,162.958
1747749523213.0,162.944,162.959
1747749523641.0,162.945,162.96
1747749523765.0,162.944,162.959
1747749524152.0,162.949,162.964
1747749524276.0,162.95,162.965
1747749524914.0,162.949,162.964
1747749525857.0,162.949,162.964
1747749526233.0,162.948,162.963
1747749526483.0,162.947,162.962
1747749526736.0,162.945,162.96
1747749526857.0,162.944,162.959
1747749527107.0,162.942,162.957
1747749527489.0,162.942,162.957
1747749527733.0,162.94,162.955
1747749527859.0,162.941,162.956
1747749528110.0,162.94,162.955
1747749528608.0,162.946,162.961
1747749529136.0,162.944,162.959
1747749529262.0,162.946,162.961
1747749529945.0,162.947,162.962
1747749530070.0,162.946,162.961
1747749530450.0,162.943,162.958
1747749530571.0,162.945,162.96
1747749530821.0,162.947,162.962
1747749531477.0,162.95,162.965
1747749531604.0,162.949,162.964
1747749531728.0,162.95,162.965
1747749532329.0,162.952,162.967
1747749532453.0,162.951,162.966
1747749532707.0,162.95,162.965
1747749533479.0,162.951,162.966
1747749533854.0,162.952,162.967
1747749534315.0,162.951,162.966
1747749534813.0,162.952,162.967
1747749534937.0,162.953,162.968
1747749535199.0,162.952,162.967
1747749535448.0,162.947,162.962
1747749536140.0,162.945,162.96
1747749536388.0,162.948,162.963
1747749538417.0,162.947,162.962
1747749538790.0,162.942,162.957
1747749539658.0,162.939,162.954
1747749540165.0,162.938,162.953
1747749540414.0,162.939,162.954
1747749540544.0,162.94,162.955
1747749540664.0,162.938,162.953
1747749541765.0,162.936,162.951
1747749542718.0,162.939,162.954
1747749543407.0,162.94,162.955
1747749543658.0,162.938,162.953
1747749544031.0,162.937,162.952
1747749544283.0,162.938,162.953
1747749544532.0,162.935,162.95
1747749546035.0,162.936,162.951
1747749546285.0,162.937,162.952
1747749546757.0,162.935,162.95
1747749547004.0,162.929,162.944
1747749547629.0,162.93,162.945
1747749548657.0,162.931,162.946
1747749548908.0,162.932,162.947
1747749549680.0,162.938,162.953
1747749549802.0,162.939,162.954
1747749550431.0,162.937,162.952
1747749550720.0,162.936,162.951
1747749551094.0,162.937,162.952
1747749551400.0,162.936,162.951
1747749551900.0,162.935,162.95
1747749552026.0,162.936,162.951
1747749552275.0,162.937,162.952
1747749553522.0,162.935,162.95
1747749553649.0,162.934,162.949
1747749555362.0,162.933,162.948
1747749556240.0,162.936,162.951
1747749556361.0,162.937,162.952
1747749556611.0,162.939,162.954
1747749556865.0,162.935,162.95
1747749557240.0,162.935,162.95
1747749557741.0,162.933,162.948
1747749558510.0,162.934,162.949
1747749558761.0,162.933,162.948
1747749559260.0,162.932,162.947
1747749559508.0,162.933,162.948
1747749559760.0,162.931,162.946
1747749560016.0,162.928,162.943
1747749560133.0,162.927,162.942
1747749560384.0,162.923,162.938
1747749561344.0,162.922,162.937
1747749561844.0,162.924,162.939
1747749562093.0,162.925,162.94
1747749562690.0,162.923,162.938
1747749563767.0,162.925,162.94
1747749564014.0,162.922,162.937
1747749564267.0,162.917,162.932
1747749564524.0,162.916,162.931
1747749565711.0,162.914,162.929
1747749566119.0,162.913,162.928
1747749566803.0,162.915,162.93
1747749568114.0,162.913,162.928
1747749568754.0,162.915,162.93
1747749569701.0,162.917,162.932
1747749570267.0,162.914,162.929
1747749570927.0,162.915,162.93
1747749571308.0,162.914,162.929
1747749572492.0,162.915,162.93
1747749572616.0,162.916,162.931
1747749573049.0,162.915,162.93
1747749573174.0,162.91,162.925
1747749573351.0,162.911,162.926
1747749573455.0,162.913,162.928
1747749573894.0,162.915,162.93
1747749574150.0,162.916,162.931
1747749575704.0,162.912,162.927
1747749575829.0,162.909,162.924
1747749576080.0,162.911,162.926
1747749576565.0,162.913,162.928
1747749576694.0,162.91,162.925
1747749577035.0,162.906,162.921
1747749578660.0,162.906,162.921
1747749579548.0,162.905,162.92
1747749579797.0,162.904,162.919
1747749579925.0,162.903,162.918
1747749580462.0,162.904,162.919
1747749581065.0,162.905,162.92
1747749581698.0,162.898,162.913
1747749581822.0,162.902,162.917
1747749582198.0,162.896,162.911
1747749582321.0,162.897,162.912
1747749582700.0,162.898,162.913
1747749583645.0,162.897,162.912
1747749583896.0,162.895,162.91
1747749584270.0,162.896,162.911
1747749584780.0,162.897,162.912
1747749585305.0,162.891,162.906
1747749585554.0,162.889,162.904
1747749585680.0,162.887,162.902
1747749585805.0,162.886,162.901
1747749587141.0,162.89,162.905
1747749587392.0,162.888,162.903
1747749587510.0,162.887,162.902
1747749589021.0,162.886,162.901
1747749589271.0,162.887,162.902
1747749589796.0,162.885,162.9
1747749590297.0,162.889,162.904
1747749591185.0,162.889,162.904
1747749591435.0,162.89,162.905
1747749591812.0,162.891,162.906
1747749592244.0,162.892,162.907
1747749592360.0,162.893,162.908
1747749593275.0,162.894,162.909
1747749594361.0,162.893,162.908
1747749594488.0,162.89,162.905
1747749594994.0,162.891,162.906
1747749595245.0,162.892,162.907
1747749596256.0,162.895,162.91
1747749596384.0,162.893,162.908
1747749596758.0,162.894,162.909
1747749597257.0,162.895,162.91
1747749597631.0,162.893,162.908
1747749598901.0,162.892,162.907
1747749599573.0,162.891,162.906
1747749599822.0,162.893,162.908
1747749600075.0,162.895,162.91
1747749600198.0,162.889,162.904
1747749600699.0,162.88,162.895
1747749600824.0,162.877,162.892
1747749601197.0,162.879,162.894
1747749601325.0,162.88,162.895
1747749601742.0,162.879,162.894
1747749602563.0,162.878,162.893
1747749602811.0,162.878,162.893
1747749603427.0,162.879,162.894
1747749603677.0,162.875,162.89
1747749603926.0,162.868,162.883
1747749604046.0,162.865,162.88
1747749604424.0,162.862,162.877
1747749604546.0,162.857,162.872
1747749605485.0,162.858,162.873
1747749605779.0,162.86,162.875
1747749606154.0,162.858,162.873
1747749606581.0,162.86,162.875
1747749607200.0,162.861,162.876
1747749608233.0,162.862,162.877
1747749608565.0,162.864,162.879
1747749609641.0,162.863,162.878
1747749610113.0,162.87,162.885
1747749610242.0,162.869,162.884
1747749611433.0,162.869,162.884
1747749611950.0,162.867,162.882
1747749612199.0,162.868,162.883
1747749613448.0,162.869,162.884
1747749613698.0,162.87,162.885
1747749614198.0,162.871,162.886
1747749615052.0,162.872,162.887
1747749615578.0,162.873,162.888
1747749615708.0,162.872,162.887
1747749616122.0,162.871,162.886
1747749616495.0,162.872,162.887
1747749617211.0,162.87,162.885
1747749617334.0,162.869,162.884
1747749618981.0,162.863,162.878
1747749619355.0,162.866,162.881
1747749619480.0,162.865,162.88
1747749619856.0,162.866,162.881
1747749620674.0,162.856,162.871
1747749621246.0,162.863,162.878
1747749621371.0,162.867,162.882
1747749621745.0,162.87,162.885
1747749622417.0,162.864,162.879
1747749622541.0,162.863,162.878
1747749623121.0,162.858,162.873
1747749623497.0,162.857,162.872
1747749623766.0,162.858,162.873
1747749623892.0,162.857,162.872
1747749624143.0,162.858,162.873
1747749624521.0,162.852,162.867
1747749625144.0,162.854,162.869
1747749625392.0,162.853,162.868
1747749625878.0,162.852,162.867
1747749626127.0,162.857,162.872
1747749626384.0,162.853,162.868
1747749626751.0,162.851,162.866
1747749626876.0,162.853,162.868
1747749627658.0,162.86,162.875
1747749627909.0,162.861,162.876
1747749629151.0,162.868,162.883
1747749629278.0,162.869,162.884
1747749629904.0,162.866,162.881
1747749630153.0,162.864,162.879
1747749630279.0,162.866,162.881
1747749630403.0,162.867,162.882
1747749631110.0,162.866,162.881
1747749631362.0,162.869,162.884
1747749632875.0,162.874,162.889
1747749632984.0,162.876,162.891
1747749633123.0,162.878,162.893
1747749633382.0,162.873,162.888
1747749633505.0,162.877,162.892
1747749634501.0,162.878,162.893
1747749634877.0,162.877,162.892
1747749636113.0,162.878,162.893
1747749636488.0,162.881,162.896
1747749637009.0,162.88,162.895
1747749637140.0,162.882,162.897
1747749637508.0,162.881,162.896
1747749637884.0,162.878,162.893
1747749638008.0,162.879,162.894
1747749638382.0,162.877,162.892
1747749638511.0,162.878,162.893
1747749638760.0,162.879,162.894
1747749639283.0,162.88,162.895
1747749639533.0,162.877,162.892
1747749639908.0,162.878,162.893
1747749640614.0,162.877,162.892
1747749641752.0,162.878,162.893
1747749642420.0,162.88,162.895
1747749643604.0,162.883,162.898
1747749643857.0,162.886,162.901
1747749644107.0,162.89,162.905
1747749644230.0,162.892,162.907
1747749645169.0,162.893,162.908
1747749645420.0,162.894,162.909
1747749645684.0,162.895,162.91
1747749645941.0,162.896,162.911
1747749646190.0,162.9,162.915
1747749646558.0,162.901,162.916
1747749646809.0,162.9,162.915
1747749647441.0,162.899,162.914
1747749647556.0,162.892,162.907
1747749647806.0,162.893,162.908
1747749648195.0,162.891,162.906
1747749648320.0,162.889,162.904
1747749648779.0,162.89,162.905
1747749649156.0,162.889,162.904
1747749649530.0,162.894,162.909
1747749649779.0,162.894,162.909
1747749649904.0,162.897,162.912
1747749650029.0,162.898,162.913
1747749650403.0,162.904,162.919
1747749650528.0,162.903,162.918
1747749651163.0,162.911,162.926
1747749651289.0,162.909,162.924
1747749652755.0,162.906,162.921
1747749653005.0,162.905,162.92
1747749653380.0,162.906,162.921
1747749654511.0,162.905,162.92
1747749654635.0,162.913,162.928
1747749654885.0,162.913,162.928
1747749655384.0,162.916,162.931
1747749655765.0,162.917,162.932
1747749656261.0,162.916,162.931
1747749656511.0,162.923,162.938
1747749657060.0,162.915,162.942
1747749657185.0,162.918,162.939
1747749657435.0,162.915,162.93
1747749657685.0,162.912,162.927
1747749657935.0,162.913,162.928
1747749658185.0,162.907,162.922
1747749658311.0,162.91,162.925
1747749658965.0,162.912,162.927
1747749659214.0,162.916,162.931
1747749660112.0,162.917,162.932
1747749660361.0,162.915,162.93
1747749660744.0,162.921,162.936
1747749660868.0,162.92,162.935
1747749661245.0,162.915,162.93
1747749661493.0,162.913,162.928
1747749661992.0,162.915,162.93
1747749662244.0,162.914,162.929
1747749662621.0,162.915,162.93
1747749662743.0,162.913,162.928
1747749663166.0,162.914,162.929
1747749663290.0,162.91,162.925
1747749663791.0,162.911,162.926
1747749664168.0,162.912,162.927
1747749664296.0,162.911,162.926
1747749665226.0,162.912,162.927
1747749665478.0,162.903,162.918
1747749665605.0,162.902,162.917
1747749665725.0,162.903,162.918
1747749665978.0,162.902,162.917
1747749666352.0,162.9,162.915
1747749667103.0,162.901,162.916
1747749668529.0,162.9,162.915
1747749668903.0,162.902,162.917
1747749669153.0,162.899,162.914
1747749670002.0,162.9,162.915
1747749670379.0,162.904,162.919
1747749671036.0,162.905,162.92
1747749671579.0,162.904,162.919
1747749671828.0,162.902,162.917
1747749672952.0,162.904,162.919
1747749673202.0,162.903,162.918
1747749674693.0,162.904,162.919
1747749675810.0,162.903,162.918
1747749675934.0,162.901,162.916
1747749677030.0,162.902,162.917
1747749678135.0,162.901,162.916
1747749678962.0,162.902,162.917
1747749679222.0,162.9,162.915
1747749679580.0,162.898,162.913
1747749679705.0,162.896,162.911
1747749681111.0,162.897,162.912
1747749681834.0,162.898,162.913
1747749682083.0,162.897,162.912
1747749683042.0,162.898,162.913
1747749683917.0,162.9,162.915
1747749684166.0,162.901,162.916
1747749685387.0,162.9,162.915
1747749685636.0,162.898,162.913
1747749686036.0,162.899,162.914
1747749686410.0,162.905,162.92
1747749686702.0,162.906,162.921
1747749686813.0,162.904,162.919
1747749688755.0,162.902,162.917
1747749689548.0,162.9,162.915
1747749689924.0,162.902,162.917
1747749690229.0,162.903,162.918
1747749691347.0,162.904,162.919
1747749691598.0,162.905,162.92
1747749691723.0,162.906,162.921
1747749692766.0,162.907,162.922
1747749693061.0,162.906,162.921
1747749693184.0,162.907,162.922
1747749694528.0,162.908,162.923
1747749698035.0,162.902,162.917
1747749698160.0,162.903,162.918
1747749700316.0,162.906,162.921
1747749703229.0,162.902,162.917
1747749703479.0,162.9,162.915
1747749704060.0,162.899,162.914
1747749704715.0,162.901,162.916
1747749705083.0,162.907,162.922
1747749705389.0,162.908,162.923
1747749706091.0,162.907,162.922
1747749706590.0,162.906,162.921
1747749706840.0,162.907,162.922
1747749707089.0,162.906,162.921
1747749707589.0,162.906,162.921
1747749708239.0,162.905,162.92
1747749709140.0,162.908,162.923
1747749709523.0,162.906,162.921
1747749709647.0,162.909,162.924
1747749710833.0,162.908,162.923
1747749711226.0,162.902,162.917
1747749711600.0,162.9,162.915
1747749711849.0,162.901,162.916
1747749712097.0,162.902,162.917
1747749712703.0,162.902,162.917
1747749712826.0,162.9,162.915
1747749713201.0,162.902,162.917
1747749713826.0,162.901,162.916
1747749713952.0,162.902,162.917
1747749716494.0,162.907,162.922
1747749716744.0,162.907,162.922
1747749717058.0,162.905,162.92
1747749718356.0,162.902,162.917
1747749718607.0,162.904,162.919
1747749718731.0,162.903,162.918
1747749720030.0,162.906,162.921
1747749720280.0,162.909,162.924
1747749720530.0,162.91,162.925
1747749721287.0,162.909,162.924
1747749721742.0,162.906,162.921
1747749721866.0,162.907,162.922
1747749722176.0,162.912,162.927
1747749722294.0,162.913,162.928
1747749722424.0,162.909,162.924
1747749722544.0,162.908,162.923
1747749722674.0,162.907,162.922
1747749723044.0,162.907,162.922
1747749723598.0,162.908,162.923
1747749723721.0,162.907,162.922
1747749724106.0,162.908,162.923
1747749724357.0,162.909,162.924
1747749724607.0,162.909,162.924
1747749724985.0,162.908,162.923
1747749725640.0,162.907,162.922
1747749726011.0,162.908,162.923
1747749726266.0,162.912,162.927
1747749726517.0,162.912,162.927
1747749726770.0,162.911,162.926
1747749726891.0,162.908,162.923
1747749727267.0,162.909,162.924
1747749727518.0,162.911,162.926
1747749727943.0,162.91,162.925
1747749728193.0,162.906,162.921
1747749728320.0,162.907,162.922
1747749728693.0,162.907,162.922
1747749728943.0,162.908,162.923
1747749729193.0,162.903,162.918
1747749729741.0,162.904,162.919
1747749729865.0,162.909,162.924
1747749730365.0,162.913,162.928
1747749730614.0,162.912,162.927
1747749731221.0,162.909,162.924
1747749731330.0,162.91,162.925
1747749731705.0,162.911,162.926
1747749731961.0,162.912,162.927
1747749732465.0,162.913,162.928
1747749733025.0,162.912,162.927
1747749733141.0,162.913,162.928
1747749733521.0,162.91,162.925
1747749734031.0,162.906,162.921
1747749734281.0,162.908,162.923
1747749734639.0,162.909,162.924
1747749735141.0,162.91,162.925
1747749735512.0,162.911,162.926
1747749735763.0,162.912,162.927
1747749735888.0,162.915,162.93
1747749736141.0,162.916,162.931
1747749736388.0,162.917,162.932
1747749736640.0,162.919,162.934
1747749737183.0,162.921,162.936
1747749737308.0,162.918,162.933
1747749737434.0,162.916,162.931
1747749738475.0,162.916,162.931
1747749739112.0,162.915,162.93
1747749739559.0,162.914,162.929
1747749739809.0,162.914,162.929
1747749739934.0,162.912,162.927
1747749741387.0,162.913,162.928
1747749741512.0,162.914,162.929
1747749741925.0,162.913,162.928
1747749742049.0,162.912,162.927
1747749742660.0,162.911,162.926
1747749743141.0,162.909,162.924
1747749743269.0,162.91,162.925
1747749743892.0,162.909,162.924
1747749744142.0,162.917,162.932
1747749744517.0,162.918,162.933
1747749744769.0,162.919,162.934
1747749744892.0,162.922,162.937
1747749745724.0,162.923,162.938
1747749746098.0,162.926,162.941
1747749746229.0,162.925,162.94
1747749746599.0,162.924,162.939
1747749747434.0,162.925,162.94
1747749747892.0,162.926,162.941
1747749748019.0,162.925,162.94
1747749749540.0,162.926,162.941
1747749749663.0,162.927,162.942
1747749750078.0,162.926,162.941
1747749750203.0,162.925,162.94
1747749751211.0,162.93,162.945
1747749751454.0,162.929,162.944
1747749751703.0,162.93,162.945
1747749752597.0,162.935,162.95
1747749753098.0,162.936,162.951
1747749753610.0,162.931,162.946
1747749753858.0,162.928,162.943
1747749754110.0,162.931,162.946
1747749754797.0,162.932,162.947
1747749755151.0,162.933,162.948
1747749755760.0,162.934,162.949
1747749756665.0,162.93,162.945
1747749756916.0,162.929,162.944
1747749757166.0,162.934,162.949
1747749758065.0,162.939,162.954
1747749758190.0,162.938,162.953
1747749758315.0,162.937,162.952
1747749758564.0,162.938,162.953
1747749759075.0,162.94,162.955
1747749759940.0,162.938,162.953
1747749760166.0,162.936,162.951
1747749760977.0,162.933,162.948
1747749762175.0,162.934,162.949
1747749764698.0,162.935,162.95
1747749765091.0,162.941,162.956
1747749765204.0,162.937,162.952
1747749766112.0,162.938,162.953
1747749766488.0,162.937,162.952
1747749766739.0,162.936,162.951
1747749766863.0,162.935,162.95
1747749767110.0,162.936,162.951
1747749768184.0,162.935,162.95
1747749768519.0,162.936,162.951
1747749768644.0,162.933,162.948
1747749769393.0,162.934,162.949
1747749769644.0,162.935,162.95
1747749770396.0,162.936,162.951
1747749770520.0,162.939,162.954
1747749770644.0,162.945,162.96
1747749773700.0,162.949,162.964
1747749774807.0,162.941,162.956
1747749775057.0,162.939,162.954
1747749775166.0,162.941,162.956
1747749775304.0,162.942,162.957
1747749775417.0,162.939,162.954
1747749775552.0,162.936,162.951
1747749775916.0,162.935,162.95
1747749776051.0,162.933,162.948
1747749776419.0,162.932,162.947
1747749776665.0,162.93,162.945
1747749776919.0,162.929,162.944
1747749777053.0,162.927,162.942
1747749777798.0,162.925,162.94
1747749778044.0,162.924,162.939
1747749778291.0,162.926,162.941
1747749778418.0,162.923,162.938
1747749778556.0,162.912,162.927
1747749778802.0,162.911,162.926
1747749779167.0,162.915,162.93
1747749779417.0,162.915,162.93
1747749779542.0,162.914,162.929
1747749779917.0,162.918,162.933
1747749780167.0,162.919,162.934
1747749780417.0,162.921,162.936
1747749780794.0,162.919,162.934
1747749781045.0,162.926,162.941
1747749781294.0,162.926,162.941
1747749782315.0,162.925,162.94
1747749782606.0,162.926,162.941
1747749782856.0,162.923,162.938
1747749783106.0,162.922,162.937
1747749783476.0,162.921,162.936
1747749784049.0,162.925,162.94
1747749784175.0,162.924,162.939
1747749784624.0,162.923,162.938
1747749784890.0,162.92,162.935
1747749785385.0,162.925,162.94
1747749786435.0,162.924,162.939
1747749787414.0,162.918,162.933
1747749788164.0,162.916,162.931
1747749788708.0,162.915,162.93
1747749788833.0,162.913,162.928
1747749789458.0,162.91,162.925
1747749789708.0,162.913,162.928
1747749789958.0,162.913,162.928
1747749790208.0,162.915,162.93
1747749791240.0,162.914,162.929
1747749795125.0,162.913,162.928
1747749795625.0,162.915,162.93
1747749795751.0,162.914,162.929
1747749796001.0,162.913,162.928
1747749796251.0,162.907,162.922
1747749796377.0,162.906,162.921
1747749796779.0,162.909,162.924
1747749797280.0,162.906,162.921
1747749798184.0,162.909,162.924
1747749798308.0,162.91,162.925
1747749798685.0,162.911,162.926
1747749798978.0,162.91,162.925
1747749799949.0,162.911,162.926
1747749800202.0,162.911,162.926
1747749801013.0,162.91,162.925
1747749801715.0,162.911,162.926
1747749801840.0,162.913,162.928
1747749802218.0,162.913,162.928
1747749802340.0,162.917,162.932
1747749802885.0,162.915,162.93
1747749803136.0,162.916,162.931
1747749803643.0,162.917,162.932
1747749804348.0,162.919,162.934
1747749805222.0,162.918,162.933
1747749805850.0,162.919,162.934
1747749807098.0,162.918,162.933
1747749808181.0,162.919,162.934
1747749808429.0,162.922,162.937
1747749808680.0,162.922,162.937
1747749808931.0,162.92,162.935
1747749809055.0,162.919,162.934
1747749809977.0,162.918,162.933
1747749810103.0,162.919,162.934
1747749810354.0,162.92,162.935
1747749810888.0,162.923,162.938
1747749811025.0,162.924,162.939
1747749811433.0,162.92,162.935
1747749811682.0,162.92,162.935
1747749812503.0,162.923,162.938
1747749812877.0,162.922,162.937
1747749813642.0,162.923,162.938
1747749814405.0,162.922,162.937
1747749815800.0,162.923,162.938
1747749816630.0,162.922,162.937
1747749817014.0,162.923,162.938
1747749819315.0,162.922,162.937
1747749819816.0,162.923,162.938
1747749820068.0,162.922,162.937
1747749821197.0,162.919,162.934
1747749821321.0,162.921,162.936
1747749821954.0,162.924,162.939
1747749822079.0,162.923,162.938
1747749822454.0,162.926,162.941
1747749822579.0,162.925,162.94
1747749822832.0,162.924,162.939
1747749822955.0,162.923,162.938
1747749824240.0,162.922,162.937
1747749824621.0,162.921,162.936
1747749824998.0,162.919,162.934
1747749825123.0,162.922,162.937
1747749825773.0,162.923,162.938
1747749826023.0,162.921,162.936
1747749826272.0,162.924,162.939
1747749826522.0,162.925,162.94
1747749827132.0,162.926,162.941
1747749827381.0,162.925,162.94
1747749827922.0,162.923,162.938
1747749828681.0,162.922,162.937
1747749828806.0,162.923,162.938
1747749829958.0,162.921,162.936
1747749830950.0,162.923,162.938
1747749831076.0,162.922,162.937
1747749831679.0,162.921,162.936
1747749832058.0,162.919,162.934
1747749832179.0,162.921,162.936
1747749833351.0,162.923,162.938
1747749833472.0,162.924,162.939
1747749833721.0,162.922,162.937
1747749834286.0,162.923,162.938
1747749834662.0,162.921,162.936
1747749835080.0,162.92,162.935
1747749835329.0,162.921,162.936
1747749835454.0,162.922,162.937
1747749835829.0,162.923,162.938
1747749836079.0,162.927,162.942
1747749836879.0,162.926,162.941
1747749837699.0,162.928,162.943
1747749838829.0,162.929,162.944
1747749840180.0,162.931,162.946
1747749840315.0,162.93,162.945
1747749840680.0,162.936,162.951
1747749840811.0,162.935,162.95
1747749842269.0,162.936,162.951
1747749843886.0,162.937,162.952
1747749844012.0,162.936,162.951
1747749844521.0,162.934,162.949
1747749845080.0,162.935,162.95
1747749845329.0,162.93,162.945
1747749845580.0,162.928,162.943
1747749846332.0,162.922,162.937
1747749846456.0,162.923,162.938
1747749849113.0,162.926,162.941
1747749850132.0,162.925,162.94
1747749850257.0,162.926,162.941
1747749851113.0,162.925,162.94
1747749851363.0,162.926,162.941
1747749852115.0,162.923,162.938
1747749852363.0,162.924,162.939
1747749853492.0,162.923,162.938
1747749853741.0,162.922,162.937
1747749854364.0,162.921,162.936
1747749855006.0,162.922,162.937
1747749856125.0,162.923,162.938
1747749856372.0,162.922,162.937
1747749857819.0,162.926,162.941
1747749858068.0,162.925,162.94
1747749858364.0,162.926,162.941
1747749859117.0,162.923,162.938
1747749859798.0,162.923,162.938
1747749860693.0,162.922,162.937
1747749861068.0,162.925,162.94
1747749861192.0,162.921,162.936
1747749861443.0,162.92,162.935
1747749861567.0,162.921,162.936
1747749861883.0,162.922,162.937
1747749862619.0,162.923,162.938
1747749862745.0,162.922,162.937
1747749864172.0,162.921,162.936
1747749864747.0,162.922,162.937
1747749865927.0,162.923,162.938
1747749866052.0,162.922,162.937
1747749866847.0,162.919,162.934
1747749867721.0,162.92,162.935
1747749867847.0,162.923,162.938
1747749868114.0,162.925,162.94
1747749868364.0,162.924,162.939
1747749868772.0,162.925,162.94
1747749868896.0,162.921,162.936
1747749869248.0,162.92,162.935
1747749869498.0,162.919,162.934
1747749869873.0,162.921,162.936
1747749870731.0,162.919,162.934
1747749871063.0,162.918,162.933
1747749871186.0,162.919,162.934
1747749871983.0,162.921,162.936
1747749872233.0,162.923,162.938
1747749872604.0,162.922,162.937
1747749873019.0,162.923,162.938
1747749873873.0,162.922,162.937
1747749873980.0,162.92,162.935
1747749874362.0,162.919,162.934
1747749875199.0,162.917,162.932
1747749875556.0,162.918,162.933
1747749875680.0,162.917,162.932
1747749875928.0,162.918,162.933
1747749877156.0,162.915,162.93
1747749878166.0,162.917,162.932
1747749880455.0,162.916,162.931
1747749881014.0,162.915,162.93
1747749881263.0,162.917,162.932
1747749882588.0,162.918,162.933
1747749882710.0,162.919,162.934
1747749882847.0,162.92,162.935
1747749883245.0,162.921,162.936
1747749883745.0,162.922,162.937
1747749884043.0,162.923,162.938
1747749884813.0,162.925,162.94
1747749885063.0,162.924,162.939
1747749885188.0,162.926,162.941
1747749885440.0,162.925,162.94
1747749885690.0,162.922,162.937
1747749889052.0,162.926,162.941
1747749889825.0,162.925,162.94
1747749889950.0,162.927,162.942
1747749890199.0,162.926,162.941
1747749890465.0,162.922,162.937
1747749890596.0,162.924,162.939
1747749891093.0,162.926,162.941
1747749891215.0,162.925,162.94
1747749891342.0,162.926,162.941
1747749893210.0,162.925,162.94
1747749893336.0,162.923,162.938
1747749894270.0,162.926,162.941
1747749895135.0,162.925,162.94
1747749895763.0,162.923,162.938
1747749896015.0,162.924,162.939
1747749897412.0,162.923,162.938
1747749897659.0,162.922,162.937
1747749898393.0,162.923,162.938
1747749899666.0,162.928,162.943
1747749900396.0,162.931,162.946
1747749900647.0,162.929,162.944
1747749900898.0,162.928,162.943
1747749901022.0,162.925,162.94
1747749901272.0,162.921,162.936
1747749901396.0,162.923,162.938
1747749901522.0,162.921,162.936
1747749902021.0,162.923,162.938
1747749903176.0,162.924,162.939
1747749903298.0,162.931,162.946
1747749904777.0,162.935,162.95
1747749906667.0,162.934,162.949
1747749906912.0,162.933,162.948
1747749907463.0,162.935,162.95
1747749909568.0,162.94,162.955
1747749909688.0,162.935,162.95
1747749909818.0,162.934,162.949
1747749911774.0,162.935,162.95
1747749912308.0,162.936,162.951
1747749917505.0,162.935,162.95
1747749917785.0,162.934,162.949
1747749917910.0,162.933,162.948
1747749919274.0,162.934,162.949
1747749919396.0,162.935,162.95
1747749920490.0,162.936,162.951
1747749921269.0,162.938,162.953
1747749921393.0,162.937,162.952
1747749922578.0,162.936,162.951
1747749922948.0,162.937,162.952
1747749924154.0,162.936,162.951
1747749925128.0,162.941,162.956
1747749925611.0,162.939,162.954
1747749925863.0,162.938,162.953
1747749926113.0,162.939,162.954
1747749926609.0,162.936,162.951
1747749926734.0,162.939,162.954
1747749926860.0,162.94,162.955
1747749927449.0,162.937,162.952
1747749928072.0,162.937,162.952
1747749928198.0,162.94,162.955
1747749928697.0,162.942,162.957
1747749928947.0,162.939,162.954
1747749930369.0,162.943,162.958
1747749931001.0,162.942,162.957
1747749931718.0,162.936,162.951
1747749933733.0,162.938,162.953
1747749934341.0,162.939,162.954
1747749934468.0,162.94,162.955
1747749934593.0,162.942,162.957
1747749935121.0,162.939,162.954
1747749935246.0,162.941,162.956
1747749935371.0,162.942,162.957
1747749935496.0,162.941,162.956
1747749935871.0,162.942,162.957
1747749936342.0,162.943,162.958
1747749936468.0,162.942,162.957
1747749936720.0,162.94,162.955
1747749936971.0,162.938,162.953
1747749937306.0,162.937,162.952
1747749937557.0,162.936,162.951
1747749937681.0,162.938,162.953
1747749938762.0,162.934,162.949
1747749939012.0,162.936,162.951
1747749939849.0,162.927,162.942
1747749939975.0,162.928,162.943
1747749940096.0,162.927,162.942
1747749941096.0,162.929,162.944
1747749941345.0,162.928,162.943
1747749942213.0,162.927,162.942
1747749942341.0,162.922,162.937
1747749942772.0,162.929,162.944
1747749943008.0,162.93,162.945
1747749943129.0,162.929,162.944
1747749943380.0,162.927,162.942
1747749943766.0,162.928,162.943
1747749944020.0,162.927,162.942
1747749944131.0,162.928,162.943
1747749944263.0,162.929,162.944
1747749944381.0,162.931,162.946
1747749944628.0,162.931,162.946
1747749944754.0,162.933,162.948
1747749945129.0,162.931,162.946
1747749945875.0,162.93,162.945
1747749945998.0,162.932,162.947
1747749946248.0,162.934,162.949
1747749947585.0,162.931,162.946
1747749947836.0,162.933,162.948
1747749948228.0,162.931,162.946
1747749949454.0,162.93,162.945
1747749950188.0,162.929,162.944
1747749950311.0,162.928,162.943
1747749950803.0,162.93,162.945
1747749952329.0,162.931,162.946
1747749952456.0,162.932,162.947
1747749952581.0,162.933,162.948
1747749953087.0,162.934,162.949
1747749953642.0,162.936,162.951
1747749953892.0,162.941,162.956
1747749954512.0,162.938,162.953
1747749954761.0,162.937,162.952
1747749954885.0,162.938,162.953
1747749955136.0,162.937,162.952
1747749955493.0,162.938,162.953
1747749956017.0,162.937,162.952
1747749956144.0,162.938,162.953
1747749956268.0,162.941,162.956
1747749956394.0,162.94,162.955
1747749956916.0,162.941,162.956
1747749957040.0,162.94,162.955
1747749957513.0,162.939,162.954
1747749957640.0,162.942,162.957
1747749957869.0,162.941,162.956
1747749958525.0,162.942,162.957
1747749958942.0,162.94,162.955
1747749959193.0,162.941,162.956
1747749959442.0,162.943,162.958
1747749959568.0,162.946,162.961
1747749959819.0,162.945,162.96
1747749960067.0,162.942,162.957
1747749960321.0,162.942,162.957
1747749960570.0,162.94,162.955
1747749961304.0,162.942,162.957
1747749961935.0,162.944,162.959
1747749962253.0,162.943,162.958
1747749962376.0,162.942,162.957
1747749962945.0,162.943,162.958
1747749963320.0,162.944,162.959
1747749963569.0,162.943,162.958
1747749963698.0,162.945,162.96
1747749963819.0,162.946,162.961
1747749964886.0,162.947,162.962
1747749965522.0,162.946,162.961
1747749965766.0,162.947,162.962
1747749966343.0,162.95,162.965
1747749966591.0,162.949,162.964
1747749966843.0,162.955,162.97
1747749967095.0,162.957,162.972
1747749967634.0,162.958,162.973
1747749967758.0,162.957,162.972
1747749968384.0,162.956,162.971
1747749969007.0,162.957,162.972
1747749969128.0,162.959,162.974
1747749970007.0,162.96,162.975
1747749970378.0,162.959,162.974
1747749971416.0,162.958,162.973
1747749971793.0,162.957,162.972
1747749971918.0,162.954,162.969
1747749972622.0,162.957,162.972
1747749972748.0,162.956,162.971
1747749973122.0,162.956,162.971
1747749973372.0,162.956,162.971
1747749973623.0,162.958,162.973
1747749973747.0,162.955,162.97
1747749973997.0,162.954,162.969
1747749974122.0,162.951,162.966
1747749974498.0,162.954,162.969
1747749974746.0,162.953,162.968
1747749975264.0,162.952,162.967
1747749975513.0,162.955,162.97
1747749975640.0,162.954,162.969
1747749976856.0,162.952,162.967
1747749977107.0,162.95,162.965
1747749977483.0,162.946,162.961
1747749977731.0,162.946,162.961
1747749978623.0,162.941,162.956
1747749979124.0,162.938,162.953
1747749979374.0,162.938,162.953
1747749979625.0,162.941,162.956
1747749979748.0,162.94,162.955
1747749980418.0,162.943,162.958
1747749980540.0,162.944,162.959
1747749980787.0,162.945,162.96
1747749980912.0,162.944,162.959
1747749981171.0,162.94,162.955
1747749981663.0,162.941,162.956
1747749982384.0,162.942,162.957
1747749983886.0,162.943,162.958
1747749984946.0,162.944,162.959
1747749985598.0,162.943,162.958
1747749985722.0,162.94,162.955
1747749986175.0,162.939,162.954
1747749986509.0,162.938,162.953
1747749987167.0,162.935,162.95
1747749987789.0,162.938,162.953
1747749988041.0,162.937,162.952
1747749988170.0,162.938,162.953
1747749989644.0,162.936,162.951
1747749990067.0,162.938,162.953
1747749991534.0,162.943,162.958
1747749992254.0,162.944,162.959
1747749993075.0,162.945,162.96
1747749994201.0,162.944,162.959
1747749994450.0,162.945,162.96
1747749994575.0,162.944,162.959
1747749995201.0,162.943,162.958
1747749995450.0,162.945,162.96
1747749996140.0,162.943,162.958
1747749996263.0,162.946,162.961
1747749996639.0,162.944,162.959
1747749996889.0,162.944,162.959
1747749997873.0,162.946,162.961
1747749998124.0,162.945,162.96
1747749999443.0,162.95,162.965
1747749999696.0,162.952,162.967
1747749999946.0,162.946,162.961
1747750000320.0,162.943,162.958
1747750000447.0,162.942,162.957
1747750001071.0,162.941,162.956
1747750001447.0,162.945,162.96
1747750003169.0,162.944,162.959
1747750003420.0,162.946,162.961
1747750003670.0,162.944,162.959
1747750003919.0,162.944,162.959
1747750004919.0,162.947,162.962
1747750005040.0,162.946,162.961
1747750005832.0,162.949,162.964
1747750005968.0,162.948,162.963
1747750007029.0,162.947,162.962
1747750007279.0,162.946,162.961
1747750007403.0,162.945,162.96
1747750007778.0,162.944,162.959
1747750008455.0,162.945,162.96
1747750009100.0,162.944,162.959
1747750009226.0,162.941,162.956
1747750009605.0,162.941,162.956
1747750009926.0,162.942,162.957
1747750010049.0,162.941,162.956
1747750012444.0,162.947,162.962
1747750012566.0,162.945,162.96
1747750013095.0,162.941,162.956
1747750013343.0,162.942,162.957
1747750013643.0,162.944,162.959
1747750014522.0,162.946,162.961
1747750014898.0,162.943,162.958
1747750015147.0,162.942,162.957
1747750016049.0,162.943,162.958
1747750016173.0,162.942,162.957
1747750016672.0,162.943,162.958
1747750016923.0,162.944,162.959
1747750018493.0,162.945,162.96
1747750018622.0,162.944,162.959
1747750019463.0,162.943,162.958
1747750019714.0,162.944,162.959
1747750020088.0,162.945,162.96
1747750021137.0,162.946,162.961
1747750021387.0,162.944,162.959
1747750021804.0,162.941,162.956
1747750022052.0,162.943,162.958
1747750022177.0,162.944,162.959
1747750023053.0,162.945,162.96
1747750023932.0,162.942,162.957
1747750024182.0,162.942,162.957
1747750024559.0,162.942,162.957
1747750024907.0,162.943,162.958
1747750025285.0,162.942,162.957
1747750025534.0,162.941,162.956
1747750025784.0,162.942,162.957
1747750026157.0,162.943,162.958
1747750026407.0,162.942,162.957
1747750027245.0,162.944,162.959
1747750027779.0,162.945,162.96
1747750028332.0,162.944,162.959
1747750029009.0,162.942,162.957
1747750029136.0,162.946,162.961
1747750029509.0,162.944,162.959
1747750030200.0,162.943,162.958
1747750031058.0,162.941,162.956
1747750031180.0,162.938,162.953
1747750031680.0,162.936,162.951
1747750032244.0,162.937,162.952
1747750032623.0,162.934,162.949
1747750032873.0,162.934,162.949
1747750033122.0,162.935,162.95
1747750033892.0,162.936,162.951
1747750034018.0,162.938,162.953
1747750034649.0,162.937,162.952
1747750034773.0,162.936,162.951
1747750035147.0,162.937,162.952
1747750036236.0,162.935,162.95
1747750037906.0,162.937,162.952
1747750038405.0,162.939,162.954
1747750038654.0,162.938,162.953
1747750039310.0,162.935,162.95
1747750039559.0,162.936,162.951
1747750039811.0,162.935,162.95
1747750040060.0,162.936,162.951
1747750040310.0,162.935,162.95
1747750041057.0,162.934,162.949
1747750041431.0,162.93,162.945
1747750041687.0,162.931,162.946
1747750042450.0,162.929,162.944
1747750042694.0,162.925,162.94
1747750043962.0,162.924,162.939
1747750044875.0,162.924,162.939
1747750048187.0,162.931,162.946
1747750048313.0,162.932,162.947
1747750048567.0,162.93,162.945
1747750049140.0,162.931,162.946
1747750049444.0,162.932,162.947
1747750049695.0,162.933,162.948
1747750050285.0,162.934,162.949
1747750051040.0,162.933,162.948
1747750051414.0,162.932,162.947
1747750052183.0,162.934,162.949
1747750052435.0,162.935,162.95
1747750053610.0,162.934,162.949
1747750053740.0,162.933,162.948
1747750054096.0,162.934,162.949
1747750054218.0,162.935,162.95
1747750055961.0,162.924,162.939
1747750056602.0,162.925,162.94
1747750056851.0,162.92,162.935
1747750057120.0,162.921,162.936
1747750057620.0,162.922,162.937
1747750057870.0,162.928,162.943
1747750058371.0,162.929,162.944
1747750059299.0,162.931,162.946
1747750060021.0,162.932,162.947
1747750061402.0,162.931,162.946
1747750061528.0,162.929,162.944
1747750061785.0,162.93,162.945
1747750063761.0,162.929,162.944
1747750064387.0,162.919,162.94
1747750064639.0,162.924,162.945
1747750064888.0,162.923,162.944
1747750065140.0,162.92,162.947
1747750065512.0,162.927,162.948
1747750066015.0,162.929,162.944
1747750066264.0,162.929,162.944
1747750066643.0,162.928,162.943
1747750066894.0,162.927,162.942
1747750067145.0,162.927,162.942
1747750068201.0,162.929,162.944
1747750068451.0,162.925,162.94
1747750068705.0,162.932,162.947
1747750068828.0,162.933,162.948
1747750069077.0,162.934,162.949
1747750069478.0,162.932,162.947
1747750070146.0,162.926,162.954
1747750070396.0,162.933,
1747750070648.0,162.933,162.954
1747750070895.0,162.934,162.949
1747750071146.0,162.934,162.949
1747750072001.0,162.932,162.947
1747750072252.0,162.931,162.946
1747750072877.0,162.93,162.945
1747750073427.0,162.927,162.942
1747750073680.0,162.928,162.943
1747750073986.0,162.927,162.942
1747750074241.0,162.926,162.941
1747750074611.0,162.925,162.94
1747750074944.0,162.926,162.941
1747750075446.0,162.927,162.942
1747750075697.0,162.923,162.938
1747750076076.0,162.925,162.94
1747750077213.0,162.921,162.936
1747750078191.0,162.922,162.937
1747750078309.0,162.915,162.93
1747750078560.0,162.916,162.931
1747750079463.0,162.915,162.93
1747750080848.0,162.916,162.931
1747750081893.0,162.914,162.929
1747750082204.0,162.915,162.93
1747750083466.0,162.914,162.929
1747750083717.0,162.915,162.93
1747750084436.0,162.915,162.93
1747750084784.0,162.916,162.931
1747750084910.0,162.917,162.932
1747750085659.0,162.908,162.923
1747750085785.0,162.911,162.926
1747750085910.0,162.91,162.925
1747750086159.0,162.909,162.924
1747750086408.0,162.914,162.929
1747750086534.0,162.913,162.928
1747750087171.0,162.914,162.929
1747750087421.0,162.917,162.932
1747750087546.0,162.918,162.933
1747750087796.0,162.92,162.935
1747750088267.0,162.921,162.936
1747750088983.0,162.916,162.931
1747750089232.0,162.915,162.93
1747750090714.0,162.914,162.929
1747750090963.0,162.913,162.928
1747750091091.0,162.914,162.929
1747750091473.0,162.913,162.928
1747750091848.0,162.914,162.929
1747750092099.0,162.911,162.926
1747750092349.0,162.911,162.926
1747750092472.0,162.913,162.928
1747750093268.0,162.912,162.927
1747750094153.0,162.914,162.929
1747750094520.0,162.915,162.93
1747750095023.0,162.914,162.929
1747750095272.0,162.913,162.928
1747750096912.0,162.914,162.929
1747750097040.0,162.916,162.931
1747750097780.0,162.915,162.93
1747750097904.0,162.914,162.929
1747750098280.0,162.911,162.926
1747750099548.0,162.917,162.932
1747750099927.0,162.919,162.934
1747750100172.0,162.919,162.934
1747750100453.0,162.92,162.935
1747750100579.0,162.919,162.934
1747750101789.0,162.912,162.927
1747750103144.0,162.916,162.931
1747750103518.0,162.914,162.929
1747750103643.0,162.912,162.927
1747750104021.0,162.913,162.928
1747750104143.0,162.912,162.927
1747750106027.0,162.911,162.926
1747750106535.0,162.91,162.925
1747750107759.0,162.909,162.924
1747750108134.0,162.908,162.923
1747750108387.0,162.903,162.918
1747750108639.0,162.902,162.917
1747750108884.0,162.9,162.915
1747750109134.0,162.902,162.917
1747750109384.0,162.903,162.918
1747750109509.0,162.896,162.911
1747750109760.0,162.892,162.907
1747750110221.0,162.895,162.91
1747750111874.0,162.891,162.906
1747750112000.0,162.903,162.918
1747750112374.0,162.9,162.915
1747750112500.0,162.899,162.914
1747750113025.0,162.902,162.917
1747750113149.0,162.901,162.916
1747750113523.0,162.899,162.914
1747750114143.0,162.904,162.919
1747750114392.0,162.902,162.917
1747750115144.0,162.9,162.915
1747750115270.0,162.902,162.917
1747750115646.0,162.901,162.916
1747750115769.0,162.902,162.917
1747750115896.0,162.901,162.916
1747750116622.0,162.902,162.917
1747750117032.0,162.904,162.919
1747750117283.0,162.906,162.921
1747750117870.0,162.901,162.916
1747750118119.0,162.903,162.918
1747750118368.0,162.899,162.914
1747750118494.0,162.901,162.916
1747750118620.0,162.899,162.914
1747750118744.0,162.9,162.915
1747750120367.0,162.901,162.916
1747750120491.0,162.905,162.92
1747750120892.0,162.904,162.919
1747750121392.0,162.902,162.917
1747750121522.0,162.903,162.918
1747750122078.0,162.902,162.917
1747750123236.0,162.903,162.918
1747750123369.0,162.901,162.916
1747750123735.0,162.9,162.915
1747750124283.0,162.899,162.914
1747750124408.0,162.893,162.908
1747750124535.0,162.894,162.909
1747750125284.0,162.895,162.91
1747750126011.0,162.892,162.907
1747750126260.0,162.893,162.908
1747750127615.0,162.895,162.91
1747750127740.0,162.896,162.911
1747750128121.0,162.898,162.913
1747750128367.0,162.893,162.908
1747750128615.0,162.894,162.909
1747750128862.0,162.892,162.907
1747750129634.0,162.894,162.909
1747750129751.0,162.893,162.908
1747750130001.0,162.894,162.909
1747750130387.0,162.897,162.912
1747750130636.0,162.896,162.911
1747750131001.0,162.893,162.908
1747750131251.0,162.894,162.909
1747750131879.0,162.895,162.91
1747750133411.0,162.894,162.909
1747750134250.0,162.895,162.91
1747750134628.0,162.894,162.909
1747750134754.0,162.891,162.906
1747750135140.0,162.898,162.913
1747750135764.0,162.899,162.914
1747750136015.0,162.9,162.915
1747750136265.0,162.897,162.912
1747750136755.0,162.896,162.911
1747750137131.0,162.895,162.91
1747750137507.0,162.894,162.909
1747750137882.0,162.892,162.907
1747750138011.0,162.893,162.908
1747750138402.0,162.892,162.907
1747750138820.0,162.893,162.908
1747750139197.0,162.892,162.907
1747750139523.0,162.893,162.908
1747750140065.0,162.892,162.907
1747750140565.0,162.891,162.906
1747750140703.0,162.892,162.907
1747750140957.0,162.886,162.901
1747750141206.0,162.889,162.904
1747750141452.0,162.888,162.903
1747750141721.0,162.888,162.903
1747750141969.0,162.887,162.902
1747750142539.0,162.886,162.901
1747750142666.0,162.891,162.906
1747750142913.0,162.886,162.901
1747750144017.0,162.888,162.903
1747750144744.0,162.889,162.904
1747750144870.0,162.891,162.906
1747750145370.0,162.892,162.907
1747750146829.0,162.894,162.909
1747750147078.0,162.898,162.913
1747750147330.0,162.902,162.917
1747750147580.0,162.901,162.916
1747750147974.0,162.902,162.917
1747750148473.0,162.901,162.916
1747750148723.0,162.901,162.916
1747750148849.0,162.9,162.915
1747750149573.0,162.901,162.916
1747750150284.0,162.903,162.918
1747750150689.0,162.9,162.915
1747750150807.0,162.903,162.918
1747750151190.0,162.901,162.916
1747750151442.0,162.9,162.915
1747750152096.0,162.901,162.916
1747750153011.0,162.899,162.914
1747750153384.0,162.902,162.917
1747750153634.0,162.901,162.916
1747750154197.0,162.907,162.922
1747750155814.0,162.905,162.92
1747750156066.0,162.906,162.921
1747750156807.0,162.905,162.92
1747750157723.0,162.904,162.919
1747750158635.0,162.905,162.92
1747750159357.0,162.907,162.922
1747750159656.0,162.906,162.921
1747750161447.0,162.907,162.922
1747750161695.0,162.908,162.923
1747750162082.0,162.906,162.921
1747750162212.0,162.91,162.925
1747750162579.0,162.911,162.926
1747750163134.0,162.91,162.925
1747750163385.0,162.911,162.926
1747750163631.0,162.913,162.928
1747750164690.0,162.913,162.928
1747750165059.0,162.912,162.927
1747750165312.0,162.907,162.922
1747750165875.0,162.906,162.921
1747750165999.0,162.904,162.919
1747750166375.0,162.901,162.916
1747750168530.0,162.897,162.912
1747750168844.0,162.896,162.911
1747750169219.0,162.897,162.912
1747750169469.0,162.896,162.911
1747750169799.0,162.897,162.912
1747750170468.0,162.896,162.911
1747750170590.0,162.897,162.912
1747750170965.0,162.895,162.91
1747750171596.0,162.892,162.907
1747750171726.0,162.891,162.906
1747750172098.0,162.888,162.903
1747750172224.0,162.887,162.902
1747750173235.0,162.888,162.903
1747750173367.0,162.89,162.905
1747750173616.0,162.888,162.903
1747750173984.0,162.89,162.905
1747750174394.0,162.891,162.906
1747750174642.0,162.893,162.908
1747750174959.0,162.894,162.909
1747750176658.0,162.896,162.911
1747750177169.0,162.904,162.919
1747750177281.0,162.901,162.916
1747750177421.0,162.898,162.913
1747750177976.0,162.895,162.91
1747750178099.0,162.897,162.912
1747750178348.0,162.898,162.913
1747750179164.0,162.9,162.915
1747750179295.0,162.901,162.916
1747750179663.0,162.902,162.917
1747750180455.0,162.904,162.919
1747750181250.0,162.9,162.915
1747750181499.0,162.898,162.913
1747750182063.0,162.899,162.914
1747750182566.0,162.906,162.921
1747750183204.0,162.907,162.922
1747750183325.0,162.906,162.921
1747750184264.0,162.907,162.922
1747750184513.0,162.902,162.917
1747750185115.0,162.9,162.915
1747750185364.0,162.906,162.921
1747750185614.0,162.908,162.923
1747750185741.0,162.907,162.922
1747750186141.0,162.905,162.92
1747750186402.0,162.91,162.925
1747750186648.0,162.912,162.927
1747750187014.0,162.924,162.939
1747750187266.0,162.919,162.934
1747750187515.0,162.918,162.933
1747750187643.0,162.917,162.932
1747750188015.0,162.918,162.933
1747750188520.0,162.922,162.937
1747750188890.0,162.923,162.938
1747750189141.0,162.918,162.933
1747750189412.0,162.924,162.939
1747750189661.0,162.923,162.938
1747750190241.0,162.921,162.936
1747750190488.0,162.922,162.937
1747750190610.0,162.924,162.939
1747750190989.0,162.925,162.94
1747750191240.0,162.928,162.943
1747750191610.0,162.927,162.942
1747750191741.0,162.934,162.949
1747750191988.0,162.93,162.945
1747750192236.0,162.928,162.943
1747750192486.0,162.929,162.944
1747750192609.0,162.931,162.946
1747750192741.0,162.933,162.948
1747750192860.0,162.931,162.946
1747750192989.0,162.932,162.947
1747750193110.0,162.934,162.949
1747750193486.0,162.936,162.951
1747750193734.0,162.94,162.955
1747750193986.0,162.943,162.958
1747750194111.0,162.944,162.959
1747750194359.0,162.942,162.957
1747750194487.0,162.941,162.956
1747750194861.0,162.943,162.958
1747750195113.0,162.944,162.959
1747750195236.0,162.942,162.957
1747750195611.0,162.943,162.958
1747750196150.0,162.948,162.963
1747750196436.0,162.947,162.962
1747750196936.0,162.948,162.963
1747750197340.0,162.947,162.962
1747750197464.0,162.945,162.96
1747750198089.0,162.945,162.96
1747750198341.0,162.943,162.958
1747750198797.0,162.944,162.959
1747750199047.0,162.945,162.96
1747750199429.0,162.943,162.958
1747750199547.0,162.944,162.959
1747750199795.0,162.945,162.96
1747750200046.0,162.944,162.959
1747750200428.0,162.938,162.953
1747750200801.0,162.94,162.955
1747750201053.0,162.951,162.966
1747750201305.0,162.935,162.95
1747750201423.0,162.942,162.957
1747750201549.0,162.939,162.954
1747750201672.0,162.94,162.955
1747750202189.0,162.936,162.951
1747750202440.0,162.936,162.951
1747750202689.0,162.942,162.957
1747750202940.0,162.936,162.951
1747750203187.0,162.935,162.95
1747750203329.0,162.936,162.951
1747750203443.0,162.937,162.952
1747750203813.0,162.925,162.94
1747750203943.0,162.931,162.946
1747750204319.0,162.931,162.946
1747750204815.0,162.93,162.945
1747750204942.0,162.929,162.944
1747750205190.0,162.931,162.946
1747750205315.0,162.93,162.945
1747750205690.0,162.928,162.943
1747750205815.0,162.929,162.944
1747750206190.0,162.923,162.938
1747750206443.0,162.925,162.94
1747750206571.0,162.924,162.939
1747750206941.0,162.923,162.938
1747750207189.0,162.924,162.939
1747750207573.0,162.923,162.938
1747750207820.0,162.921,162.936
1747750208068.0,162.925,162.94
1747750208321.0,162.917,162.932
1747750208693.0,162.908,162.923
1747750209215.0,162.907,162.922
1747750209467.0,162.905,162.92
1747750210011.0,162.908,162.923
1747750210136.0,162.912,162.927
1747750210573.0,162.908,162.923
1747750210824.0,162.907,162.922
1747750211619.0,162.911,162.926
1747750211744.0,162.912,162.927
1747750212120.0,162.934,162.949
1747750212252.0,162.93,162.945
1747750212493.0,162.928,162.943
1747750212744.0,162.93,162.945
1747750212960.0,162.931,162.946
1747750213209.0,162.922,162.937
1747750213584.0,162.922,162.937
1747750214084.0,162.923,162.938
1747750214334.0,162.927,162.942
1747750214585.0,162.926,162.941
1747750214710.0,162.927,162.942
1747750215103.0,162.926,162.941
1747750215478.0,162.924,162.939
1747750215728.0,162.923,162.938
1747750216124.0,162.922,162.937
1747750216498.0,162.922,162.937
1747750216749.0,162.924,162.939
1747750216998.0,162.922,162.937
1747750217376.0,162.924,162.939
1747750217626.0,162.939,162.954
1747750217749.0,162.935,162.95
1747750218250.0,162.934,162.949
1747750218624.0,162.932,162.947
1747750218998.0,162.931,162.946
1747750219248.0,162.929,162.944
1747750219419.0,162.931,162.946
1747750219797.0,162.928,162.943
1747750220047.0,162.927,162.942
1747750220169.0,162.929,162.944
1747750220887.0,162.928,162.943
1747750221006.0,162.924,162.939
1747750221642.0,162.934,162.949
1747750221768.0,162.929,162.944
1747750221896.0,162.928,162.943
1747750222269.0,162.927,162.942
1747750222519.0,162.93,162.945
1747750222767.0,162.927,162.942
1747750223017.0,162.928,162.943
1747750223269.0,162.927,162.942
1747750223870.0,162.925,162.94
1747750223996.0,162.924,162.939
1747750225132.0,162.927,162.942
1747750225508.0,162.936,162.951
1747750225633.0,162.932,162.947
1747750226058.0,162.933,162.948
1747750226309.0,162.925,162.94
1747750226562.0,162.925,162.94
1747750226679.0,162.924,162.939
1747750226813.0,162.923,162.938
1747750227058.0,162.922,162.937
1747750227429.0,162.924,162.939
1747750227940.0,162.93,162.945
1747750228189.0,162.928,162.943
1747750228441.0,162.927,162.942
1747750228689.0,162.926,162.941
1747750228816.0,162.927,162.942
1747750229430.0,162.926,162.941
1747750229829.0,162.924,162.939
1747750230078.0,162.924,162.939
1747750230206.0,162.916,162.931
1747750231120.0,162.917,162.932
1747750233266.0,162.916,162.931
1747750233515.0,162.918,162.933
1747750234205.0,162.914,162.929
1747750234330.0,162.915,162.93
1747750235107.0,162.918,162.933
1747750236029.0,162.918,162.933
1747750236280.0,162.918,162.933
1747750236404.0,162.917,162.932
1747750236636.0,162.918,162.933
1747750237164.0,162.919,162.934
1747750237288.0,162.921,162.936
1747750237663.0,162.918,162.933
1747750237913.0,162.919,162.934
1747750238040.0,162.924,162.939
1747750238715.0,162.924,162.939
1747750238840.0,162.925,162.94
1747750239340.0,162.922,162.937
1747750239588.0,162.925,162.94
1747750239714.0,162.926,162.941
1747750239964.0,162.927,162.942
1747750240338.0,162.925,162.94
1747750240589.0,162.924,162.939
1747750240714.0,162.923,162.938
1747750241769.0,162.922,162.937
1747750242025.0,162.925,162.94
1747750242275.0,162.919,162.934
1747750242523.0,162.923,162.938
1747750242769.0,162.922,162.937
1747750242892.0,162.92,162.935
1747750243019.0,162.921,162.936
1747750243393.0,162.919,162.934
1747750243661.0,162.919,162.934
1747750243902.0,162.922,162.937
1747750244709.0,162.92,162.935
1747750244835.0,162.921,162.936
1747750245210.0,162.918,162.933
1747750245334.0,162.917,162.932
1747750247014.0,162.918,162.933
1747750247952.0,162.911,162.926
1747750248201.0,162.911,162.926
1747750248331.0,162.91,162.925
1747750248450.0,162.912,162.927
1747750249016.0,162.911,162.926
1747750249392.0,162.91,162.925
1747750249514.0,162.907,162.922
1747750249735.0,162.906,162.921
1747750249978.0,162.905,162.92
1747750250228.0,162.911,162.926
1747750250603.0,162.91,162.925
1747750250978.0,162.911,162.926
1747750251228.0,162.909,162.924
1747750251480.0,162.91,162.925
1747750251604.0,162.908,162.923
1747750251854.0,162.91,162.925
1747750251978.0,162.908,162.923
1747750252103.0,162.907,162.922
1747750252231.0,162.91,162.925
1747750252406.0,162.909,162.924
1747750252820.0,162.91,162.925
1747750253194.0,162.913,162.928
1747750253949.0,162.917,162.932
1747750254074.0,162.916,162.931
1747750255334.0,162.92,162.935
1747750255583.0,162.919,162.934
1747750256075.0,162.918,162.933
1747750256333.0,162.914,162.929
1747750256458.0,162.916,162.931
1747750256962.0,162.921,162.936
1747750257213.0,162.915,162.93
1747750257332.0,162.914,162.929
1747750257632.0,162.913,162.928
1747750258007.0,162.914,162.929
1747750258133.0,162.913,162.928
1747750259017.0,162.912,162.927
1747750260428.0,162.912,162.927
1747750260676.0,162.909,162.924
1747750260808.0,162.906,162.921
1747750261785.0,162.906,162.921
1747750261911.0,162.905,162.92
1747750262287.0,162.911,162.926
1747750262659.0,162.912,162.927
1747750263356.0,162.914,162.929
1747750264014.0,162.913,162.928
1747750264265.0,162.91,162.925
1747750264513.0,162.904,162.919
1747750264764.0,162.906,162.921
1747750265014.0,162.903,162.918
1747750265142.0,162.904,162.919
1747750265390.0,162.903,162.918
1747750266339.0,162.902,162.917
1747750266464.0,162.9,162.915
1747750267226.0,162.905,162.92
1747750268180.0,162.896,162.911
1747750268586.0,162.895,162.91
1747750269528.0,162.897,162.912
1747750269757.0,162.898,162.913
1747750269882.0,162.899,162.914
1747750270435.0,162.901,162.916
1747750272683.0,162.9,162.915
1747750272929.0,162.898,162.913
1747750273051.0,162.897,162.912
1747750273315.0,162.898,162.913
1747750273692.0,162.894,162.915
1747750274616.0,162.897,162.918
1747750274740.0,162.893,162.914
1747750275345.0,162.895,162.916
1747750276855.0,162.894,162.915
1747750277105.0,162.895,162.916
1747750277355.0,162.893,162.914
1747750278218.0,162.894,162.915
1747750278469.0,162.895,162.916
1747750280460.0,162.895,162.916
1747750280709.0,162.897,162.918
1747750280958.0,162.894,162.921
1747750281346.0,162.895,162.922
1747750281524.0,162.896,162.923
1747750281899.0,162.898,162.919
1747750282274.0,162.895,162.916
1747750282535.0,162.894,162.915
1747750282902.0,162.893,162.914
1747750283149.0,162.892,162.913
1747750283398.0,162.894,162.915
1747750284369.0,162.893,162.914
1747750285063.0,162.892,162.913
1747750285689.0,162.893,162.914
1747750285940.0,162.892,162.913
1747750286197.0,162.893,162.914
1747750286314.0,162.896,162.911
1747750286947.0,162.897,162.912
1747750287063.0,162.896,162.911
1747750288609.0,162.89,162.905
1747750289668.0,162.89,162.905
1747750289918.0,162.892,162.907
1747750290300.0,162.892,162.907
1747750290791.0,162.891,162.906
1747750291046.0,162.893,162.908
1747750292572.0,162.891,162.906
1747750293363.0,162.889,162.904
1747750293642.0,162.888,162.903
1747750294330.0,162.887,162.902
1747750294579.0,162.883,162.898
1747750294825.0,162.881,162.896
1747750295074.0,162.884,162.899
1747750295446.0,162.875,162.89
1747750296051.0,162.874,162.889
1747750296370.0,162.875,162.89
1747750296744.0,162.876,162.891
1747750296876.0,162.875,162.89
1747750297659.0,162.874,162.889
1747750298691.0,162.873,162.888
1747750298942.0,162.872,162.887
1747750299187.0,162.87,162.885
1747750299311.0,162.871,162.886
1747750300129.0,162.873,162.888
1747750300618.0,162.874,162.889
1747750300867.0,162.87,162.885
1747750301117.0,162.866,162.881
1747750302010.0,162.865,162.88
1747750302672.0,162.864,162.879
1747750302798.0,162.865,162.88
1747750303173.0,162.864,162.879
1747750303424.0,162.863,162.878
1747750303763.0,162.862,162.877
1747750303888.0,162.864,162.879
1747750304013.0,162.872,162.887
1747750304140.0,162.87,162.885
1747750304264.0,162.867,162.882
1747750305204.0,162.868,162.883
1747750305452.0,162.868,162.883
1747750305584.0,162.87,162.885
1747750305954.0,162.868,162.883
1747750306726.0,162.865,162.88
1747750307092.0,162.867,162.882
1747750307341.0,162.869,162.884
1747750307464.0,162.87,162.885
1747750307715.0,162.867,162.882
1747750308954.0,162.866,162.881
1747750309689.0,162.867,162.882
1747750309940.0,162.869,162.884
1747750310609.0,162.868,162.883
1747750310725.0,162.867,162.882
1747750310974.0,162.868,162.883
1747750313399.0,162.87,162.885
1747750314155.0,162.867,162.882
1747750314405.0,162.866,162.881
1747750315280.0,162.868,162.883
1747750315405.0,162.866,162.881
1747750315906.0,162.867,162.882
1747750316281.0,162.868,162.883
1747750316405.0,162.869,162.884
1747750316662.0,162.868,162.883
1747750317293.0,162.867,162.882
1747750318171.0,162.866,162.881
1747750318294.0,162.867,162.882
1747750320077.0,162.866,162.881
1747750320329.0,162.864,162.879
1747750320578.0,162.866,162.881
1747750320955.0,162.865,162.88
1747750321203.0,162.866,162.881
1747750321454.0,162.872,162.887
1747750322215.0,162.867,162.882
1747750322341.0,162.866,162.881
1747750322715.0,162.867,162.882
1747750323040.0,162.866,162.881
1747750323895.0,162.865,162.88
1747750324146.0,162.864,162.879
1747750324268.0,162.865,162.88
1747750324647.0,162.866,162.881
1747750324768.0,162.865,162.88
1747750325268.0,162.864,162.879
1747750325393.0,162.865,162.88
1747750326040.0,162.866,162.881
1747750326290.0,162.864,162.879
1747750326540.0,162.863,162.878
1747750327165.0,162.864,162.879
1747750327414.0,162.865,162.88
1747750327664.0,162.864,162.879
1747750327915.0,162.865,162.88
1747750328165.0,162.865,162.88
1747750328789.0,162.869,162.884
1747750329039.0,162.869,162.884
1747750329167.0,162.867,162.882
1747750329545.0,162.866,162.881
1747750329919.0,162.865,162.88
1747750330047.0,162.866,162.881
1747750330169.0,162.865,162.88
1747750330669.0,162.865,162.88
1747750330795.0,162.864,162.879
1747750331045.0,162.866,162.881
1747750331294.0,162.865,162.88
1747750331418.0,162.866,162.881
1747750331794.0,162.864,162.879
1747750333011.0,162.863,162.878
1747750333280.0,162.862,162.877
1747750333949.0,162.857,162.872
1747750334075.0,162.856,162.871
1747750334452.0,162.857,162.872
1747750334700.0,162.863,162.878
1747750334949.0,162.861,162.876
1747750335359.0,162.862,162.877
1747750336108.0,162.852,162.867
1747750336634.0,162.853,162.868
1747750336884.0,162.854,162.869
1747750337010.0,162.853,162.868
1747750337259.0,162.852,162.867
1747750337509.0,162.85,162.865
1747750338267.0,162.853,162.868
1747750338515.0,162.85,162.865
1747750338765.0,162.848,162.863
1747750339141.0,162.849,162.864
1747750339266.0,162.851,162.866
1747750339515.0,162.852,162.867
1747750339839.0,162.851,162.866
1747750339964.0,162.85,162.865
1747750340762.0,162.851,162.866
1747750340891.0,162.85,162.865
1747750341136.0,162.849,162.864
1747750341383.0,162.85,162.865
1747750342997.0,162.849,162.864
1747750343372.0,162.844,162.859
1747750343498.0,162.843,162.858
1747750343872.0,162.841,162.856
1747750345073.0,162.842,162.857
1747750345322.0,162.843,162.858
1747750345447.0,162.844,162.859
1747750345697.0,162.843,162.858
1747750345947.0,162.845,162.86
1747750346323.0,162.847,162.862
1747750346698.0,162.843,162.858
1747750347157.0,162.842,162.857
1747750348248.0,162.847,162.862
1747750348498.0,162.851,162.866
1747750349124.0,162.849,162.864
1747750349373.0,162.85,162.865
1747750351275.0,162.848,162.863
1747750351525.0,162.848,162.863
1747750351774.0,162.85,162.865
1747750352024.0,162.857,162.872
1747750352274.0,162.856,162.871
1747750352932.0,162.858,162.873
1747750353058.0,162.86,162.875
1747750354357.0,162.864,162.879
1747750355641.0,162.865,162.88
1747750355765.0,162.864,162.879
1747750356129.0,162.86,162.875
1747750356681.0,162.861,162.876
1747750357015.0,162.86,162.875
1747750357264.0,162.861,162.876
1747750357390.0,162.86,162.875
1747750357829.0,162.861,162.876
1747750358079.0,162.86,162.875
1747750358454.0,162.859,162.874
1747750358829.0,162.861,162.876
1747750359212.0,162.86,162.875
1747750359463.0,162.861,162.876
1747750359710.0,162.864,162.879
1747750359974.0,162.863,162.878
1747750360223.0,162.864,162.879
1747750360717.0,162.863,162.878
1747750360842.0,162.864,162.879
1747750361341.0,162.861,162.876
1747750361588.0,162.862,162.877
1747750362357.0,162.86,162.875
1747750362481.0,162.861,162.876
1747750363211.0,162.858,162.873
1747750363616.0,162.857,162.872
1747750364784.0,162.858,162.873
1747750365901.0,162.857,162.872
1747750366027.0,162.856,162.871
1747750366970.0,162.853,162.868
1747750367221.0,162.859,162.874
1747750367472.0,162.857,162.872
1747750367598.0,162.858,162.873
1747750368126.0,162.857,162.872
1747750368510.0,162.858,162.873
1747750368994.0,162.859,162.874
1747750372415.0,162.858,162.873
1747750374585.0,162.857,162.872
1747750374714.0,162.853,162.868
1747750376032.0,162.854,162.869
1747750376154.0,162.857,162.872
1747750376409.0,162.855,162.87
1747750376778.0,162.857,162.872
1747750376907.0,162.856,162.871
1747750378305.0,162.857,162.872
1747750378555.0,162.856,162.871
1747750379082.0,162.852,162.867
1747750379449.0,162.853,162.868
1747750379576.0,162.854,162.869
1747750379949.0,162.848,162.863
1747750380200.0,162.85,162.865
1747750380580.0,162.85,162.865
1747750380830.0,162.852,162.867
1747750380949.0,162.855,162.87
1747750381326.0,162.859,162.874
1747750381702.0,162.858,162.873
1747750381826.0,162.857,162.872
1747750382218.0,162.86,162.875
1747750382842.0,162.862,162.877
1747750383467.0,162.867,162.882
1747750383598.0,162.869,162.884
1747750383717.0,162.872,162.887
1747750384109.0,162.873,162.888
1747750384358.0,162.873,162.888
1747750384609.0,162.871,162.886
1747750384860.0,162.87,162.885
1747750385110.0,162.87,162.885
1747750385681.0,162.881,162.896
1747750385931.0,162.878,162.893
1747750386181.0,162.877,162.892
1747750386736.0,162.878,162.893
1747750386861.0,162.877,162.892
1747750387237.0,162.878,162.893
1747750387955.0,162.879,162.894
1747750389165.0,162.881,162.896
1747750389416.0,162.877,162.892
1747750390040.0,162.877,162.892
1747750390287.0,162.876,162.891
1747750391973.0,162.875,162.89
1747750392477.0,162.88,162.895
1747750392727.0,162.877,162.892
1747750393280.0,162.878,162.893
1747750393842.0,162.879,162.894
1747750394614.0,162.878,162.893
1747750394736.0,162.875,162.89
1747750394985.0,162.874,162.889
1747750395905.0,162.879,162.894
1747750397670.0,162.882,162.897
1747750397920.0,162.884,162.899
1747750398586.0,162.883,162.898
1747750398951.0,162.882,162.897
1747750399076.0,162.881,162.896
1747750400721.0,162.882,162.897
1747750400846.0,162.884,162.899
1747750400973.0,162.886,162.901
1747750403551.0,162.885,162.9
1747750403917.0,162.896,162.911
1747750404167.0,162.895,162.91
1747750404812.0,162.892,162.907
1747750405173.0,162.895,162.91
1747750405886.0,162.893,162.908
1747750406005.0,162.889,162.904
1747750406139.0,162.887,162.902
1747750406386.0,162.886,162.901
1747750407240.0,162.885,162.9
1747750408242.0,162.882,162.897
1747750408366.0,162.883,162.898
1747750409839.0,162.884,162.899
1747750409961.0,162.883,162.898
1747750410211.0,162.882,162.897
1747750410708.0,162.883,162.898
1747750412596.0,162.884,162.899
1747750412845.0,162.884,162.899
1747750413135.0,162.884,162.899
1747750413386.0,162.882,162.897
1747750413634.0,162.882,162.897
1747750413883.0,162.884,162.899
1747750414067.0,162.883,162.898
1747750414813.0,162.882,162.897
1747750415071.0,162.883,162.898
1747750415201.0,162.886,162.901
1747750415321.0,162.883,162.898
1747750415451.0,162.887,162.902
1747750416069.0,162.889,162.904
1747750416581.0,162.889,162.904
1747750416705.0,162.888,162.903
1747750416831.0,162.891,162.906
1747750416955.0,162.89,162.905
1747750417206.0,162.891,162.906
1747750417330.0,162.89,162.905
1747750417706.0,162.891,162.906
1747750418107.0,162.892,162.907
1747750419141.0,162.891,162.906
1747750419516.0,162.89,162.905
1747750419950.0,162.888,162.903
1747750420451.0,162.891,162.906
1747750420831.0,162.892,162.907
1747750421075.0,162.891,162.906
1747750421324.0,162.89,162.905
1747750421450.0,162.889,162.904
1747750421575.0,162.89,162.905
1747750424004.0,162.892,162.907
1747750424128.0,162.89,162.905
1747750424380.0,162.891,162.906
1747750424787.0,162.892,162.907
1747750425047.0,162.891,162.906
1747750425173.0,162.887,162.902
1747750425671.0,162.886,162.901
1747750425922.0,162.884,162.899
1747750426046.0,162.883,162.898
1747750426172.0,162.881,162.896
1747750426298.0,162.885,162.9
1747750426590.0,162.884,162.899
1747750426839.0,162.891,162.906
1747750427404.0,162.889,162.904
1747750427530.0,162.888,162.903
1747750427655.0,162.887,162.902
1747750428227.0,162.884,162.899
1747750428356.0,162.886,162.901
1747750428477.0,162.885,162.9
1747750428728.0,162.886,162.901
1747750429444.0,162.884,162.899
1747750429693.0,162.883,162.898
1747750430214.0,162.886,162.901
1747750430463.0,162.89,162.905
1747750430712.0,162.891,162.906
1747750430844.0,162.892,162.907
1747750431212.0,162.891,162.906
1747750432139.0,162.89,162.905
1747750432389.0,162.892,162.907
1747750432642.0,162.891,162.906
1747750432765.0,162.892,162.907
1747750433141.0,162.896,162.911
1747750433390.0,162.897,162.912
1747750433641.0,162.896,162.911
1747750433766.0,162.895,162.91
1747750434268.0,162.897,162.912
1747750434392.0,162.896,162.911
1747750434766.0,162.895,162.91
1747750435017.0,162.894,162.909
1747750435142.0,162.893,162.908
1747750435267.0,162.895,162.91
1747750435517.0,162.899,162.914
1747750435892.0,162.897,162.912
1747750436142.0,162.903,162.918
1747750436669.0,162.904,162.919
1747750437414.0,162.905,162.92
1747750437839.0,162.904,162.919
1747750438273.0,162.903,162.918
1747750438522.0,162.902,162.917
1747750438648.0,162.903,162.918
1747750439398.0,162.903,162.918
1747750439897.0,162.904,162.919
1747750440150.0,162.906,162.921
1747750440276.0,162.91,162.925
1747750440792.0,162.914,162.929
1747750441042.0,162.917,162.932
1747750441290.0,162.914,162.929
1747750441416.0,162.911,162.926
1747750441666.0,162.909,162.924
1747750442363.0,162.91,162.925
1747750442614.0,162.909,162.924
1747750442874.0,162.911,162.926
1747750442998.0,162.909,162.924
1747750443123.0,162.907,162.922
1747750443250.0,162.911,162.926
1747750444370.0,162.909,162.924
1747750444620.0,162.908,162.923
1747750444745.0,162.907,162.922
1747750444871.0,162.908,162.923
1747750445120.0,162.907,162.922
1747750445371.0,162.904,162.919
1747750445620.0,162.901,162.916
1747750446121.0,162.902,162.917
1747750446371.0,162.899,162.914
1747750446748.0,162.896,162.911
1747750446998.0,162.897,162.912
1747750447249.0,162.895,162.91
1747750447498.0,162.895,162.91
1747750447624.0,162.894,162.909
1747750447873.0,162.895,162.91
1747750447997.0,162.89,162.905
1747750448123.0,162.891,162.906
1747750448374.0,162.897,162.912
1747750448920.0,162.897,162.912
1747750449172.0,162.899,162.914
1747750449428.0,162.897,162.912
1747750449545.0,162.903,162.918
1747750450242.0,162.9,162.915
1747750450486.0,162.901,162.916
1747750450751.0,162.9,162.915
1747750451002.0,162.901,162.916
1747750451380.0,162.9,162.915
1747750451502.0,162.902,162.917
1747750451877.0,162.9,162.915
1747750452130.0,162.895,162.91
1747750452663.0,162.897,162.912
1747750454297.0,162.896,162.911
1747750454671.0,162.897,162.912
1747750455926.0,162.894,162.909
1747750456175.0,162.893,162.908
1747750456293.0,162.892,162.907
1747750456424.0,162.89,162.905
1747750456670.0,162.892,162.907
1747750456795.0,162.891,162.906
1747750457418.0,162.892,162.907
1747750458294.0,162.893,162.908
1747750458544.0,162.895,162.91
1747750459191.0,162.895,162.91
1747750459442.0,162.898,162.913
1747750459694.0,162.899,162.914
1747750459817.0,162.898,162.913
1747750460792.0,162.893,162.908
1747750461043.0,162.894,162.909
1747750461404.0,162.893,162.908
1747750461652.0,162.894,162.909
1747750461782.0,162.893,162.908
1747750462153.0,162.893,162.908
1747750462284.0,162.895,162.91
1747750463008.0,162.892,162.907
1747750463257.0,162.89,162.905
1747750463383.0,162.892,162.907
1747750463768.0,162.888,162.903
1747750463895.0,162.887,162.902
1747750464314.0,162.884,162.899
1747750464657.0,162.883,162.898
1747750464782.0,162.881,162.896
1747750465696.0,162.885,162.9
1747750465945.0,162.882,162.897
1747750466464.0,162.884,162.899
1747750466747.0,162.885,162.9
1747750466873.0,162.886,162.901
1747750467615.0,162.893,162.908
1747750467740.0,162.891,162.906
1747750468115.0,162.895,162.91
1747750470018.0,162.896,162.911
1747750470142.0,162.897,162.912
1747750470607.0,162.896,162.911
1747750470855.0,162.879,162.894
1747750471106.0,162.88,162.895
1747750472118.0,162.881,162.896
1747750472742.0,162.879,162.894
1747750473009.0,162.88,162.895
1747750473140.0,162.881,162.896
1747750474055.0,162.88,162.895
1747750474177.0,162.884,162.899
1747750474303.0,162.885,162.9
1747750474844.0,162.883,162.898
1747750475221.0,162.882,162.897
1747750475775.0,162.883,162.898
1747750476026.0,162.881,162.896
1747750476150.0,162.883,162.898
1747750477555.0,162.881,162.896
1747750478177.0,162.884,162.899
1747750478302.0,162.885,162.9
1747750478677.0,162.883,162.898
1747750478850.0,162.882,162.897
1747750479483.0,162.884,162.899
1747750479733.0,162.883,162.898
1747750479985.0,162.875,162.89
1747750481169.0,162.876,162.891
1747750481418.0,162.88,162.895
1747750481549.0,162.878,162.893
1747750482045.0,162.876,162.891
1747750482543.0,162.879,162.894
1747750482795.0,162.88,162.895
1747750483169.0,162.881,162.896
1747750483420.0,162.882,162.897
1747750483794.0,162.878,162.893
1747750484170.0,162.881,162.896
1747750484295.0,162.88,162.895
1747750484544.0,162.879,162.894
1747750484920.0,162.88,162.895
1747750486908.0,162.879,162.894
1747750487159.0,162.878,162.893
1747750487535.0,162.877,162.892
1747750489042.0,162.875,162.89
1747750489292.0,162.877,162.892
1747750489667.0,162.876,162.891
1747750491760.0,162.879,162.894
1747750492336.0,162.88,162.895
1747750492463.0,162.879,162.894
1747750493784.0,162.88,162.895
1747750493911.0,162.878,162.893
1747750494037.0,162.877,162.892
1747750494410.0,162.882,162.897
1747750494534.0,162.88,162.895
1747750495170.0,162.879,162.894
1747750495544.0,162.878,162.893
1747750497442.0,162.877,162.892
1747750497566.0,162.871,162.886
1747750497816.0,162.872,162.887
1747750498191.0,162.878,162.893
1747750498317.0,162.876,162.891
1747750499477.0,162.877,162.892
1747750499851.0,162.878,162.893
1747750500102.0,162.881,162.896
1747750500227.0,162.879,162.894
1747750500602.0,162.881,162.896
1747750501740.0,162.882,162.897
1747750501849.0,162.883,162.898
1747750502480.0,162.884,162.899
1747750502851.0,162.88,162.895
1747750503103.0,162.877,162.892
1747750503352.0,162.876,162.891
1747750503477.0,162.877,162.892
1747750503852.0,162.876,162.891
1747750504104.0,162.875,162.89
1747750505008.0,162.877,162.892
1747750505133.0,162.881,162.896
1747750505386.0,162.879,162.894
1747750507240.0,162.885,162.9
1747750507488.0,162.883,162.898
1747750507736.0,162.882,162.897
1747750507986.0,162.885,162.9
1747750508240.0,162.887,162.902
1747750508487.0,162.887,162.902
1747750508740.0,162.886,162.901
1747750509364.0,162.881,162.896
1747750509488.0,162.882,162.897
1747750510115.0,162.876,162.891
1747750510241.0,162.877,162.892
1747750510612.0,162.881,162.896
1747750510862.0,162.882,162.897
1747750511610.0,162.879,162.894
1747750513767.0,162.877,162.892
1747750515896.0,162.879,162.894
1747750516013.0,162.88,162.895
1747750516396.0,162.885,162.9
1747750516514.0,162.882,162.897
1747750517706.0,162.883,162.898
1747750517834.0,162.882,162.897
1747750518334.0,162.882,162.897
1747750519143.0,162.883,162.898
1747750519394.0,162.885,162.9
1747750520745.0,162.887,162.902
1747750521497.0,162.884,162.899
1747750521747.0,162.887,162.902
1747750521870.0,162.885,162.9
1747750522352.0,162.886,162.901
1747750522601.0,162.887,162.902
1747750522886.0,162.888,162.903
1747750523785.0,162.887,162.902
1747750524874.0,162.888,162.903
1747750525000.0,162.887,162.902
1747750525125.0,162.888,162.903
1747750525500.0,162.887,162.902
1747750527027.0,162.888,162.903
1747750527659.0,162.887,162.902
1747750528535.0,162.886,162.901
1747750529076.0,162.886,162.901
1747750529699.0,162.888,162.903
1747750530265.0,162.884,162.899
1747750531588.0,162.883,162.898
1747750532459.0,162.884,162.899
1747750532708.0,162.886,162.901
1747750532960.0,162.887,162.902
1747750533210.0,162.884,162.899
1747750533348.0,162.882,162.897
1747750534084.0,162.883,162.898
1747750534340.0,162.886,162.901
1747750534512.0,162.885,162.9
1747750534639.0,162.886,162.901
1747750534762.0,162.885,162.9
1747750535511.0,162.884,162.899
1747750536385.0,162.886,162.901
1747750537794.0,162.885,162.9
1747750538601.0,162.887,162.902
1747750538853.0,162.888,162.903
1747750538977.0,162.887,162.902
1747750539102.0,162.892,162.907
1747750539228.0,162.888,162.903
1747750539945.0,162.887,162.902
1747750540058.0,162.883,162.898
1747750540928.0,162.882,162.897
1747750542055.0,162.883,162.898
1747750542430.0,162.884,162.899
1747750542554.0,162.885,162.9
1747750542804.0,162.884,162.899
1747750543189.0,162.884,162.899
1747750543797.0,162.885,162.9
1747750544627.0,162.884,162.899
1747750545400.0,162.885,162.9
1747750547544.0,162.883,162.898
1747750547672.0,162.888,162.903
1747750547794.0,162.889,162.904
1747750547921.0,162.89,162.905
1747750548044.0,162.888,162.903
1747750548590.0,162.887,162.902
1747750548840.0,162.888,162.903
1747750549351.0,162.887,162.902
1747750549725.0,162.886,162.901
1747750549976.0,162.892,162.907
1747750550101.0,162.89,162.905
1747750550349.0,162.889,162.904
1747750550476.0,162.89,162.905
1747750551489.0,162.895,162.91
1747750551840.0,162.896,162.911
1747750552212.0,162.898,162.913
1747750552462.0,162.898,162.913
1747750553227.0,162.89,162.905
1747750553359.0,162.889,162.904
1747750553479.0,162.89,162.905
1747750553863.0,162.89,162.905
1747750554111.0,162.889,162.904
1747750554810.0,162.891,162.906
1747750555183.0,162.891,162.906
1747750555441.0,162.89,162.905
1747750556278.0,162.891,162.906
1747750556640.0,162.89,162.905
1747750556764.0,162.889,162.904
1747750557272.0,162.89,162.905
1747750559020.0,162.889,162.904
1747750559272.0,162.882,162.897
1747750559526.0,162.883,162.898
1747750560251.0,162.886,162.901
1747750560600.0,162.885,162.9
1747750560722.0,162.887,162.902
1747750560971.0,162.884,162.899
1747750561221.0,162.889,162.904
1747750561352.0,162.89,162.905
1747750561473.0,162.887,162.902
1747750562266.0,162.888,162.903
1747750563331.0,162.887,162.902
1747750564119.0,162.883,162.898
1747750564368.0,162.891,162.906
1747750564617.0,162.888,162.903
1747750565013.0,162.889,162.904
1747750565389.0,162.887,162.902
1747750565771.0,162.889,162.904
1747750566394.0,162.887,162.902
1747750566921.0,162.886,162.901
1747750567046.0,162.884,162.899
1747750567298.0,162.881,162.896
1747750569121.0,162.882,162.897
1747750569495.0,162.883,162.898
1747750569793.0,162.882,162.897
1747750570047.0,162.883,162.898
1747750570294.0,162.882,162.897
1747750572103.0,162.886,162.901
1747750574390.0,162.893,162.908
1747750574639.0,162.892,162.907
1747750574766.0,162.891,162.906
1747750574890.0,162.892,162.907
1747750575141.0,162.89,162.905
1747750575391.0,162.891,162.906
1747750576300.0,162.889,162.904
1747750576610.0,162.89,162.905
1747750576861.0,162.882,162.897
1747750577356.0,162.884,162.899
1747750577605.0,162.882,162.897
1747750578426.0,162.881,162.896
1747750579358.0,162.88,162.895
1747750579840.0,162.887,162.902
1747750579965.0,162.888,162.903
1747750580590.0,162.889,162.904
1747750581157.0,162.886,162.901
1747750581282.0,162.892,162.907
1747750581407.0,162.894,162.909
1747750582246.0,162.891,162.906
1747750582497.0,162.892,162.907
1747750582622.0,162.893,162.908
1747750582995.0,162.892,162.907
1747750584133.0,162.894,162.909
1747750584694.0,162.893,162.908
1747750588193.0,162.899,162.914
1747750588756.0,162.894,162.909
1747750590014.0,162.893,162.908
1747750590911.0,162.889,162.904
1747750591161.0,162.885,162.9
1747750591527.0,162.885,162.9
1747750592454.0,162.886,162.901
1747750592875.0,162.884,162.899
1747750593501.0,162.885,162.9
1747750593873.0,162.885,162.9
1747750594248.0,162.884,162.899
1747750594750.0,162.884,162.899
1747750595345.0,162.886,162.901
1747750596322.0,162.881,162.896
1747750596883.0,162.882,162.897
1747750597132.0,162.883,162.898
1747750597631.0,162.882,162.897
1747750598350.0,162.881,162.896
1747750599641.0,162.88,162.895
1747750599890.0,162.879,162.894
1747750600140.0,162.878,162.893
1747750600722.0,162.876,162.891
1747750600842.0,162.875,162.89
1747750600972.0,162.873,162.888
1747750601472.0,162.874,162.889
1747750602014.0,162.873,162.888
1747750602597.0,162.874,162.889
1747750603540.0,162.873,162.888
1747750604047.0,162.872,162.887
1747750604162.0,162.871,162.886
1747750604302.0,162.869,162.884
1747750604546.0,162.871,162.886
1747750604662.0,162.872,162.887
1747750606412.0,162.871,162.886
1747750607990.0,162.87,162.885
1747750608240.0,162.871,162.886
1747750609017.0,162.872,162.887
1747750609520.0,162.868,162.883
1747750609641.0,162.869,162.884
1747750609767.0,162.871,162.886
1747750610139.0,162.864,162.879
1747750610265.0,162.863,162.878
1747750611552.0,162.862,162.877
1747750611732.0,162.863,162.878
1747750612015.0,162.862,162.877
1747750612145.0,162.859,162.874
1747750612395.0,162.859,162.874
1747750612515.0,162.858,162.873
1747750613103.0,162.859,162.874
1747750613416.0,162.858,162.873
1747750613662.0,162.858,162.873
1747750614331.0,162.855,162.87
1747750614454.0,162.856,162.871
1747750614705.0,162.858,162.873
1747750615701.0,162.859,162.874
1747750615950.0,162.861,162.876
1747750616076.0,162.857,162.872
1747750616324.0,162.856,162.871
1747750616574.0,162.857,162.872
1747750616699.0,162.86,162.875
1747750616825.0,162.858,162.873
1747750616949.0,162.857,162.872
1747750617074.0,162.858,162.873
1747750617341.0,162.859,162.874
1747750617471.0,162.86,162.875
1747750617592.0,162.859,162.874
1747750617842.0,162.858,162.873
1747750618091.0,162.852,162.867
1747750618341.0,162.851,162.866
1747750618592.0,162.853,162.868
1747750618717.0,162.855,162.87
1747750619332.0,162.854,162.869
1747750619457.0,162.853,162.868
1747750619832.0,162.854,162.869
1747750619956.0,162.856,162.871
1747750621216.0,162.857,162.872
1747750621343.0,162.86,162.875
1747750621890.0,162.859,162.874
1747750622018.0,162.856,162.871
1747750622140.0,162.855,162.87
1747750622521.0,162.856,162.871
1747750622771.0,162.854,162.869
1747750623022.0,162.853,162.868
1747750623147.0,162.852,162.867
1747750623270.0,162.854,162.869
1747750623396.0,162.852,162.867
1747750624076.0,162.853,162.868
1747750624204.0,162.852,162.867
1747750625201.0,162.85,162.865
1747750626201.0,162.851,162.866
1747750627680.0,162.847,162.862
1747750627808.0,162.849,162.864
1747750628304.0,162.85,162.865
1747750628555.0,162.855,162.87
1747750629179.0,162.854,162.869
1747750630671.0,162.851,162.866
1747750630796.0,162.85,162.865
1747750630924.0,162.852,162.867
1747750633787.0,162.853,162.868
1747750634414.0,162.854,162.869
1747750634536.0,162.852,162.867
1747750634664.0,162.848,162.863
1747750634787.0,162.851,162.866
1747750635041.0,162.845,162.86
1747750635287.0,162.847,162.862
1747750635536.0,162.85,162.865
1747750635661.0,162.851,162.866
1747750635787.0,162.849,162.864
1747750636165.0,162.852,162.867
1747750636287.0,162.85,162.865
1747750636419.0,162.851,162.866
1747750636799.0,162.849,162.864
1747750636925.0,162.851,162.866
1747750637176.0,162.85,162.865
1747750637608.0,162.848,162.863
1747750638090.0,162.847,162.862
1747750638349.0,162.849,162.864
1747750638858.0,162.851,162.866
1747750641778.0,162.852,162.867
1747750641905.0,162.85,162.865
1747750642030.0,162.849,162.864
1747750642153.0,162.851,162.866
1747750642512.0,162.852,162.867
1747750645953.0,162.85,162.865
1747750646079.0,162.848,162.863
1747750646455.0,162.846,162.861
1747750647316.0,162.839,162.854
1747750647873.0,162.843,162.858
1747750648595.0,162.844,162.859
1747750648718.0,162.84,162.855
1747750649107.0,162.837,162.852
1747750650758.0,162.843,162.858
1747750650897.0,162.847,162.862
1747750651007.0,162.846,162.861
1747750651491.0,162.844,162.859
1747750651740.0,162.843,162.858
1747750652427.0,162.847,162.862
1747750652677.0,162.843,162.858
1747750652801.0,162.842,162.857
1747750653053.0,162.845,162.86
1747750653181.0,162.843,162.858
1747750653767.0,162.844,162.859
1747750653893.0,162.845,162.86
1747750654142.0,162.841,162.856
1747750654268.0,162.84,162.855
1747750654893.0,162.837,162.852
1747750655017.0,162.84,162.855
1747750655267.0,162.841,162.856
1747750655856.0,162.842,162.857
1747750655982.0,162.838,162.853
1747750656108.0,162.84,162.855
1747750656483.0,162.841,162.856
1747750657116.0,162.843,162.858
1747750657823.0,162.842,162.857
1747750658148.0,162.843,162.858
1747750658868.0,162.842,162.857
1747750659231.0,162.846,162.861
1747750659481.0,162.845,162.86
1747750659888.0,162.846,162.861
1747750660013.0,162.844,162.859
1747750660140.0,162.847,162.862
1747750660732.0,162.849,162.864
1747750660854.0,162.847,162.862
1747750661104.0,162.848,162.863
1747750661733.0,162.847,162.862
1747750661983.0,162.835,162.85
1747750662103.0,162.834,162.849
1747750662354.0,162.833,162.848
1747750663642.0,162.834,162.849
1747750664022.0,162.837,162.852
1747750664273.0,162.839,162.854
1747750664395.0,162.837,162.852
1747750664523.0,162.836,162.851
1747750664645.0,162.834,162.849
1747750664769.0,162.836,162.851
1747750665021.0,162.835,162.85
1747750665455.0,162.839,162.854
1747750665579.0,162.84,162.855
1747750665705.0,162.841,162.856
1747750665955.0,162.839,162.854
1747750666748.0,162.838,162.853
1747750667712.0,162.839,162.854
1747750668621.0,162.838,162.853
1747750668870.0,162.84,162.855
1747750668996.0,162.838,162.853
1747750669120.0,162.839,162.854
1747750669630.0,162.84,162.855
1747750670616.0,162.841,162.856
1747750670742.0,162.843,162.858
1747750670868.0,162.84,162.855
1747750671118.0,162.839,162.854
1747750671242.0,162.84,162.855
1747750671866.0,162.841,162.856
1747750672743.0,162.842,162.857
1747750672992.0,162.841,162.856
1747750673116.0,162.84,162.855
1747750674006.0,162.841,162.856
1747750674257.0,162.839,162.854
1747750674630.0,162.84,162.855
1747750674757.0,162.838,162.853
1747750675205.0,162.837,162.852
1747750675327.0,162.841,162.856
1747750675453.0,162.84,162.855
1747750680215.0,162.841,162.856
1747750680713.0,162.84,162.855
1747750680841.0,162.841,162.856
1747750681342.0,162.84,162.855
1747750681468.0,162.839,162.854
1747750681588.0,162.841,162.856
1747750681718.0,162.843,162.858
1747750682088.0,162.841,162.856
1747750682217.0,162.845,162.86
1747750682851.0,162.843,162.858
1747750683224.0,162.842,162.857
1747750683350.0,162.844,162.859
1747750683599.0,162.845,162.86
1747750683724.0,162.84,162.855
1747750684470.0,162.838,162.853
1747750684913.0,162.837,162.852
1747750685163.0,162.834,162.849
1747750685619.0,162.835,162.85
1747750685746.0,162.837,162.852
1747750686264.0,162.836,162.851
1747750686389.0,162.835,162.85
1747750686513.0,162.836,162.851
1747750687614.0,162.837,162.852
1747750687740.0,162.84,162.855
1747750688024.0,162.841,162.856
1747750688151.0,162.838,162.853
1747750688272.0,162.836,162.851
1747750688422.0,162.837,162.852
1747750690265.0,162.836,162.851
1747750690515.0,162.837,162.852
1747750690640.0,162.836,162.851
1747750690981.0,162.837,162.852
1747750691263.0,162.836,162.851
1747750691730.0,162.834,162.849
1747750692171.0,162.835,162.85
1747750692542.0,162.834,162.849
1747750692669.0,162.833,162.848
1747750692792.0,162.834,162.849
1747750692919.0,162.836,162.851
1747750693292.0,162.839,162.854
1747750694055.0,162.84,162.855
1747750694432.0,162.839,162.854
1747750694975.0,162.837,162.852
1747750696144.0,162.838,162.853
1747750696812.0,162.836,162.851
1747750696936.0,162.835,162.85
1747750697062.0,162.834,162.849
1747750697764.0,162.832,162.847
1747750699004.0,162.833,162.848
1747750699128.0,162.834,162.849
1747750699379.0,162.833,162.848
1747750700013.0,162.832,162.847
1747750700643.0,162.839,162.854
1747750701040.0,162.841,162.856
1747750702046.0,162.842,162.857
1747750702546.0,162.838,162.853
1747750703528.0,162.837,162.852
1747750703777.0,162.835,162.85
1747750704190.0,162.833,162.848
1747750705177.0,162.834,162.849
1747750705770.0,162.833,162.848
1747750706022.0,162.83,162.845
1747750706394.0,162.835,162.85
1747750707189.0,162.834,162.849
1747750708095.0,162.835,162.85
1747750708596.0,162.833,162.848
1747750708846.0,162.832,162.847
1747750709885.0,162.833,162.848
1747750710819.0,162.835,162.85
1747750711411.0,162.834,162.849
1747750713770.0,162.833,162.848
1747750714270.0,162.834,162.849
1747750715942.0,162.836,162.851
1747750716067.0,162.834,162.849
1747750716440.0,162.834,162.849
1747750716689.0,162.835,162.85
1747750717287.0,162.836,162.851
1747750717787.0,162.837,162.852
1747750717912.0,162.836,162.851
1747750718480.0,162.832,162.847
1747750718939.0,162.833,162.848
1747750719063.0,162.834,162.849
1747750719496.0,162.835,162.85
1747750719622.0,162.836,162.851
1747750719868.0,162.835,162.85
1747750720367.0,162.836,162.851
1747750720742.0,162.838,162.853
1747750720990.0,162.835,162.85
1747750721754.0,162.836,162.851
1747750722198.0,162.834,162.849
1747750722324.0,162.833,162.848
1747750723173.0,162.832,162.847
1747750724842.0,162.838,162.853
1747750725090.0,162.834,162.849
1747750725218.0,162.835,162.85
1747750725593.0,162.836,162.851
1747750725716.0,162.835,162.85
1747750726524.0,162.836,162.851
1747750726666.0,162.835,162.85
1747750726918.0,162.849,162.864
1747750727294.0,162.844,162.859
1747750728541.0,162.843,162.858
1747750728794.0,162.844,162.859
1747750730545.0,162.84,162.855
1747750730670.0,162.843,162.858
1747750732051.0,162.842,162.857
1747750732349.0,162.841,162.856
1747750732736.0,162.84,162.855
1747750732985.0,162.835,162.85
1747750733502.0,162.834,162.849
1747750734068.0,162.838,162.853
1747750735240.0,162.835,162.85
1747750736472.0,162.833,162.848
1747750736722.0,162.835,162.85
1747750736848.0,162.836,162.851
1747750737863.0,162.835,162.85
1747750738354.0,162.834,162.849
1747750738480.0,162.833,162.848
1747750741133.0,162.834,162.863
1747750741386.0,162.832,162.861
1747750741497.0,162.83,162.859
1747750741886.0,162.833,
1747750742134.0,162.834,162.855
1747750742499.0,162.835,162.856
1747750742747.0,162.836,162.857
1747750743247.0,162.836,162.851
1747750744154.0,162.837,162.852
1747750744280.0,162.839,162.854
1747750744902.0,162.839,162.854
1747750745029.0,162.838,162.853
1747750745277.0,162.836,162.851
1747750745528.0,162.835,162.85
1747750746279.0,162.834,162.849
1747750746403.0,162.835,162.85
1747750746780.0,162.835,162.85
1747750748441.0,162.836,162.851
1747750748832.0,162.835,162.85
1747750749082.0,162.836,162.851
1747750749634.0,162.834,162.849
1747750750893.0,162.835,162.85
1747750752262.0,162.841,162.856
1747750752512.0,162.844,162.859
1747750752758.0,162.847,162.862
1747750752880.0,162.846,162.861
1747750753398.0,162.845,162.86
1747750753899.0,162.843,162.858
1747750754024.0,162.842,162.857
1747750754691.0,162.84,162.855
1747750756100.0,162.841,162.856
1747750756223.0,162.842,162.857
1747750756474.0,162.841,162.856
1747750756850.0,162.839,162.854
1747750757349.0,162.838,162.853
1747750757600.0,162.835,162.85
1747750757848.0,162.834,162.849
1747750758226.0,162.839,162.854
1747750758502.0,162.837,162.852
1747750758752.0,162.838,162.853
1747750759006.0,162.838,162.853
1747750759255.0,162.839,162.854
1747750759507.0,162.837,162.852
1747750759985.0,162.844,162.859
1747750760234.0,162.843,162.858
1747750760859.0,162.844,162.859
1747750760984.0,162.843,162.858
1747750763141.0,162.841,162.856
1747750763265.0,162.844,162.859
1747750763896.0,162.845,162.86
1747750764579.0,162.846,162.861
1747750764829.0,162.845,162.86
1747750768073.0,162.846,162.861
1747750770101.0,162.845,162.86
1747750770340.0,162.846,162.861
1747750770702.0,162.843,162.858
1747750771463.0,162.845,162.86
1747750772326.0,162.844,162.859
1747750773572.0,162.838,162.853
1747750773960.0,162.838,162.853
1747750774206.0,162.837,162.852
1747750775320.0,162.836,162.851
1747750776055.0,162.841,162.856
1747750776305.0,162.839,162.854
1747750776430.0,162.838,162.853
1747750776961.0,162.833,162.848
1747750777211.0,162.832,162.847
1747750777463.0,162.833,162.848
1747750778253.0,162.834,162.849
1747750778505.0,162.833,162.848
1747750781556.0,162.834,162.849
1747750781804.0,162.832,162.847
1747750782058.0,162.833,162.848
1747750782304.0,162.832,162.853
1747750782429.0,162.833,162.854
1747750782554.0,162.838,162.859
1747750783453.0,162.845,162.86
1747750783702.0,162.843,162.858
1747750783954.0,162.848,162.863
1747750784327.0,162.847,162.862
1747750784702.0,162.846,162.861
1747750785332.0,162.843,162.858
1747750785979.0,162.845,162.86
1747750786230.0,162.844,162.859
1747750786834.0,162.848,162.863
1747750787211.0,162.852,162.867
1747750787334.0,162.85,162.865
1747750787585.0,162.849,162.864
1747750788083.0,162.841,162.871
1747750788584.0,,162.87
1747750789015.0,162.846,162.867
1747750789389.0,162.842,162.863
1747750789639.0,162.853,162.868
1747750789764.0,162.852,162.867
1747750790144.0,162.856,162.871
1747750790267.0,162.855,162.87
1747750790518.0,162.853,162.868
1747750790641.0,162.852,162.867
1747750791016.0,162.853,162.868
1747750791392.0,162.854,162.869
1747750791516.0,162.848,162.863
1747750791642.0,162.851,162.866
1747750791892.0,162.852,162.867
1747750792142.0,162.854,162.869
1747750793002.0,162.853,162.868
1747750793251.0,162.852,162.867
1747750793378.0,162.849,162.864
1747750794263.0,162.844,162.859
1747750794640.0,162.845,162.86
1747750794888.0,162.844,162.859
1747750795387.0,162.844,162.859
1747750795512.0,162.843,162.858
1747750795889.0,162.837,162.852
1747750796013.0,162.836,162.851
1747750796464.0,162.837,162.852
1747750796589.0,162.838,162.853
1747750796989.0,162.835,162.85
1747750798022.0,162.833,162.848
1747750798148.0,162.834,162.849
1747750798273.0,162.833,162.848
1747750798688.0,162.835,162.85
1747750798839.0,162.836,162.851
1747750798963.0,162.842,162.857
1747750800101.0,162.841,162.856
1747750800475.0,162.839,162.854
1747750800607.0,162.843,162.858
1747750800724.0,162.842,162.857
1747750801632.0,162.848,162.863
1747750801883.0,162.845,162.86
1747750802132.0,162.842,162.857
1747750802993.0,162.843,162.858
1747750803245.0,162.844,162.859
1747750803372.0,162.843,162.858
1747750804619.0,162.843,162.858
1747750805665.0,162.842,162.857
1747750805929.0,162.845,162.86
1747750806042.0,162.843,162.858
1747750806546.0,162.845,162.86
1747750806791.0,162.837,162.852
1747750807040.0,162.839,162.854
1747750807169.0,162.838,162.853
1747750807542.0,162.84,162.855
1747750808444.0,162.841,162.856
1747750809312.0,162.842,162.857
1747750809946.0,162.84,162.855
1747750810835.0,162.841,162.856
1747750811089.0,162.842,162.857
1747750812247.0,162.843,162.858
1747750812498.0,162.845,162.86
1747750813035.0,162.844,162.859
1747750814109.0,162.842,162.857
1747750814233.0,162.844,162.859
1747750815153.0,162.838,162.853
1747750815278.0,162.842,162.857
1747750816263.0,162.841,162.856
1747750816641.0,162.843,162.858
1747750817432.0,162.844,162.859
1747750817911.0,162.842,162.857
1747750818040.0,162.843,162.858
1747750820117.0,162.842,162.857
1747750820487.0,162.843,162.858
1747750821044.0,162.844,162.859
1747750821707.0,162.843,162.858
1747750822481.0,162.842,162.857
1747750822731.0,162.84,162.855
1747750823165.0,162.841,162.856
1747750823966.0,162.842,162.857
1747750824382.0,162.841,162.856
1747750825181.0,162.842,162.857
1747750825430.0,162.843,162.858
1747750825558.0,162.842,162.857
1747750825868.0,162.843,162.858
1747750828030.0,162.844,162.859
1747750828407.0,162.844,162.859
1747750829999.0,162.843,162.858
1747750832788.0,162.845,162.86
1747750832909.0,162.848,162.863
1747750833673.0,162.847,162.862
1747750833799.0,162.842,162.857
1747750834436.0,162.843,162.858
1747750835879.0,162.842,162.857
1747750836005.0,162.843,162.858
1747750836254.0,162.846,162.861
1747750836765.0,162.847,162.862
1747750837164.0,162.845,162.86
1747750837507.0,162.846,162.861
1747750837756.0,162.843,162.858
1747750838255.0,162.843,162.858
1747750838505.0,162.845,162.86
1747750838629.0,162.844,162.859
1747750842245.0,162.845,162.86
1747750842374.0,162.844,162.859
1747750842566.0,162.845,162.86
1747750842691.0,162.848,162.863
1747750843191.0,162.847,162.862
1747750843952.0,162.846,162.861
1747750844077.0,162.847,162.862
1747750844714.0,162.846,162.861
1747750844839.0,162.848,162.863
1747750845588.0,162.846,162.861
1747750846020.0,162.847,162.862
1747750846589.0,162.846,162.861
1747750847086.0,162.843,162.858
1747750847398.0,162.844,162.859
1747750847942.0,162.843,162.858
1747750848781.0,162.845,162.86
1747750849647.0,162.846,162.861
1747750849897.0,162.847,162.862
1747750850021.0,162.848,162.863
1747750850436.0,162.847,162.862
1747750851431.0,162.848,162.863
1747750852679.0,162.849,162.864
1747750852925.0,162.848,162.863
1747750853959.0,162.849,162.864
1747750854214.0,162.85,162.865
1747750854335.0,162.851,162.866
1747750854999.0,162.85,162.865
1747750855123.0,162.849,162.864
1747750855628.0,162.851,162.866
1747750857182.0,162.853,162.868
1747750857582.0,162.852,162.867
1747750860435.0,162.863,162.878
1747750860687.0,162.857,162.872
1747750861013.0,162.858,162.873
1747750861263.0,162.856,162.871
1747750861388.0,162.858,162.873
1747750862050.0,162.857,162.872
1747750862655.0,162.853,162.868
1747750863015.0,162.854,162.869
1747750863392.0,162.853,162.868
1747750863517.0,162.854,162.869
1747750865084.0,162.853,162.868
1747750865206.0,162.846,162.861
1747750865644.0,162.848,162.863
1747750865894.0,162.846,162.861
1747750866018.0,162.847,162.862
1747750866270.0,162.848,162.863
1747750866643.0,162.846,162.861
1747750867386.0,162.845,162.86
1747750868397.0,162.846,162.861
1747750868522.0,162.847,162.862
1747750868897.0,162.846,162.861
1747750870425.0,162.85,162.865
1747750870587.0,162.849,162.864
1747750870840.0,162.848,162.863
1747750871231.0,162.848,162.863
1747750871480.0,162.847,162.862
1747750872308.0,162.846,162.861
1747750872934.0,162.845,162.86
1747750873397.0,162.848,162.863
1747750873648.0,162.846,162.861
1747750874273.0,162.845,162.86
1747750874524.0,162.845,162.86
1747750875405.0,162.845,162.86
1747750876906.0,162.846,162.861
1747750878782.0,162.845,162.86
1747750879520.0,162.844,162.859
1747750879771.0,162.844,162.859
1747750880490.0,162.845,162.86
1747750880620.0,162.843,162.858
1747750881066.0,162.837,162.852
1747750881320.0,162.839,162.854
1747750881445.0,162.841,162.856
1747750881948.0,162.842,162.857
1747750882324.0,162.843,162.858
1747750883023.0,162.842,162.857
1747750883149.0,162.837,162.852
1747750883398.0,162.839,162.854
1747750884086.0,162.838,162.853
1747750884211.0,162.836,162.851
1747750884586.0,162.835,162.85
1747750884835.0,162.843,162.858
1747750885086.0,162.844,162.859
1747750885593.0,162.843,162.858
1747750885991.0,162.844,162.859
1747750886434.0,162.845,162.86
1747750886558.0,162.846,162.861
1747750887057.0,162.845,162.86
1747750887564.0,162.841,162.856
1747750891212.0,162.842,162.857
1747750891340.0,162.843,162.858
1747750896059.0,162.844,162.859
1747750896181.0,162.843,162.858
1747750896612.0,162.842,162.857
1747750898282.0,162.84,162.855
1747750901139.0,162.839,162.854
1747750902614.0,162.84,162.855
1747750903040.0,162.841,162.856
1747750903292.0,162.834,162.849
1747750903415.0,162.832,162.847
1747750903541.0,162.835,162.85
1747750903666.0,162.836,162.851
1747750904092.0,162.838,162.853
1747750904467.0,162.84,162.855
1747750904870.0,162.841,162.856
1747750905120.0,162.841,162.856
1747750905872.0,162.842,162.857
1747750905998.0,162.841,162.856
1747750906440.0,162.84,162.855
1747750906881.0,162.842,162.857
1747750907007.0,162.843,162.858
1747750908520.0,162.842,162.857
1747750908645.0,162.843,162.858
1747750909142.0,162.842,162.857
1747750909768.0,162.845,162.86
1747750910017.0,162.842,162.857
1747750910545.0,162.843,162.858
1747750912117.0,162.842,162.857
1747750912867.0,162.841,162.856
1747750913116.0,162.84,162.855
1747750913562.0,162.841,162.856
1747750913773.0,162.842,162.857
1747750914788.0,162.841,162.856
1747750915126.0,162.842,162.857
1747750916511.0,162.839,162.854
1747750916885.0,162.838,162.853
1747750917760.0,162.837,162.852
1747750917885.0,162.835,162.85
1747750918261.0,162.832,162.847
1747750919994.0,162.831,162.846
1747750920368.0,162.828,162.843
1747750921141.0,162.829,162.844
1747750921389.0,162.828,162.843
1747750921765.0,162.826,162.841
1747750922142.0,162.825,162.84
1747750922860.0,162.826,162.841
1747750923418.0,162.831,162.846
1747750923554.0,162.832,162.847
1747750924175.0,162.832,162.847
1747750924427.0,162.835,162.85
1747750924802.0,162.836,162.851
1747750925176.0,162.835,162.85
1747750925562.0,162.837,162.852
1747750925686.0,162.838,162.853
1747750926322.0,162.836,162.851
1747750926573.0,162.836,162.851
1747750926822.0,162.834,162.849
1747750927848.0,162.835,162.85
1747750928463.0,162.836,162.851
1747750928588.0,162.838,162.853
1747750929140.0,162.835,162.85
1747750929387.0,162.835,162.85
1747750929512.0,162.834,162.849
1747750932172.0,162.835,162.85
1747750932955.0,162.836,162.851
1747750933205.0,162.838,162.853
1747750933337.0,162.841,162.856
1747750933704.0,162.843,162.858
1747750933954.0,162.838,162.853
1747750934164.0,162.839,162.854
1747750934286.0,162.837,162.852
1747750935036.0,162.836,162.851
1747750935412.0,162.837,162.852
1747750936992.0,162.842,162.857
1747750938226.0,162.843,162.858
1747750940919.0,162.839,162.854
1747750941167.0,162.841,162.856
1747750941970.0,162.842,162.857
1747750944003.0,162.843,162.858
1747750944528.0,162.844,162.859
1747750944778.0,162.845,162.86
1747750945028.0,162.845,162.86
1747750945279.0,162.846,162.861
1747750946739.0,162.843,162.858
1747750947282.0,162.842,162.857
1747750947959.0,162.843,162.858
1747750948339.0,162.842,162.857
1747750949519.0,162.843,162.858
1747750949896.0,162.844,162.859
1747750950023.0,162.847,162.862
1747750951120.0,162.846,162.861
1747750951536.0,162.852,162.867
1747750952040.0,162.851,162.866
1747750953060.0,162.847,162.862
1747750953318.0,162.848,162.863
1747750953944.0,162.847,162.862
1747750954674.0,162.848,162.863
1747750955422.0,162.847,162.862
1747750955671.0,162.848,162.863
1747750956233.0,162.846,162.861
1747750956486.0,162.846,162.861
1747750956728.0,162.847,162.862
1747750960329.0,162.844,162.859
1747750960578.0,162.844,162.859
1747750962699.0,162.849,162.864
1747750963068.0,162.848,162.863
1747750964112.0,162.849,162.864
1747750964485.0,162.846,162.861
1747750965026.0,162.855,162.87
1747750966007.0,162.856,162.871
1747750966257.0,162.863,162.878
1747750966383.0,162.862,162.877
1747750967110.0,162.857,162.872
1747750967234.0,162.859,162.874
1747750967487.0,162.86,162.875
1747750968111.0,162.858,162.873
1747750968236.0,162.86,162.875
1747750968485.0,162.859,162.874
1747750968632.0,162.86,162.875
1747750969439.0,162.859,162.874
1747750969688.0,162.86,162.875
1747750970874.0,162.861,162.876
1747750971147.0,162.863,162.878
1747750971600.0,162.864,162.879
1747750971847.0,162.863,162.878
1747750972094.0,162.864,162.879
1747750972468.0,162.869,162.884
1747750972865.0,162.868,162.883
1747750974950.0,162.869,162.884
1747750975199.0,162.869,162.884
1747750975450.0,162.873,162.888
1747750975575.0,162.872,162.887
1747750977605.0,162.871,162.886
1747750977727.0,162.864,162.879
1747750978105.0,162.864,162.879
1747750978727.0,162.866,162.881
1747750978977.0,162.866,162.881
1747750980027.0,162.862,162.877
1747750981793.0,162.861,162.876
1747750983201.0,162.862,162.877
1747750983643.0,162.861,162.876
1747750984198.0,162.862,162.877
1747750984787.0,162.861,162.876
1747750985700.0,162.855,162.87
1747750985950.0,162.857,162.872
1747750986200.0,162.856,162.871
1747750986584.0,162.854,162.869
1747750986834.0,162.857,162.872
1747750987084.0,162.854,162.869
1747750987202.0,162.852,162.867
1747750987686.0,162.851,162.866
1747750987935.0,162.854,162.869
1747750988808.0,162.851,162.872
1747750989308.0,162.851,162.872
1747750989558.0,162.853,162.874
1747750990058.0,162.853,162.874
1747750990899.0,162.853,162.874
1747750991480.0,162.85,162.871
1747750991728.0,162.848,162.863
1747750991855.0,162.847,162.862
1747750992102.0,162.848,162.863
1747750992476.0,162.841,162.856
1747750992726.0,162.844,162.859
1747750992852.0,162.847,162.862
1747750993166.0,162.845,162.86
1747750993288.0,162.852,162.867
1747750993666.0,162.853,162.868
1747750994413.0,162.857,162.872
1747750994664.0,162.859,162.874
1747750994916.0,162.862,162.877
1747750995164.0,162.861,162.876
1747750995540.0,162.862,162.877
1747750995788.0,162.862,162.877
1747750996041.0,162.858,162.873
1747750996165.0,162.856,162.877
1747750996779.0,162.855,162.876
1747750997127.0,162.858,162.879
1747750997253.0,162.853,162.874
1747750998216.0,162.855,162.876
1747750999131.0,162.856,162.877
1747750999381.0,162.855,162.876
1747750999947.0,162.856,162.877
1747751002391.0,162.853,162.874
