1747749485578.0,1.18753,1.18783
1747749488600.0,1.18751,1.18781
1747749488850.0,1.18756,1.18776
1747749489752.0,1.18752,1.18782
1747749490002.0,1.18756,1.18776
1747749490253.0,1.1875,1.1878
1747749490503.0,1.18754,1.18774
1747749490753.0,1.18751,1.18771
1747749492821.0,1.18753,1.18773
1747749493320.0,,1.18783
1747749494183.0,1.18755,1.18775
1747749495119.0,1.18756,1.18776
1747749496854.0,1.18753,1.18773
1747749498377.0,,1.18783
1747749498870.0,1.18751,1.18781
1747749500269.0,1.18756,1.18776
1747749500519.0,1.18751,1.18781
1747749501017.0,1.1875,1.1878
1747749502095.0,1.18754,1.18774
1747749502347.0,1.18753,1.18773
1747749503603.0,1.1875,1.1878
1747749503852.0,1.18753,1.18773
1747749505168.0,1.18751,1.18781
1747749505413.0,1.1875,1.1878
1747749508081.0,1.18748,1.18778
1747749508330.0,1.18751,1.18771
1747749509078.0,1.1875,1.1877
1747749509578.0,1.18749,1.18769
1747749510078.0,1.1875,1.1877
1747749510329.0,1.18751,1.18771
1747749513608.0,1.18749,1.18769
1747749515325.0,1.18744,1.18774
1747749515579.0,1.18749,1.18769
1747749515834.0,1.18747,1.18767
1747749517541.0,1.18743,1.18773
1747749518303.0,1.18749,1.18769
1747749519678.0,1.1875,1.1877
1747749519928.0,1.18745,1.18775
1747749520178.0,1.1875,1.1877
1747749520440.0,1.18751,1.18771
1747749520691.0,,1.18781
1747749520941.0,1.18756,1.18776
1747749521678.0,1.18753,1.18783
1747749522178.0,1.18756,1.18776
1747749522428.0,1.18752,1.18782
1747749522677.0,1.18753,1.18783
1747749524120.0,1.18752,1.18782
1747749524367.0,1.18751,1.18771
1747749526174.0,1.18749,1.18779
1747749526424.0,1.18748,1.18778
1747749526674.0,1.18754,1.18774
1747749527425.0,1.18749,1.18779
1747749527677.0,1.18753,1.18773
1747749527925.0,1.18751,1.18781
1747749528175.0,1.1875,1.1878
1747749528551.0,1.18748,1.18778
1747749529052.0,1.18751,1.18771
1747749529301.0,1.18746,1.18776
1747749530051.0,1.18747,1.18777
1747749530298.0,1.18746,1.18776
1747749530949.0,1.1875,1.1877
1747749532219.0,1.18745,1.18775
1747749532469.0,1.18749,1.18769
1747749532720.0,1.18746,1.18776
1747749534377.0,1.18745,1.18775
1747749534807.0,1.18748,1.18768
1747749535057.0,1.18744,1.18774
1747749535305.0,1.18749,1.18769
1747749535556.0,1.18745,1.18775
1747749536305.0,1.1875,1.1877
1747749538688.0,1.18748,1.18768
1747749538928.0,1.1875,1.1877
1747749539554.0,1.18749,1.18769
1747749539805.0,1.18753,1.18773
1747749540486.0,1.18748,1.18778
1747749541649.0,1.1875,1.1878
1747749541906.0,1.18751,1.18781
1747749542409.0,1.18754,1.18774
1747749542650.0,1.18756,1.18776
1747749542899.0,1.1875,1.1878
1747749543150.0,1.18752,1.18782
1747749543400.0,1.18757,1.18777
1747749543901.0,1.18753,1.18783
1747749544150.0,1.18754,1.18784
1747749544400.0,1.18753,1.18783
1747749544649.0,1.18754,1.18784
1747749546764.0,1.18756,1.18786
1747749547011.0,1.1876,1.1878
1747749548940.0,1.18759,1.18779
1747749549444.0,1.1876,1.1878
1747749549691.0,1.18756,1.18786
1747749549941.0,1.18761,1.18781
1747749550694.0,1.18764,1.18784
1747749550946.0,1.18763,1.18783
1747749551195.0,1.18764,1.18784
1747749551445.0,1.18758,1.18788
1747749553663.0,1.18763,1.18783
1747749555168.0,1.18757,1.18787
1747749557106.0,1.18767,
1747749557354.0,1.18768,1.18788
1747749558683.0,1.18761,1.18791
1747749558933.0,1.18763,1.18793
1747749560202.0,1.18768,1.18788
1747749560454.0,1.18771,1.18791
1747749561758.0,1.18767,1.18797
1747749562015.0,1.18771,1.18791
1747749562264.0,1.18763,1.18793
1747749562512.0,1.18765,1.18795
1747749562758.0,1.18771,1.18791
1747749563504.0,1.18774,1.18794
1747749563752.0,1.18767,1.18797
1747749564003.0,1.18771,1.18791
1747749564253.0,1.1877,1.1879
1747749564751.0,1.18771,1.18791
1747749566160.0,1.1877,1.1879
1747749567006.0,1.18768,1.18788
1747749570073.0,1.18763,1.18793
1747749570320.0,1.1876,1.1879
1747749570815.0,1.18762,1.18792
1747749571441.0,1.18763,1.18793
1747749571689.0,1.18762,1.18792
1747749573062.0,1.18761,1.18791
1747749573309.0,1.18764,1.18794
1747749573560.0,1.18765,1.18795
1747749575493.0,1.18766,1.18796
1747749575745.0,1.18765,1.18795
1747749575989.0,1.18766,1.18796
1747749576240.0,1.18765,1.18795
1747749578433.0,1.18766,1.18796
1747749579221.0,1.18767,1.18797
1747749579476.0,1.18768,1.18798
1747749579720.0,1.18769,1.18799
1747749580971.0,1.18768,1.18798
1747749581219.0,1.18773,1.18793
1747749581723.0,1.18765,1.18795
1747749581970.0,1.18772,1.18792
1747749582219.0,1.18766,1.18796
1747749582919.0,1.18763,1.18793
1747749583168.0,1.18764,1.18794
1747749583432.0,1.18765,1.18795
1747749583681.0,1.18766,1.18796
1747749583931.0,1.18767,1.18797
1747749584728.0,1.18766,1.18796
1747749584978.0,1.18765,1.18795
1747749585478.0,1.18764,1.18794
1747749586997.0,1.18763,1.18793
1747749587246.0,1.18769,1.18789
1747749587746.0,1.1877,1.1879
1747749587997.0,1.18769,1.18789
1747749588246.0,1.18763,1.18793
1747749589245.0,1.18762,1.18792
1747749589495.0,1.18763,1.18793
1747749589747.0,1.18762,1.18792
1747749590246.0,1.18763,1.18793
1747749592095.0,1.18762,1.18792
1747749592594.0,1.1876,1.1879
1747749593149.0,1.18762,1.18792
1747749595171.0,1.18764,1.18794
1747749595422.0,1.18758,1.18788
1747749596510.0,1.18759,1.18789
1747749596761.0,1.1876,1.1879
1747749597012.0,1.18758,1.18788
1747749598848.0,1.18763,1.18783
1747749600185.0,1.1876,1.1879
1747749600430.0,1.18762,1.18792
1747749600687.0,1.18761,1.18791
1747749601430.0,1.18763,1.18783
1747749601678.0,1.1876,1.1879
1747749602573.0,1.18759,1.18789
1747749603067.0,1.18758,1.18788
1747749603564.0,1.18766,1.18786
1747749603811.0,1.18763,1.18793
1747749604062.0,1.1876,1.1879
1747749604312.0,1.18761,1.18791
1747749604562.0,1.1876,1.1879
1747749605062.0,1.18767,1.18787
1747749605311.0,1.18766,1.18786
1747749606465.0,1.1877,1.1879
1747749607718.0,1.18762,1.18792
1747749609134.0,1.1877,1.1879
1747749609383.0,1.18768,1.18788
1747749609634.0,1.18762,1.18792
1747749610134.0,1.18761,1.18791
1747749610385.0,1.18766,1.18786
1747749611133.0,1.18765,1.18785
1747749611384.0,1.18768,1.18788
1747749612107.0,1.18767,1.18787
1747749612360.0,1.18766,1.18786
1747749612608.0,1.18767,1.18787
1747749616143.0,1.18764,1.18794
1747749616643.0,1.1877,1.1879
1747749617128.0,1.18764,1.18794
1747749618117.0,1.18768,1.18788
1747749619333.0,1.18765,1.18785
1747749619583.0,1.18762,1.18792
1747749619829.0,1.18768,1.18798
1747749620079.0,1.18772,1.18792
1747749620829.0,1.18771,1.18791
1747749621080.0,1.18767,1.18787
1747749621329.0,1.1876,1.1879
1747749621579.0,1.18765,1.18785
1747749621832.0,1.18761,1.18791
1747749622080.0,1.18762,1.18792
1747749622329.0,1.18761,1.18791
1747749622581.0,1.18765,1.18785
1747749623078.0,1.18768,1.18788
1747749623330.0,1.1877,1.1879
1747749623922.0,1.18765,1.18795
1747749624173.0,1.18772,1.18792
1747749624420.0,1.18766,1.18796
1747749624671.0,1.18767,1.18797
1747749625306.0,1.18768,1.18798
1747749625862.0,1.18767,1.18797
1747749626112.0,1.18764,1.18794
1747749626361.0,1.1876,1.1879
1747749627111.0,1.18757,1.18787
1747749627362.0,1.18764,1.18784
1747749627611.0,1.18759,1.18789
1747749627863.0,1.18764,1.18784
1747749628361.0,1.18758,1.18788
1747749629000.0,1.1876,1.1879
1747749630744.0,1.18761,1.18791
1747749632856.0,1.18768,1.18788
1747749633107.0,1.18765,1.18785
1747749633357.0,1.18767,1.18787
1747749633606.0,1.18765,1.18785
1747749635997.0,1.1876,1.1879
1747749636247.0,1.18764,1.18794
1747749636501.0,1.18769,1.18789
1747749636994.0,1.18768,1.18788
1747749637496.0,1.18767,1.18787
1747749637744.0,1.18768,1.18788
1747749639609.0,1.18766,1.18796
1747749639859.0,1.18771,1.18791
1747749640360.0,1.18766,1.18796
1747749643516.0,1.18765,1.18795
1747749644018.0,1.18768,1.18788
1747749644271.0,1.18765,1.18785
1747749644756.0,1.18767,1.18787
1747749645257.0,1.18764,1.18784
1747749645506.0,1.18761,1.18781
1747749645756.0,1.18754,1.18784
1747749646009.0,1.18758,1.18778
1747749646507.0,1.1875,1.1878
1747749647008.0,1.18756,1.18776
1747749648005.0,1.18754,1.18774
1747749648258.0,1.18753,1.18773
1747749649055.0,1.18748,1.18778
1747749649305.0,1.18752,1.18772
1747749649556.0,1.18753,1.18773
1747749649807.0,1.18755,1.18775
1747749650298.0,1.18754,1.18774
1747749650549.0,1.18746,1.18776
1747749650797.0,1.1875,1.1877
1747749651044.0,1.18751,1.18771
1747749651295.0,1.18748,1.18768
1747749652088.0,1.18747,1.18767
1747749652902.0,1.18748,1.18768
1747749653151.0,1.18749,1.18769
1747749654757.0,1.18751,1.18771
1747749655507.0,1.1875,1.1877
1747749655758.0,1.18749,1.18769
1747749656360.0,1.18748,1.18768
1747749656610.0,1.18744,1.18764
1747749657385.0,1.18745,1.18765
1747749657636.0,1.18736,1.18766
1747749657884.0,1.18741,1.18761
1747749658134.0,1.18735,1.18765
1747749658386.0,1.18741,1.18761
1747749659370.0,1.18739,1.18759
1747749660076.0,1.18732,1.18762
1747749660325.0,1.18724,1.18754
1747749660574.0,1.18729,1.18749
1747749660979.0,1.18724,1.18754
1747749661230.0,1.18734,
1747749661480.0,1.18731,1.18751
1747749661978.0,1.18726,1.18756
1747749662226.0,1.18731,1.18751
1747749662476.0,1.18732,1.18752
1747749662724.0,1.18734,1.18754
1747749664618.0,1.18735,1.18755
1747749665336.0,1.18734,1.18754
1747749666086.0,1.18736,1.18756
1747749666834.0,1.18734,1.18754
1747749668229.0,1.18735,1.18755
1747749669063.0,1.18736,1.18756
1747749669314.0,1.18737,1.18757
1747749670312.0,1.18733,1.18763
1747749671155.0,1.18732,1.18762
1747749671658.0,1.18727,1.18757
1747749671907.0,1.18734,1.18754
1747749672498.0,1.18733,1.18753
1747749672999.0,1.18734,1.18754
1747749673675.0,1.18731,1.18751
1747749673925.0,1.18734,1.18754
1747749674424.0,1.18729,1.18759
1747749675792.0,1.18735,1.18755
1747749676041.0,1.18737,1.18757
1747749678184.0,1.18736,1.18756
1747749678982.0,1.18732,1.18762
1747749679241.0,1.18733,1.18753
1747749679468.0,1.18732,1.18752
1747749679962.0,1.18731,1.18751
1747749680936.0,1.1873,1.1875
1747749681798.0,1.18731,1.18751
1747749682945.0,1.18724,1.18754
1747749683199.0,1.18727,1.18747
1747749683430.0,1.18726,1.18746
1747749684310.0,1.18725,1.18745
1747749686468.0,1.18723,1.18743
1747749686717.0,1.18722,1.18742
1747749686959.0,1.18717,1.18747
1747749688059.0,1.18722,1.18742
1747749688743.0,1.18719,1.18749
1747749688993.0,1.18723,1.18743
1747749689484.0,1.18725,1.18745
1747749690379.0,1.18724,1.18744
1747749690991.0,1.1872,1.1875
1747749691641.0,1.18725,1.18745
1747749692718.0,1.18724,1.18744
1747749692971.0,1.18723,1.18743
1747749694270.0,1.1872,1.1875
1747749698715.0,1.18719,1.18749
1747749701718.0,1.18723,1.18743
1747749701967.0,1.18727,1.18747
1747749702975.0,1.18729,1.18749
1747749703211.0,1.18723,1.18753
1747749703462.0,1.18732,1.18752
1747749703709.0,1.18731,1.18751
1747749703955.0,1.18729,1.18749
1747749704207.0,1.18728,1.18748
1747749704708.0,1.18727,1.18747
1747749704956.0,1.18725,1.18745
1747749705208.0,1.18721,1.18741
1747749705457.0,1.18723,1.18743
1747749705707.0,1.18725,1.18745
1747749706208.0,1.18722,1.18742
1747749707269.0,1.1872,1.1875
1747749707519.0,1.18725,1.18745
1747749708017.0,1.18727,1.18747
1747749708266.0,1.18729,1.18749
1747749709740.0,1.18728,1.18748
1747749709988.0,1.18729,1.18749
1747749710240.0,1.18732,1.18752
1747749711284.0,1.18734,1.18754
1747749711535.0,1.18729,1.18749
1747749712790.0,1.18728,1.18748
1747749713040.0,1.18729,1.18749
1747749713291.0,1.18727,1.18747
1747749713789.0,1.18729,1.18749
1747749714790.0,1.18728,1.18748
1747749715749.0,1.18729,1.18749
1747749716562.0,1.18724,1.18744
1747749716810.0,1.18725,1.18745
1747749717063.0,1.18724,1.18744
1747749718173.0,1.18723,1.18743
1747749718423.0,1.18724,1.18744
1747749718847.0,1.18723,1.18743
1747749719599.0,1.18722,1.18742
1747749722430.0,1.18723,1.18743
1747749723169.0,1.18722,1.18742
1747749725243.0,1.18725,1.18745
1747749726298.0,1.18726,1.18746
1747749726547.0,1.18729,1.18749
1747749726797.0,1.18727,1.18747
1747749727548.0,1.18726,1.18746
1747749728049.0,1.18727,1.18747
1747749728297.0,1.18734,1.18754
1747749728797.0,1.18733,1.18753
1747749729297.0,1.18734,1.18754
1747749729798.0,1.1873,1.1875
1747749730048.0,1.18732,1.18752
1747749730297.0,1.18731,1.18751
1747749731358.0,1.18732,1.18752
1747749732108.0,1.18736,1.18756
1747749732358.0,1.18734,1.18754
1747749732857.0,1.18735,1.18755
1747749734359.0,1.18734,1.18754
1747749735491.0,1.18735,1.18755
1747749735991.0,1.18734,1.18754
1747749737909.0,1.18735,1.18755
1747749738162.0,1.18739,1.18759
1747749739151.0,1.1874,1.1876
1747749739650.0,1.18739,1.18759
1747749739901.0,1.18742,1.18762
1747749740795.0,1.18741,1.18761
1747749741045.0,1.18739,1.18759
1747749741950.0,1.1874,1.1876
1747749742950.0,1.18741,1.18761
1747749743696.0,1.18739,1.18759
1747749744941.0,1.18734,1.18754
1747749745193.0,1.18736,1.18756
1747749746819.0,1.18735,1.18755
1747749747898.0,1.18736,1.18756
1747749749043.0,1.18741,1.18761
1747749749550.0,1.1874,1.1876
1747749750908.0,1.18741,1.18761
1747749751995.0,1.18739,1.18759
1747749752744.0,1.1874,1.1876
1747749752995.0,1.18739,1.18759
1747749753746.0,1.1874,1.1876
1747749754246.0,1.18739,1.18759
1747749756570.0,1.1874,1.1876
1747749756824.0,1.18741,1.18761
1747749757064.0,1.1874,1.1876
1747749757310.0,1.18741,1.18761
1747749757803.0,1.1874,1.1876
1747749758305.0,1.18741,1.18761
1747749758803.0,1.1874,1.1876
1747749759052.0,1.18742,1.18762
1747749759302.0,1.18741,1.18761
1747749766097.0,1.1874,1.1876
1747749766880.0,1.18741,1.18761
1747749767131.0,1.1874,1.1876
1747749767630.0,1.18741,1.18761
1747749769486.0,1.18742,1.18762
1747749770486.0,1.18741,1.18761
1747749770736.0,1.1874,1.1876
1747749772363.0,1.18739,1.18759
1747749774801.0,1.1874,1.1876
1747749775049.0,1.18739,1.18759
1747749775546.0,1.18741,1.18761
1747749776045.0,1.18742,1.18762
1747749776792.0,1.18746,1.18766
1747749777885.0,1.18747,1.18767
1747749778135.0,1.18748,1.18768
1747749778636.0,1.1875,1.1877
1747749778885.0,1.18751,1.18771
1747749779498.0,1.1875,1.1877
1747749779998.0,1.18748,1.18768
1747749780248.0,1.18747,1.18767
1747749780747.0,1.18745,1.18765
1747749780999.0,1.18744,1.18764
1747749781249.0,1.18741,1.18761
1747749782247.0,1.18742,1.18762
1747749782500.0,1.18741,1.18761
1747749782748.0,1.1874,1.1876
1747749783278.0,1.18741,1.18761
1747749784909.0,1.18743,1.18763
1747749785404.0,1.1874,1.1876
1747749786514.0,1.18741,1.18761
1747749787323.0,1.1874,1.1876
1747749788118.0,1.18741,1.18761
1747749789367.0,1.1874,1.1876
1747749789616.0,1.18739,1.18759
1747749789868.0,1.18741,1.18761
1747749792715.0,1.1874,1.1876
1747749796361.0,1.18743,1.18763
1747749796861.0,1.18744,1.18764
1747749797170.0,1.18743,1.18763
1747749797418.0,1.18742,1.18762
1747749798354.0,1.18741,1.18761
1747749798603.0,1.1874,1.1876
1747749799106.0,1.18739,1.18759
1747749800274.0,1.18738,1.18758
1747749800776.0,1.18741,1.18761
1747749801024.0,1.18739,1.18759
1747749801597.0,1.18741,1.18761
1747749802102.0,1.18738,1.18758
1747749802347.0,1.18735,1.18755
1747749808352.0,1.18734,1.18754
1747749808600.0,1.18736,1.18756
1747749811569.0,1.18739,1.18759
1747749812308.0,1.1874,1.1876
1747749812809.0,1.18737,1.18757
1747749813306.0,1.18738,1.18758
1747749814083.0,1.18739,1.18759
1747749814330.0,1.18738,1.18758
1747749814826.0,1.18739,1.18759
1747749820893.0,1.18738,1.18758
1747749821143.0,1.18737,1.18757
1747749822349.0,1.18736,1.18756
1747749823341.0,1.18737,1.18757
1747749824217.0,1.18735,1.18755
1747749824467.0,1.18734,1.18754
1747749826404.0,1.18733,1.18753
1747749827009.0,1.18734,1.18754
1747749827511.0,1.18733,1.18753
1747749827765.0,1.18737,1.18757
1747749829261.0,1.18736,1.18756
1747749832748.0,1.18734,1.18754
1747749833248.0,1.18737,1.18757
1747749833999.0,1.18738,1.18758
1747749834499.0,1.18737,1.18757
1747749835285.0,1.18735,1.18755
1747749835784.0,1.18734,1.18754
1747749836036.0,1.18737,1.18757
1747749836283.0,1.18734,1.18754
1747749837201.0,1.18736,1.18756
1747749840794.0,1.18734,1.18754
1747749843339.0,1.18733,1.18753
1747749843588.0,1.18735,1.18755
1747749845096.0,1.18737,1.18757
1747749847730.0,1.18738,1.18758
1747749849054.0,1.18737,1.18757
1747749854101.0,1.18736,1.18756
1747749856512.0,1.18735,1.18755
1747749857685.0,1.18734,1.18754
1747749858419.0,1.18733,1.18753
1747749858669.0,1.18734,1.18754
1747749858921.0,1.18733,1.18753
1747749859710.0,1.18734,1.18754
1747749860960.0,1.18733,1.18753
1747749861213.0,1.18731,1.18751
1747749861458.0,1.18732,1.18752
1747749862708.0,1.18731,1.18751
1747749863289.0,1.18733,1.18753
1747749865874.0,1.18732,1.18752
1747749866123.0,1.18729,1.18749
1747749866733.0,1.18731,1.18751
1747749867757.0,1.18732,1.18752
1747749868809.0,1.18737,1.18757
1747749869062.0,1.18739,1.18759
1747749869827.0,1.18738,1.18758
1747749870077.0,1.18739,1.18759
1747749870327.0,1.18741,1.18761
1747749870575.0,1.1874,1.1876
1747749873989.0,1.18741,1.18761
1747749874482.0,1.18743,1.18763
1747749874731.0,1.18744,1.18764
1747749875376.0,1.18741,1.18761
1747749876088.0,1.18742,1.18762
1747749876710.0,1.18741,1.18761
1747749877458.0,1.18742,1.18762
1747749877959.0,1.18741,1.18761
1747749878461.0,1.18736,1.18766
1747749880343.0,1.18734,1.18764
1747749881254.0,1.18736,1.18766
1747749882813.0,1.18734,1.18764
1747749883062.0,1.18739,1.18759
1747749883312.0,1.18741,1.18761
1747749884736.0,1.18739,1.18759
1747749884986.0,1.1874,1.1876
1747749885845.0,1.18741,1.18761
1747749887712.0,1.1874,1.1876
1747749888208.0,1.18738,1.18758
1747749888782.0,1.1874,1.1876
1747749889031.0,1.18741,1.18761
1747749889277.0,1.1874,1.1876
1747749889531.0,1.18739,1.18759
1747749890530.0,1.18738,1.18758
1747749890779.0,1.18739,1.18759
1747749892778.0,1.18737,1.18757
1747749893279.0,1.18735,1.18755
1747749894233.0,1.18737,1.18757
1747749897131.0,1.18738,1.18758
1747749897382.0,1.18737,1.18757
1747749897879.0,1.18738,1.18758
1747749898128.0,1.18737,1.18757
1747749899782.0,1.18738,1.18758
1747749900996.0,1.18737,1.18757
1747749902248.0,1.18738,1.18758
1747749902745.0,1.18739,1.18759
1747749903746.0,1.18738,1.18758
1747749904245.0,1.18739,1.18759
1747749905105.0,1.18737,1.18757
1747749905349.0,1.18738,1.18758
1747749905852.0,1.18737,1.18757
1747749907053.0,1.18738,1.18758
1747749907303.0,1.18737,1.18757
1747749907804.0,1.18738,1.18758
1747749908071.0,1.18739,1.18759
1747749908321.0,1.1874,1.1876
1747749909322.0,1.18739,1.18759
1747749909572.0,1.18742,1.18762
1747749909822.0,1.18741,1.18761
1747749910756.0,1.18742,1.18762
1747749911549.0,1.18743,1.18763
1747749913559.0,1.18744,1.18764
1747749914582.0,1.18743,1.18763
1747749917797.0,1.18741,1.18761
1747749918600.0,1.18742,1.18762
1747749919608.0,1.18741,1.18761
1747749919859.0,1.18742,1.18762
1747749920510.0,1.18741,1.18761
1747749921382.0,1.18742,1.18762
1747749922843.0,1.18741,1.18761
1747749925006.0,1.1874,1.1876
1747749925257.0,1.18741,1.18761
1747749925754.0,1.1874,1.1876
1747749927419.0,1.18739,1.18759
1747749929776.0,1.1874,1.1876
1747749930277.0,1.18738,1.18758
1747749931609.0,1.18739,1.18759
1747749932608.0,1.1874,1.1876
1747749932858.0,1.18739,1.18759
1747749933655.0,1.18738,1.18758
1747749934159.0,1.18739,1.18759
1747749934657.0,1.18738,1.18758
1747749934906.0,1.18737,1.18757
1747749935158.0,1.18733,1.18753
1747749936064.0,1.18732,1.18752
1747749936815.0,1.18731,1.18751
1747749937063.0,1.18732,1.18752
1747749939468.0,1.18731,1.18751
1747749939968.0,1.18735,1.18755
1747749940467.0,1.18734,1.18754
1747749940971.0,1.18735,1.18755
1747749941224.0,1.18737,1.18757
1747749942040.0,1.18736,1.18756
1747749942297.0,1.1874,1.1876
1747749942540.0,1.18741,1.18761
1747749942791.0,1.1874,1.1876
1747749943040.0,1.18741,1.18761
1747749943540.0,1.1874,1.1876
1747749944540.0,1.18739,1.18759
1747749944788.0,1.1874,1.1876
1747749945148.0,1.18739,1.18759
1747749945399.0,1.18738,1.18758
1747749945896.0,1.18737,1.18757
1747749948115.0,1.18738,1.18758
1747749948960.0,1.18739,1.18759
1747749951374.0,1.18734,1.18764
1747749951874.0,1.18736,1.18756
1747749952124.0,1.18732,1.18762
1747749952377.0,1.18737,1.18757
1747749952623.0,1.18735,1.18755
1747749952871.0,1.18733,1.18753
1747749953378.0,1.18732,1.18752
1747749953627.0,1.18734,1.18754
1747749954399.0,1.18736,1.18756
1747749954650.0,1.18734,1.18754
1747749955400.0,1.18735,1.18755
1747749955649.0,1.18736,1.18756
1747749956153.0,1.18734,1.18754
1747749960113.0,1.18735,1.18755
1747749960364.0,1.18734,1.18754
1747749961371.0,1.18736,1.18756
1747749962370.0,1.18737,1.18757
1747749963154.0,1.18736,1.18756
1747749963902.0,1.18734,1.18754
1747749964455.0,1.18735,1.18755
1747749965662.0,1.18734,1.18754
1747749965913.0,1.18732,1.18752
1747749966415.0,1.18734,1.18754
1747749966914.0,1.18733,1.18753
1747749967163.0,1.18732,1.18752
1747749967664.0,1.18729,1.18749
1747749968165.0,1.18728,1.18748
1747749968829.0,1.18727,1.18747
1747749970206.0,1.18728,1.18748
1747749970700.0,1.18727,1.18747
1747749972064.0,1.18729,1.18749
1747749972561.0,1.18728,1.18748
1747749973060.0,1.18729,1.18749
1747749973560.0,1.18727,1.18747
1747749974059.0,1.18728,1.18748
1747749974559.0,1.18727,1.18747
1747749976363.0,1.18728,1.18748
1747749976866.0,1.18729,1.18749
1747749977362.0,1.18728,1.18748
1747749977614.0,1.18729,1.18749
1747749978281.0,1.1873,1.1875
1747749978777.0,1.18729,1.18749
1747749979280.0,1.18728,1.18748
1747749979530.0,1.18727,1.18747
1747749980240.0,1.18729,1.18749
1747749981239.0,1.18728,1.18748
1747749985619.0,1.18729,1.18749
1747749988469.0,1.1873,1.1875
1747749989587.0,1.18734,1.18754
1747749989836.0,1.18732,1.18752
1747749991498.0,1.18733,1.18753
1747749991997.0,1.18734,1.18754
1747749996978.0,1.18732,1.18752
1747749997978.0,1.18733,1.18753
1747749999713.0,1.18734,1.18754
1747749999962.0,1.18736,1.18756
1747750001401.0,1.18734,1.18754
1747750003618.0,1.18735,1.18755
1747750003866.0,1.18734,1.18754
1747750004885.0,1.18735,1.18755
1747750005134.0,1.18733,1.18753
1747750006133.0,1.18732,1.18752
1747750006982.0,1.1873,1.1875
1747750007232.0,1.18729,1.18749
1747750007720.0,1.1873,1.1875
1747750008217.0,1.18729,1.18749
1747750010084.0,1.18731,1.18751
1747750010586.0,1.18729,1.18749
1747750012349.0,1.18728,1.18748
1747750012848.0,1.18727,1.18747
1747750013103.0,1.18728,1.18748
1747750013599.0,1.18727,1.18747
1747750014439.0,1.18726,1.18746
1747750014941.0,1.18727,1.18747
1747750020882.0,1.18721,1.18751
1747750021380.0,1.18722,1.18752
1747750021630.0,1.18727,1.18747
1747750021883.0,1.18729,1.18749
1747750022629.0,1.1873,1.1875
1747750022879.0,1.18732,1.18752
1747750023127.0,1.1873,1.1875
1747750024132.0,1.18729,1.18749
1747750025253.0,1.18728,1.18748
1747750026991.0,1.18727,1.18747
1747750028189.0,1.18728,1.18748
1747750029054.0,1.18729,1.18749
1747750029306.0,1.1873,1.1875
1747750030149.0,1.18729,1.18749
1747750031084.0,1.1873,1.1875
1747750031328.0,1.18733,1.18753
1747750032113.0,1.18732,1.18752
1747750033616.0,1.1873,1.1875
1747750033863.0,1.18732,1.18752
1747750034365.0,1.18731,1.18751
1747750036127.0,1.18732,1.18752
1747750037271.0,1.18731,1.18751
1747750037513.0,1.18732,1.18752
1747750039067.0,1.1873,1.1875
1747750039585.0,1.18729,1.18749
1747750039840.0,1.18727,1.18747
1747750040088.0,1.18726,1.18746
1747750040333.0,1.18727,1.18747
1747750040946.0,1.18726,1.18746
1747750041195.0,1.18727,1.18747
1747750041443.0,1.18726,1.18746
1747750045881.0,1.18724,1.18744
1747750046131.0,1.18725,1.18745
1747750048682.0,1.18726,1.18746
1747750050289.0,1.18725,1.18745
1747750050539.0,1.18726,1.18746
1747750050782.0,1.18725,1.18745
1747750056679.0,1.18726,1.18746
1747750056933.0,1.18729,1.18749
1747750058041.0,1.18727,1.18747
1747750060074.0,1.18728,1.18748
1747750061431.0,1.18729,1.18749
1747750062683.0,1.18731,1.18751
1747750062931.0,1.1873,1.1875
1747750063432.0,1.18731,1.18751
1747750063682.0,1.18732,1.18752
1747750064462.0,1.1873,1.1875
1747750064711.0,1.18731,1.18751
1747750064955.0,1.18732,1.18752
1747750065456.0,1.18729,1.18749
1747750066349.0,1.18727,1.18747
1747750066849.0,1.18725,1.18745
1747750067104.0,1.18727,1.18747
1747750068911.0,1.18729,1.18749
1747750069158.0,1.18727,1.18747
1747750069409.0,1.18728,1.18748
1747750070182.0,1.18731,1.18751
1747750070433.0,1.18729,1.18749
1747750070932.0,1.18731,1.18751
1747750071184.0,1.18729,1.18749
1747750072095.0,1.18728,1.18748
1747750072348.0,1.18729,1.18749
1747750072596.0,1.18727,1.18747
1747750073100.0,1.18729,1.18749
1747750073350.0,1.18734,1.18754
1747750073599.0,1.18733,1.18753
1747750074475.0,1.18732,1.18752
1747750074724.0,1.18734,1.18754
1747750075474.0,1.18732,1.18752
1747750076738.0,1.18733,1.18753
1747750078161.0,1.18732,1.18752
1747750078412.0,1.18735,1.18755
1747750078662.0,1.18734,1.18754
1747750079257.0,1.18735,1.18755
1747750081366.0,1.18734,1.18754
1747750081868.0,1.18736,1.18756
1747750083380.0,1.18737,1.18757
1747750083628.0,1.18734,1.18754
1747750084379.0,1.18736,1.18756
1747750084628.0,1.18734,1.18754
1747750085755.0,1.18733,1.18753
1747750086004.0,1.18732,1.18752
1747750086250.0,1.18734,1.18754
1747750086501.0,1.18732,1.18752
1747750088952.0,1.18734,1.18754
1747750089452.0,1.18733,1.18753
1747750089703.0,1.18734,1.18754
1747750092028.0,1.18735,1.18755
1747750092558.0,1.18736,1.18756
1747750093056.0,1.18735,1.18755
1747750093308.0,1.18734,1.18754
1747750093557.0,1.18733,1.18753
1747750093807.0,1.18734,1.18754
1747750094311.0,1.18736,1.18756
1747750094882.0,1.18735,1.18755
1747750095132.0,1.18734,1.18754
1747750095382.0,1.18733,1.18753
1747750096132.0,1.18732,1.18752
1747750096892.0,1.18731,1.18751
1747750097886.0,1.18732,1.18752
1747750098383.0,1.18731,1.18751
1747750099379.0,1.18732,1.18752
1747750099631.0,1.18731,1.18751
1747750099879.0,1.18729,1.18749
1747750105999.0,1.18728,1.18748
1747750106968.0,1.18727,1.18747
1747750108378.0,1.18729,1.18749
1747750109388.0,1.1873,1.1875
1747750109639.0,1.18728,1.18748
1747750110134.0,1.18729,1.18749
1747750110386.0,1.18728,1.18748
1747750111915.0,1.18732,1.18752
1747750112164.0,1.18729,1.18749
1747750112409.0,1.18731,1.18751
1747750112656.0,1.18732,1.18752
1747750114311.0,1.18729,1.18749
1747750115100.0,1.18727,1.18747
1747750115350.0,1.18726,1.18746
1747750115601.0,1.18729,1.18749
1747750115850.0,1.18728,1.18748
1747750116656.0,1.18729,1.18749
1747750117655.0,1.18728,1.18748
1747750117909.0,1.18732,1.18752
1747750118158.0,1.18731,1.18751
1747750119407.0,1.18733,1.18753
1747750120268.0,1.18732,1.18752
1747750125277.0,1.18731,1.18751
1747750126278.0,1.1873,1.1875
1747750126778.0,1.18729,1.18749
1747750127777.0,1.18728,1.18748
1747750128781.0,1.18727,1.18747
1747750129877.0,1.18726,1.18746
1747750130381.0,1.18725,1.18745
1747750131129.0,1.18726,1.18746
1747750131669.0,1.18727,1.18747
1747750136119.0,1.18725,1.18745
1747750136900.0,1.18727,1.18747
1747750137151.0,1.18725,1.18745
1747750137400.0,1.18722,1.18742
1747750139308.0,1.18721,1.18741
1747750141046.0,1.18722,1.18742
1747750141295.0,1.18724,1.18744
1747750141849.0,1.18725,1.18745
1747750142600.0,1.18722,1.18742
1747750142848.0,1.18723,1.18743
1747750144801.0,1.18722,1.18742
1747750147089.0,1.18721,1.18741
1747750147868.0,1.18722,1.18742
1747750149104.0,1.18721,1.18741
1747750150181.0,1.18719,1.18739
1747750150682.0,1.18724,1.18744
1747750151460.0,1.18726,1.18746
1747750153089.0,1.18727,1.18747
1747750154596.0,1.18728,1.18748
1747750154842.0,1.18729,1.18749
1747750155342.0,1.1873,1.1875
1747750155592.0,1.18729,1.18749
1747750156440.0,1.18728,1.18748
1747750156998.0,1.18729,1.18749
1747750159510.0,1.18727,1.18747
1747750161436.0,1.18728,1.18748
1747750161933.0,1.18729,1.18749
1747750162184.0,1.18728,1.18748
1747750163683.0,1.18729,1.18749
1747750164458.0,1.18728,1.18748
1747750168511.0,1.18727,1.18747
1747750169640.0,1.18728,1.18748
1747750169885.0,1.18722,1.18752
1747750171125.0,1.18727,1.18747
1747750171373.0,1.18732,1.18752
1747750173010.0,1.18733,1.18753
1747750173260.0,1.18732,1.18752
1747750173509.0,1.1873,1.1875
1747750173761.0,1.18731,1.18751
1747750174009.0,1.18729,1.18749
1747750177395.0,1.1873,1.1875
1747750177970.0,1.18731,1.18751
1747750178219.0,1.18727,1.18747
1747750180635.0,1.18726,1.18746
1747750180888.0,1.18725,1.18745
1747750184951.0,1.18726,1.18746
1747750185452.0,1.18723,1.18743
1747750186505.0,1.18718,1.18738
1747750187008.0,1.18701,1.18731
1747750187259.0,1.18707,1.18737
1747750187508.0,1.18705,1.18735
1747750188008.0,1.18711,1.18731
1747750188262.0,1.1871,1.1873
1747750189265.0,1.18709,1.18729
1747750189512.0,1.18708,1.18728
1747750189757.0,1.18709,1.18729
1747750190009.0,1.18707,1.18727
1747750190260.0,1.18706,1.18726
1747750190754.0,1.18707,1.18727
1747750191671.0,1.18704,1.18724
1747750191920.0,1.18701,1.18721
1747750192418.0,1.18702,1.18722
1747750192667.0,1.18698,1.18718
1747750192920.0,1.187,1.1872
1747750193168.0,1.18699,1.18719
1747750193422.0,1.18703,1.18723
1747750193673.0,1.18698,1.18718
1747750194419.0,1.18701,1.18721
1747750194669.0,1.187,1.1872
1747750194920.0,1.18701,1.18721
1747750195418.0,1.18702,1.18722
1747750197419.0,1.18701,1.18721
1747750198169.0,1.18706,1.18726
1747750199719.0,1.18703,1.18723
1747750200469.0,1.18702,1.18722
1747750200718.0,1.18701,1.18721
1747750201218.0,1.18699,1.18719
1747750201469.0,1.18696,1.18716
1747750201968.0,1.18698,1.18718
1747750202220.0,1.18696,1.18716
1747750202468.0,1.18695,1.18715
1747750202717.0,1.18691,1.18711
1747750203702.0,1.18692,1.18712
1747750203954.0,1.18693,1.18713
1747750204201.0,1.18691,1.18711
1747750204452.0,1.18692,1.18712
1747750204701.0,1.18693,1.18713
1747750204951.0,1.18697,1.18717
1747750205202.0,1.18696,1.18716
1747750205702.0,1.18693,1.18713
1747750205952.0,1.18694,1.18714
1747750206202.0,1.18697,1.18717
1747750206702.0,1.18701,1.18721
1747750206950.0,1.18699,1.18719
1747750207701.0,1.18698,1.18718
1747750208206.0,1.18695,1.18715
1747750208453.0,1.18696,1.18716
1747750208703.0,1.18698,1.18718
1747750209201.0,1.18699,1.18719
1747750209452.0,1.18696,1.18716
1747750211558.0,1.18695,1.18715
1747750211809.0,1.18694,1.18714
1747750212309.0,1.18693,1.18713
1747750213308.0,1.18696,1.18716
1747750213558.0,1.18698,1.18718
1747750214316.0,1.18699,1.18719
1747750214562.0,1.187,1.1872
1747750215439.0,1.18699,1.18719
1747750215688.0,1.18702,1.18722
1747750216727.0,1.18703,1.18723
1747750216978.0,1.18705,1.18725
1747750217883.0,1.18706,1.18726
1747750218134.0,1.18708,1.18728
1747750218383.0,1.1871,1.1873
1747750218882.0,1.18708,1.18728
1747750219133.0,1.1871,1.1873
1747750219380.0,1.18712,1.18732
1747750219880.0,1.18713,1.18733
1747750220131.0,1.18712,1.18732
1747750220381.0,1.18713,1.18733
1747750220880.0,1.18712,1.18732
1747750221129.0,1.18713,1.18733
1747750221632.0,1.18709,1.18729
1747750221888.0,1.18714,1.18734
1747750222141.0,1.18715,1.18735
1747750222385.0,1.18712,1.18732
1747750222635.0,1.18711,1.18731
1747750222880.0,1.18712,1.18732
1747750223131.0,1.18713,1.18733
1747750225095.0,1.18712,1.18732
1747750225347.0,1.1871,1.1873
1747750225596.0,1.18709,1.18729
1747750225845.0,1.18708,1.18728
1747750226346.0,1.18709,1.18729
1747750226596.0,1.18708,1.18728
1747750226846.0,1.18709,1.18729
1747750227346.0,1.18708,1.18728
1747750228346.0,1.18709,1.18729
1747750230387.0,1.18708,1.18728
1747750230636.0,1.18709,1.18729
1747750231418.0,1.18708,1.18728
1747750231667.0,1.18709,1.18729
1747750232167.0,1.18708,1.18728
1747750233631.0,1.18706,1.18726
1747750236044.0,1.18697,1.18727
1747750236292.0,1.18704,1.18724
1747750236543.0,1.18705,1.18725
1747750237846.0,1.18703,1.18723
1747750239268.0,1.18701,1.18721
1747750239519.0,1.18703,1.18723
1747750239769.0,1.187,1.1872
1747750240552.0,1.18701,1.18721
1747750241046.0,1.18703,1.18723
1747750242017.0,1.18701,1.18721
1747750242267.0,1.18699,1.18719
1747750243123.0,1.187,1.1872
1747750243376.0,1.18699,1.18719
1747750243876.0,1.187,1.1872
1747750244520.0,1.18699,1.18719
1747750244771.0,1.18701,1.18721
1747750245773.0,1.187,1.1872
1747750246022.0,1.18701,1.18721
1747750248156.0,1.18705,1.18725
1747750249468.0,1.18706,1.18726
1747750250212.0,1.18705,1.18725
1747750250463.0,1.18703,1.18723
1747750250961.0,1.18705,1.18725
1747750251462.0,1.18704,1.18724
1747750251710.0,1.18706,1.18726
1747750252668.0,1.18708,1.18728
1747750253661.0,1.18707,1.18727
1747750254419.0,1.18708,1.18728
1747750255225.0,1.18706,1.18726
1747750255475.0,1.18701,1.18721
1747750256102.0,1.18699,1.18719
1747750256351.0,1.18701,1.18721
1747750257100.0,1.18703,1.18723
1747750257349.0,1.18705,1.18725
1747750258017.0,1.18704,1.18724
1747750258516.0,1.18703,1.18723
1747750259154.0,1.18698,1.18728
1747750259648.0,1.18701,1.18731
1747750260801.0,1.18708,1.18728
1747750261052.0,1.18702,1.18732
1747750261549.0,1.18708,1.18728
1747750261798.0,1.18707,1.18727
1747750262550.0,1.18708,1.18728
1747750263183.0,1.1871,1.1873
1747750264188.0,1.18711,1.18731
1747750264440.0,1.18713,1.18733
1747750264688.0,1.18712,1.18732
1747750264943.0,1.18706,1.18736
1747750265193.0,1.18705,1.18735
1747750266509.0,1.18713,1.18733
1747750266758.0,1.18714,1.18734
1747750267262.0,1.18708,1.18738
1747750267511.0,1.18716,1.18736
1747750268102.0,1.1871,1.1874
1747750268353.0,1.18717,1.18737
1747750269358.0,1.18712,1.18742
1747750270354.0,1.1871,1.1874
1747750271763.0,1.18715,1.18735
1747750272348.0,1.18716,1.18736
1747750272848.0,1.18712,1.18732
1747750273098.0,1.18706,1.18736
1747750273349.0,1.18715,1.18735
1747750273598.0,1.18716,1.18736
1747750275277.0,1.18712,1.18742
1747750275526.0,1.1871,1.1874
1747750276792.0,1.18712,1.18742
1747750277041.0,1.18713,1.18743
1747750277292.0,1.18718,1.18738
1747750278048.0,1.18719,1.18739
1747750279051.0,1.18718,1.18738
1747750279298.0,1.18717,1.18737
1747750280356.0,1.18716,1.18736
1747750280603.0,1.18717,1.18737
1747750280847.0,1.18716,1.18736
1747750281100.0,1.18715,1.18735
1747750281351.0,1.18714,1.18734
1747750281589.0,1.18715,1.18735
1747750286694.0,1.18716,1.18736
1747750286952.0,1.18717,1.18737
1747750287201.0,1.18718,1.18738
1747750287687.0,1.18717,1.18737
1747750287947.0,1.18716,1.18736
1747750288198.0,1.1871,1.1874
1747750288448.0,1.18712,1.18742
1747750290201.0,1.18711,1.18741
1747750290450.0,1.1871,1.1874
1747750293023.0,1.18708,1.18738
1747750293277.0,1.18715,1.18735
1747750293526.0,1.18708,1.18738
1747750293775.0,1.18715,1.18735
1747750295432.0,1.1871,1.1874
1747750296209.0,1.18715,1.18735
1747750298110.0,1.18718,1.18738
1747750300698.0,1.1872,1.1874
1747750301448.0,1.18718,1.18738
1747750302527.0,1.18719,1.18739
1747750304089.0,1.18718,1.18738
1747750304583.0,1.18717,1.18737
1747750305073.0,1.18718,1.18738
1747750305322.0,1.18724,1.18744
1747750305840.0,1.18723,1.18743
1747750306715.0,1.18724,1.18744
1747750307208.0,1.18722,1.18742
1747750307457.0,1.18721,1.18741
1747750307707.0,1.1872,1.1874
1747750308984.0,1.18722,1.18742
1747750310796.0,1.18723,1.18743
1747750311046.0,1.18727,1.18747
1747750311957.0,1.18726,1.18746
1747750313571.0,1.18725,1.18745
1747750314323.0,1.18726,1.18746
1747750314948.0,1.18727,1.18747
1747750316687.0,1.18725,1.18745
1747750316939.0,1.18724,1.18744
1747750317200.0,1.18725,1.18745
1747750318221.0,1.18723,1.18743
1747750320196.0,1.18722,1.18742
1747750320449.0,1.18724,1.18744
1747750320696.0,1.18723,1.18743
1747750321446.0,1.18724,1.18744
1747750321696.0,1.18725,1.18745
1747750322203.0,1.18723,1.18743
1747750322953.0,1.18724,1.18744
1747750323204.0,1.18725,1.18745
1747750323961.0,1.18727,1.18747
1747750324210.0,1.18728,1.18748
1747750324704.0,1.18729,1.18749
1747750325699.0,1.1873,1.1875
1747750325956.0,1.18727,1.18747
1747750326206.0,1.18728,1.18748
1747750326454.0,1.18727,1.18747
1747750327950.0,1.18728,1.18748
1747750328199.0,1.18729,1.18749
1747750328987.0,1.18728,1.18748
1747750329490.0,1.18729,1.18749
1747750329987.0,1.18723,1.18743
1747750330488.0,1.18724,1.18744
1747750330739.0,1.18725,1.18745
1747750331240.0,1.18724,1.18744
1747750331487.0,1.18725,1.18745
1747750332869.0,1.18727,1.18747
1747750335197.0,1.18725,1.18745
1747750335448.0,1.18727,1.18747
1747750338069.0,1.18725,1.18745
1747750338321.0,1.18727,1.18747
1747750338819.0,1.18729,1.18749
1747750339317.0,1.18728,1.18748
1747750340124.0,1.18729,1.18749
1747750340376.0,1.1873,1.1875
1747750340875.0,1.18731,1.18751
1747750341373.0,1.18732,1.18752
1747750342327.0,1.1873,1.1875
1747750342851.0,1.18729,1.18749
1747750343350.0,1.18731,1.18751
1747750344099.0,1.18729,1.18749
1747750344350.0,1.18731,1.18751
1747750346135.0,1.18729,1.18749
1747750346678.0,1.1873,1.1875
1747750346929.0,1.18731,1.18751
1747750347678.0,1.1873,1.1875
1747750348179.0,1.18729,1.18749
1747750348928.0,1.1873,1.1875
1747750349179.0,1.18729,1.18749
1747750351208.0,1.18728,1.18748
1747750351707.0,1.18727,1.18747
1747750352995.0,1.1873,1.1875
1747750354485.0,1.18729,1.18749
1747750356233.0,1.1873,1.1875
1747750357041.0,1.18729,1.18749
1747750359154.0,1.18728,1.18748
1747750359403.0,1.18732,1.18752
1747750359654.0,1.18729,1.18749
1747750360406.0,1.1873,1.1875
1747750361226.0,1.18732,1.18752
1747750361475.0,1.18731,1.18751
1747750361720.0,1.18732,1.18752
1747750364925.0,1.18728,1.18758
1747750366340.0,1.18729,1.18759
1747750366588.0,1.18733,1.18753
1747750367335.0,1.18728,1.18758
1747750369624.0,1.18727,1.18757
1747750370008.0,1.18729,1.18759
1747750370258.0,1.18727,1.18757
1747750373374.0,1.18728,1.18758
1747750374452.0,1.18727,1.18757
1747750374700.0,1.18729,1.18759
1747750374952.0,1.18734,1.18754
1747750375200.0,1.18731,1.18751
1747750375449.0,1.1873,1.1875
1747750375700.0,1.18731,1.18751
1747750375951.0,1.18727,1.18757
1747750376200.0,1.18732,1.18752
1747750378976.0,1.18729,1.18759
1747750379226.0,1.18728,1.18758
1747750379896.0,1.18726,1.18756
1747750380146.0,1.18725,1.18755
1747750380645.0,1.18723,1.18743
1747750380895.0,1.18714,1.18744
1747750381145.0,1.1872,1.1874
1747750381396.0,1.18722,1.18742
1747750381645.0,1.1872,1.1874
1747750381895.0,1.18722,1.18742
1747750382896.0,1.1872,1.1874
1747750383653.0,1.18721,1.18741
1747750383899.0,1.1872,1.1874
1747750384395.0,1.18717,1.18737
1747750384644.0,1.18714,1.18734
1747750384895.0,1.18715,1.18735
1747750385946.0,1.18713,1.18733
1747750386196.0,1.18714,1.18734
1747750386696.0,1.18713,1.18733
1747750386947.0,1.18716,1.18736
1747750387195.0,1.18715,1.18735
1747750388939.0,1.18716,1.18736
1747750389689.0,1.18717,1.18737
1747750389940.0,1.18718,1.18738
1747750390189.0,1.18722,1.18742
1747750390688.0,1.18721,1.18741
1747750391858.0,1.18722,1.18742
1747750392107.0,1.18721,1.18741
1747750392354.0,1.18722,1.18742
1747750392608.0,1.1872,1.1874
1747750392858.0,1.18718,1.18738
1747750393103.0,1.18717,1.18737
1747750393354.0,1.18718,1.18738
1747750393854.0,1.18714,1.18734
1747750394104.0,1.18713,1.18733
1747750395369.0,1.18714,1.18734
1747750397098.0,1.18715,1.18735
1747750397349.0,1.18714,1.18734
1747750397596.0,1.18716,1.18736
1747750397846.0,1.18714,1.18734
1747750400873.0,1.18712,1.18732
1747750401124.0,1.1871,1.1873
1747750403538.0,1.18711,1.18731
1747750403789.0,1.18707,1.18727
1747750404041.0,1.18706,1.18726
1747750405789.0,1.18707,1.18727
1747750406041.0,1.18708,1.18728
1747750406288.0,1.18709,1.18729
1747750406540.0,1.18708,1.18728
1747750408166.0,1.18709,1.18729
1747750408411.0,1.18712,1.18732
1747750408657.0,1.1871,1.1873
1747750409418.0,1.18711,1.18731
1747750410113.0,1.18712,1.18732
1747750410361.0,1.18711,1.18731
1747750412239.0,1.18712,1.18732
1747750412743.0,1.18708,1.18728
1747750413242.0,1.18706,1.18726
1747750413491.0,1.18707,1.18727
1747750413742.0,1.18708,1.18728
1747750414492.0,1.18707,1.18727
1747750414741.0,1.18708,1.18728
1747750415740.0,1.18709,1.18729
1747750416355.0,1.18708,1.18728
1747750416617.0,1.18709,1.18729
1747750416853.0,1.18706,1.18726
1747750417600.0,1.18707,1.18727
1747750418099.0,1.18706,1.18726
1747750418849.0,1.18705,1.18725
1747750419097.0,1.18706,1.18726
1747750419759.0,1.18707,1.18727
1747750420824.0,1.18708,1.18728
1747750422156.0,1.18706,1.18726
1747750424514.0,1.18707,1.18727
1747750425015.0,1.18708,1.18728
1747750425264.0,1.18709,1.18729
1747750425514.0,1.1871,1.1873
1747750426370.0,1.18712,1.18732
1747750426869.0,1.18708,1.18728
1747750427372.0,1.18709,1.18729
1747750428152.0,1.1871,1.1873
1747750428401.0,1.18709,1.18729
1747750429423.0,1.1871,1.1873
1747750429674.0,1.18712,1.18732
1747750429928.0,1.1871,1.1873
1747750430191.0,1.18713,1.18733
1747750433041.0,1.1871,1.1873
1747750433290.0,1.18709,1.18729
1747750434081.0,1.18708,1.18728
1747750435509.0,1.18707,1.18727
1747750435758.0,1.18706,1.18726
1747750436008.0,1.18705,1.18725
1747750436258.0,1.18704,1.18724
1747750437152.0,1.18705,1.18725
1747750438072.0,1.18706,1.18726
1747750439404.0,1.18704,1.18724
1747750439904.0,1.18702,1.18722
1747750441068.0,1.18701,1.18721
1747750441319.0,1.18699,1.18719
1747750442483.0,1.18702,1.18722
1747750443732.0,1.18701,1.18721
1747750444483.0,1.18702,1.18722
1747750445953.0,1.18706,1.18726
1747750446203.0,1.18704,1.18724
1747750446710.0,1.18706,1.18726
1747750446960.0,1.18703,1.18723
1747750447204.0,1.18704,1.18724
1747750447703.0,1.18703,1.18723
1747750447952.0,1.18705,1.18725
1747750448208.0,1.18704,1.18724
1747750448454.0,1.18701,1.18721
1747750449203.0,1.187,1.1872
1747750449453.0,1.18699,1.18719
1747750450091.0,1.18701,1.18721
1747750450341.0,1.18699,1.18719
1747750451375.0,1.18698,1.18718
1747750452117.0,1.18699,1.18719
1747750454141.0,1.18701,1.18721
1747750454910.0,1.18699,1.18719
1747750456026.0,1.18698,1.18718
1747750456528.0,1.18699,1.18719
1747750456777.0,1.18698,1.18718
1747750458013.0,1.18697,1.18717
1747750458266.0,1.18696,1.18716
1747750458518.0,1.18694,1.18714
1747750459268.0,1.18693,1.18713
1747750459519.0,1.18691,1.18711
1747750460766.0,1.18692,1.18712
1747750461266.0,1.18691,1.18711
1747750461515.0,1.18692,1.18712
1747750462016.0,1.18691,1.18711
1747750462266.0,1.18693,1.18713
1747750463324.0,1.18696,1.18716
1747750463573.0,1.18695,1.18715
1747750463825.0,1.18696,1.18716
1747750464308.0,1.18697,1.18717
1747750464808.0,1.18696,1.18716
1747750466279.0,1.18697,1.18717
1747750467279.0,1.18698,1.18718
1747750467778.0,1.18696,1.18716
1747750468028.0,1.18695,1.18715
1747750468279.0,1.18693,1.18713
1747750468779.0,1.18694,1.18714
1747750469682.0,1.18695,1.18715
1747750469929.0,1.18696,1.18716
1747750470819.0,1.18697,1.18717
1747750471633.0,1.18696,1.18716
1747750473940.0,1.18698,1.18718
1747750474187.0,1.18696,1.18716
1747750476336.0,1.18698,1.18718
1747750477485.0,1.18697,1.18717
1747750477736.0,1.18698,1.18718
1747750478240.0,1.18696,1.18716
1747750479776.0,1.18697,1.18717
1747750480025.0,1.18699,1.18719
1747750480281.0,1.18701,1.18721
1747750481526.0,1.187,1.1872
1747750482080.0,1.18699,1.18719
1747750482329.0,1.187,1.1872
1747750483560.0,1.18701,1.18721
1747750484886.0,1.18699,1.18719
1747750486932.0,1.18701,1.18721
1747750487182.0,1.18702,1.18722
1747750487719.0,1.18703,1.18723
1747750489720.0,1.18704,1.18724
1747750491780.0,1.18705,1.18725
1747750492031.0,1.18701,1.18721
1747750492927.0,1.18702,1.18722
1747750493823.0,1.18703,1.18723
1747750495060.0,1.18702,1.18722
1747750495311.0,1.18703,1.18723
1747750495560.0,1.18704,1.18724
1747750496969.0,1.18703,1.18723
1747750499315.0,1.18702,1.18722
1747750499816.0,1.18701,1.18721
1747750500566.0,1.18699,1.18719
1747750501721.0,1.18698,1.18718
1747750502970.0,1.18697,1.18717
1747750503719.0,1.18696,1.18716
1747750505170.0,1.18694,1.18714
1747750506657.0,1.18695,1.18715
1747750507200.0,1.18694,1.18714
1747750507448.0,1.18692,1.18712
1747750507697.0,1.18695,1.18715
1747750508443.0,1.18694,1.18714
1747750509569.0,1.18695,1.18715
1747750509820.0,1.18694,1.18714
1747750510070.0,1.18695,1.18715
1747750510321.0,1.18696,1.18716
1747750510821.0,1.18694,1.18714
1747750511802.0,1.18696,1.18716
1747750512050.0,1.18694,1.18714
1747750512590.0,1.18695,1.18715
1747750513592.0,1.18694,1.18714
1747750514842.0,1.18696,1.18716
1747750515093.0,1.18694,1.18714
1747750515889.0,1.18696,1.18716
1747750516391.0,1.18698,1.18718
1747750518210.0,1.18696,1.18716
1747750518462.0,1.18697,1.18717
1747750519227.0,1.18696,1.18716
1747750521069.0,1.18694,1.18714
1747750521570.0,1.18696,1.18716
1747750521819.0,1.18695,1.18715
1747750522070.0,1.18696,1.18716
1747750524511.0,1.18698,1.18718
1747750525016.0,1.18695,1.18715
1747750526007.0,1.18694,1.18714
1747750526252.0,1.18689,1.18719
1747750529485.0,1.18694,1.18714
1747750529730.0,1.18696,1.18716
1747750529965.0,1.18695,1.18715
1747750530218.0,1.18697,1.18717
1747750531140.0,1.18698,1.18718
1747750533243.0,1.18693,1.18723
1747750533742.0,1.18698,1.18718
1747750534242.0,1.18692,1.18722
1747750534492.0,1.18698,1.18718
1747750535242.0,1.18701,1.18721
1747750535992.0,1.18698,1.18718
1747750536704.0,1.18693,1.18723
1747750537201.0,1.18696,1.18726
1747750537451.0,1.18698,1.18718
1747750537702.0,1.187,1.1872
1747750538487.0,1.18694,1.18724
1747750538736.0,1.18693,1.18723
1747750538987.0,1.18698,1.18718
1747750540236.0,1.18701,1.18721
1747750541653.0,1.187,1.1873
1747750541908.0,1.18701,1.18721
1747750542155.0,1.18702,1.18722
1747750542406.0,1.18701,1.18721
1747750542656.0,1.18698,1.18728
1747750542903.0,1.18703,1.18723
1747750544025.0,1.18699,1.18729
1747750547175.0,1.18703,1.18723
1747750547424.0,1.18705,1.18725
1747750548014.0,1.18703,1.18723
1747750548265.0,1.18705,1.18725
1747750548766.0,1.18706,1.18726
1747750549642.0,1.18705,1.18735
1747750549891.0,1.18703,1.18733
1747750550142.0,1.18704,1.18734
1747750550393.0,1.18703,1.18733
1747750550641.0,1.18709,1.18729
1747750551139.0,1.18708,1.18728
1747750551637.0,1.18705,1.18725
1747750552982.0,1.18699,1.18729
1747750553233.0,1.18708,1.18728
1747750554817.0,1.18711,1.18731
1747750555067.0,1.18703,1.18733
1747750555566.0,1.18705,1.18735
1747750556060.0,1.18708,1.18728
1747750556906.0,1.18705,1.18735
1747750558193.0,1.18709,1.18729
1747750560818.0,1.18706,1.18736
1747750563005.0,1.18705,1.18735
1747750564233.0,1.1871,1.1873
1747750564478.0,1.18709,1.18729
1747750565287.0,1.18706,1.18736
1747750565782.0,1.1871,1.1873
1747750566733.0,1.18704,1.18734
1747750566984.0,1.18703,1.18733
1747750567234.0,1.18705,1.18735
1747750572829.0,1.18704,1.18734
1747750574327.0,1.18705,1.18735
1747750576673.0,1.18706,1.18736
1747750576922.0,1.18713,1.18733
1747750577928.0,1.18715,1.18735
1747750578431.0,1.1871,1.1873
1747750578677.0,1.18709,1.18729
1747750579720.0,1.18708,1.18728
1747750579973.0,1.18706,1.18726
1747750580466.0,1.18705,1.18725
1747750580719.0,1.18706,1.18726
1747750581214.0,1.18705,1.18725
1747750581464.0,1.18707,1.18727
1747750582012.0,1.18708,1.18728
1747750582764.0,1.18709,1.18729
1747750583015.0,1.18708,1.18728
1747750583264.0,1.18709,1.18729
1747750588976.0,1.18708,1.18728
1747750590819.0,1.18705,1.18725
1747750591069.0,1.18704,1.18724
1747750591320.0,1.18705,1.18725
1747750593574.0,1.18703,1.18723
1747750594578.0,1.18702,1.18722
1747750595557.0,1.18703,1.18723
1747750596308.0,1.18706,1.18726
1747750596559.0,1.18707,1.18727
1747750597315.0,1.18706,1.18726
1747750600748.0,1.18709,1.18729
1747750601698.0,1.1871,1.1873
1747750604019.0,1.18711,1.18731
1747750604270.0,1.18709,1.18729
1747750604519.0,1.18707,1.18727
1747750605513.0,1.18706,1.18726
1747750609199.0,1.18707,1.18727
1747750609449.0,1.18706,1.18726
1747750609696.0,1.18704,1.18724
1747750609944.0,1.18703,1.18723
1747750610195.0,1.18706,1.18726
1747750610445.0,1.18708,1.18728
1747750611420.0,1.18706,1.18726
1747750612060.0,1.18707,1.18727
1747750613058.0,1.18708,1.18728
1747750614058.0,1.18707,1.18727
1747750614308.0,1.18708,1.18728
1747750614557.0,1.18705,1.18725
1747750615059.0,1.18704,1.18724
1747750615309.0,1.18705,1.18725
1747750615560.0,1.18704,1.18724
1747750615808.0,1.18705,1.18725
1747750616060.0,1.18706,1.18726
1747750616307.0,1.18707,1.18727
1747750616808.0,1.18706,1.18726
1747750617062.0,1.18707,1.18727
1747750617364.0,1.18706,1.18726
1747750617614.0,1.18707,1.18727
1747750620948.0,1.18706,1.18726
1747750623160.0,1.18705,1.18725
1747750623411.0,1.18703,1.18723
1747750625117.0,1.18704,1.18724
1747750625367.0,1.18706,1.18726
1747750625618.0,1.18705,1.18725
1747750628348.0,1.18704,1.18724
1747750628598.0,1.18705,1.18725
1747750629150.0,1.18706,1.18726
1747750629400.0,1.18705,1.18725
1747750630147.0,1.18706,1.18726
1747750630897.0,1.18704,1.18724
1747750631148.0,1.18703,1.18723
1747750634240.0,1.18704,1.18724
1747750634736.0,1.18706,1.18726
1747750634986.0,1.18705,1.18725
1747750635236.0,1.18706,1.18726
1747750636173.0,1.18708,1.18728
1747750636428.0,1.18707,1.18727
1747750636918.0,1.18708,1.18728
1747750637471.0,1.18711,1.18731
1747750637721.0,1.18706,1.18726
1747750637970.0,1.18705,1.18725
1747750638473.0,1.18703,1.18723
1747750638721.0,1.18705,1.18725
1747750638971.0,1.18704,1.18724
1747750639790.0,1.18705,1.18725
1747750640818.0,1.18704,1.18724
1747750641069.0,1.18705,1.18725
1747750641762.0,1.18706,1.18726
1747750642012.0,1.18707,1.18727
1747750642263.0,1.18708,1.18728
1747750644398.0,1.18707,1.18727
1747750644648.0,1.18706,1.18726
1747750647252.0,1.18708,1.18728
1747750648674.0,1.18706,1.18726
1747750650840.0,1.18704,1.18724
1747750651089.0,1.18703,1.18723
1747750652335.0,1.18702,1.18722
1747750652581.0,1.187,1.1872
1747750652830.0,1.18702,1.18722
1747750653081.0,1.18703,1.18723
1747750654102.0,1.18708,1.18728
1747750654351.0,1.18707,1.18727
1747750654870.0,1.18708,1.18728
1747750655121.0,1.1871,1.1873
1747750656598.0,1.18713,1.18733
1747750656848.0,1.18711,1.18731
1747750657098.0,1.1871,1.1873
1747750657348.0,1.18711,1.18731
1747750658099.0,1.1871,1.1873
1747750658598.0,1.18711,1.18731
1747750659108.0,1.18713,1.18733
1747750659354.0,1.1871,1.1873
1747750659603.0,1.18711,1.18731
1747750661931.0,1.18708,1.18728
1747750662181.0,1.18709,1.18729
1747750662509.0,1.18708,1.18728
1747750662758.0,1.18706,1.18726
1747750663296.0,1.18707,1.18727
1747750663794.0,1.18706,1.18726
1747750664295.0,1.18708,1.18728
1747750665243.0,1.1871,1.1873
1747750665492.0,1.18712,1.18732
1747750666488.0,1.1871,1.1873
1747750668765.0,1.18712,1.18732
1747750669468.0,1.18713,1.18733
1747750669718.0,1.18712,1.18732
1747750670322.0,1.18713,1.18733
1747750670822.0,1.18711,1.18731
1747750671073.0,1.18713,1.18733
1747750671708.0,1.18714,1.18734
1747750671959.0,1.18713,1.18733
1747750672459.0,1.18708,1.18728
1747750672707.0,1.1871,1.1873
1747750672957.0,1.18712,1.18732
1747750674066.0,1.18714,1.18734
1747750674314.0,1.18715,1.18735
1747750674560.0,1.18713,1.18733
1747750677858.0,1.18712,1.18732
1747750680207.0,1.18713,1.18733
1747750681211.0,1.18715,1.18735
1747750681464.0,1.18717,1.18737
1747750681710.0,1.18715,1.18735
1747750682211.0,1.18716,1.18736
1747750682706.0,1.18715,1.18735
1747750683730.0,1.18718,1.18738
1747750684723.0,1.18717,1.18737
1747750685225.0,1.18718,1.18738
1747750685473.0,1.18717,1.18737
1747750685724.0,1.18719,1.18739
1747750685974.0,1.18718,1.18738
1747750687653.0,1.18719,1.18739
1747750688801.0,1.1872,1.1874
1747750689049.0,1.18718,1.18738
1747750690871.0,1.18719,1.18739
1747750692247.0,1.1872,1.1874
1747750692497.0,1.18719,1.18739
1747750692998.0,1.18718,1.18738
1747750693497.0,1.1872,1.1874
1747750693998.0,1.18718,1.18738
1747750694925.0,1.18717,1.18737
1747750695174.0,1.18718,1.18738
1747750696186.0,1.18717,1.18737
1747750696941.0,1.18718,1.18738
1747750697574.0,1.18719,1.18739
1747750697824.0,1.18721,1.18741
1747750698730.0,1.1872,1.1874
1747750700819.0,1.18719,1.18739
1747750701589.0,1.18718,1.18738
1747750702411.0,1.18719,1.18739
1747750702663.0,1.18722,1.18742
1747750703163.0,1.18721,1.18741
1747750705633.0,1.1872,1.1874
1747750707381.0,1.18721,1.18741
1747750707881.0,1.18722,1.18742
1747750708132.0,1.18721,1.18741
1747750708631.0,1.18722,1.18742
1747750710632.0,1.18724,1.18744
1747750710882.0,1.18722,1.18742
1747750711904.0,1.18723,1.18743
1747750712455.0,1.18722,1.18742
1747750712705.0,1.18721,1.18741
1747750713210.0,1.18722,1.18742
1747750713704.0,1.18721,1.18741
1747750713954.0,1.18722,1.18742
1747750714650.0,1.18721,1.18741
1747750715599.0,1.18722,1.18742
1747750716351.0,1.18725,1.18745
1747750716600.0,1.18723,1.18743
1747750717342.0,1.18724,1.18744
1747750717845.0,1.18725,1.18745
1747750718591.0,1.18727,1.18747
1747750720337.0,1.18726,1.18746
1747750720873.0,1.18725,1.18745
1747750721123.0,1.18726,1.18746
1747750721622.0,1.18725,1.18745
1747750722073.0,1.18724,1.18744
1747750722329.0,1.18725,1.18745
1747750726785.0,1.1872,1.1874
1747750727035.0,1.18721,1.18741
1747750727286.0,1.18722,1.18742
1747750731399.0,1.18723,1.18743
1747750731648.0,1.18718,1.18748
1747750732626.0,1.18723,1.18743
1747750732882.0,1.18724,1.18744
1747750733980.0,1.18723,1.18743
1747750734228.0,1.1872,1.1874
1747750734980.0,1.18722,1.18742
1747750735230.0,1.18717,1.18747
1747750735479.0,1.18723,1.18743
1747750736522.0,1.18717,1.18747
1747750737270.0,1.18722,1.18742
1747750737770.0,1.18718,1.18748
1747750738760.0,1.18717,1.18747
1747750740213.0,1.18722,1.18742
1747750741649.0,1.18717,1.18747
1747750741899.0,1.1872,1.1874
1747750742153.0,1.18721,1.18741
1747750742402.0,1.18719,1.18739
1747750744034.0,1.1872,1.1874
1747750744285.0,1.18719,1.18739
1747750744535.0,1.18717,1.18737
1747750745032.0,1.18712,1.18742
1747750746959.0,1.18718,1.18738
1747750748193.0,1.18717,1.18737
1747750749062.0,1.18713,1.18743
1747750749311.0,1.18718,1.18738
1747750749840.0,1.18713,1.18743
1747750751081.0,1.18718,1.18738
1747750751331.0,1.18712,1.18742
1747750751581.0,1.18713,1.18743
1747750752081.0,1.18712,1.18742
1747750752330.0,1.18717,1.18737
1747750753190.0,1.18718,1.18738
1747750755877.0,1.18712,1.18742
1747750756134.0,1.18719,1.18739
1747750757049.0,1.18723,1.18743
1747750758085.0,1.18725,1.18745
1747750758585.0,1.18721,1.18751
1747750759152.0,1.1872,1.1875
1747750759403.0,1.18717,1.18747
1747750759899.0,1.18723,1.18743
1747750760150.0,1.18722,1.18742
1747750760401.0,1.18723,1.18743
1747750761188.0,1.18722,1.18742
1747750761435.0,1.18721,1.18741
1747750762224.0,1.18722,1.18742
1747750763219.0,1.1872,1.1874
1747750763469.0,1.18721,1.18741
1747750763718.0,1.1872,1.1874
1747750764217.0,1.18719,1.18739
1747750764467.0,1.18718,1.18738
1747750764967.0,1.18719,1.18739
1747750765216.0,1.18718,1.18738
1747750765467.0,1.18719,1.18739
1747750768450.0,1.18718,1.18738
1747750769435.0,1.18719,1.18739
1747750770089.0,1.1872,1.1874
1747750770582.0,1.18722,1.18742
1747750773445.0,1.18721,1.18741
1747750773691.0,1.18723,1.18743
1747750773943.0,1.18722,1.18742
1747750774442.0,1.18724,1.18744
1747750775201.0,1.18725,1.18745
1747750776473.0,1.18724,1.18744
1747750776980.0,1.18726,1.18746
1747750777229.0,1.18725,1.18745
1747750777479.0,1.1872,1.1875
1747750778224.0,1.18719,1.18749
1747750778473.0,1.1872,1.1875
1747750779350.0,1.18725,1.18745
1747750783932.0,1.18722,1.18752
1747750784523.0,1.18726,1.18746
1747750785101.0,1.18727,1.18747
1747750785348.0,1.18726,1.18756
1747750785598.0,1.18729,1.18749
1747750786233.0,1.1873,1.1875
1747750786727.0,1.18723,1.18753
1747750787503.0,1.18726,1.18746
1747750787753.0,1.18727,1.18747
1747750788753.0,1.18728,1.18748
1747750789256.0,1.18727,1.18747
1747750789503.0,1.18728,1.18748
1747750789753.0,1.18726,1.18746
1747750790004.0,1.18727,1.18747
1747750790253.0,1.18725,1.18745
1747750790503.0,1.18722,1.18742
1747750790754.0,1.18725,1.18745
1747750791004.0,1.18723,1.18743
1747750791253.0,1.18725,1.18745
1747750791503.0,1.18722,1.18742
1747750791754.0,1.18726,1.18746
1747750792253.0,1.18725,1.18745
1747750793327.0,1.18727,1.18747
1747750794674.0,1.18726,1.18746
1747750795421.0,1.18721,1.18751
1747750795719.0,1.18725,1.18745
1747750796470.0,1.18724,1.18744
1747750796969.0,1.18725,1.18745
1747750798051.0,1.18722,1.18742
1747750799267.0,1.18723,1.18743
1747750800433.0,1.18725,1.18745
1747750801516.0,1.18724,1.18744
1747750801768.0,1.18723,1.18743
1747750802020.0,1.18725,1.18745
1747750803020.0,1.18719,1.18739
1747750805948.0,1.18718,1.18738
1747750806198.0,1.1872,1.1874
1747750806448.0,1.18719,1.18739
1747750806699.0,1.18718,1.18738
1747750807198.0,1.1872,1.1874
1747750807450.0,1.18717,1.18737
1747750807700.0,1.18718,1.18738
1747750808891.0,1.18715,1.18735
1747750809141.0,1.18717,1.18737
1747750811081.0,1.18718,1.18738
1747750812613.0,1.18716,1.18736
1747750813611.0,1.18717,1.18737
1747750814612.0,1.18718,1.18738
1747750815363.0,1.1872,1.1874
1747750816123.0,1.18722,1.18742
1747750817668.0,1.18723,1.18743
1747750822663.0,1.18722,1.18742
1747750822915.0,1.1872,1.1874
1747750823169.0,1.18721,1.18741
1747750823949.0,1.18722,1.18742
1747750824444.0,1.1872,1.1874
1747750824692.0,1.18722,1.18742
1747750825754.0,1.18724,1.18744
1747750828279.0,1.18718,1.18748
1747750828530.0,1.18721,1.18741
1747750829280.0,1.1872,1.1874
1747750832799.0,1.18721,1.18741
1747750833051.0,1.18717,1.18737
1747750833541.0,1.18718,1.18738
1747750836178.0,1.18716,1.18736
1747750837056.0,1.18717,1.18737
1747750837307.0,1.18712,1.18742
1747750837552.0,1.18717,1.18737
1747750837803.0,1.18718,1.18738
1747750838302.0,1.18719,1.18739
1747750838552.0,1.18718,1.18738
1747750842175.0,1.18715,1.18745
1747750842674.0,1.18719,1.18739
1747750845473.0,1.18718,1.18738
1747750846555.0,1.18719,1.18739
1747750851980.0,1.18718,1.18738
1747750854028.0,1.18713,1.18733
1747750854779.0,1.18715,1.18735
1747750855029.0,1.18716,1.18736
1747750855848.0,1.18717,1.18737
1747750856854.0,1.18716,1.18736
1747750857849.0,1.18717,1.18737
1747750859467.0,1.18718,1.18738
1747750860378.0,1.18714,1.18734
1747750860627.0,1.18713,1.18733
1747750861128.0,1.18714,1.18734
1747750861380.0,1.18715,1.18735
1747750862799.0,1.18717,1.18737
1747750865077.0,1.18718,1.18738
1747750865327.0,1.1872,1.1874
1747750867919.0,1.18722,1.18742
1747750870464.0,1.18723,1.18743
1747750871081.0,1.18722,1.18742
1747750871331.0,1.18723,1.18743
1747750872719.0,1.18722,1.18742
1747750873834.0,1.18723,1.18743
1747750874339.0,1.18722,1.18742
1747750874910.0,1.18721,1.18741
1747750878928.0,1.1872,1.1874
1747750879527.0,1.18721,1.18741
1747750879777.0,1.1872,1.1874
1747750880021.0,1.18721,1.18741
1747750880519.0,1.18722,1.18742
1747750881021.0,1.18726,1.18746
1747750881271.0,1.18725,1.18745
1747750881868.0,1.18726,1.18746
1747750882118.0,1.18724,1.18744
1747750882368.0,1.18725,1.18745
1747750883775.0,1.18724,1.18744
1747750884025.0,1.18725,1.18745
1747750896255.0,1.18727,1.18747
1747750896504.0,1.18726,1.18746
1747750897347.0,1.18727,1.18747
1747750902492.0,1.18728,1.18748
1747750903070.0,1.18727,1.18747
1747750903322.0,1.18725,1.18745
1747750903574.0,1.18723,1.18743
1747750903821.0,1.18722,1.18742
1747750904072.0,1.18721,1.18741
1747750904821.0,1.1872,1.1874
1747750905070.0,1.18721,1.18741
1747750905898.0,1.18715,1.18745
1747750906148.0,1.1872,1.1874
1747750906762.0,1.18722,1.18742
1747750907010.0,1.18717,1.18737
1747750907811.0,1.18719,1.18739
1747750908825.0,1.18718,1.18738
1747750909089.0,1.18717,1.18737
1747750909341.0,1.18705,1.18735
1747750909588.0,1.18703,1.18733
1747750909841.0,1.18708,1.18728
1747750910089.0,1.18711,1.18731
1747750910344.0,1.1871,1.1873
1747750910948.0,1.18711,1.18731
1747750914302.0,1.18705,1.18735
1747750914552.0,1.1871,1.1873
1747750915044.0,1.18709,1.18729
1747750915647.0,1.1871,1.1873
1747750916822.0,1.18703,1.18733
1747750917822.0,1.18705,1.18735
1747750918321.0,1.1871,1.1873
1747750918572.0,1.18711,1.18731
1747750919739.0,1.1871,1.1873
1747750920489.0,1.18704,1.18734
1747750920740.0,1.18709,1.18729
1747750920989.0,1.18705,1.18735
1747750921245.0,1.18709,1.18729
1747750921990.0,1.18708,1.18728
1747750923378.0,1.1871,1.1873
1747750923974.0,1.18709,1.18729
1747750924226.0,1.18706,1.18726
1747750924474.0,1.18703,1.18723
1747750924725.0,1.18699,1.18729
1747750925502.0,1.18698,1.18728
1747750926286.0,1.18699,1.18729
1747750926541.0,1.18705,1.18725
1747750926788.0,1.18703,1.18723
1747750928571.0,1.18702,1.18722
1747750928820.0,1.18701,1.18721
1747750929317.0,1.18703,1.18723
1747750931113.0,1.18701,1.18721
1747750931363.0,1.18703,1.18723
1747750933154.0,1.18702,1.18722
1747750933406.0,1.18703,1.18723
1747750933649.0,1.18705,1.18725
1747750933899.0,1.18701,1.18721
1747750934399.0,1.18702,1.18722
1747750936369.0,1.18703,1.18723
1747750938168.0,1.18704,1.18724
1747750938416.0,1.18706,1.18726
1747750941104.0,1.18703,1.18723
1747750941353.0,1.18699,1.18719
1747750941729.0,1.187,1.1872
1747750942228.0,1.18701,1.18721
1747750945135.0,1.18702,1.18722
1747750946219.0,1.18703,1.18723
1747750946467.0,1.18701,1.18721
1747750946718.0,1.18702,1.18722
1747750946968.0,1.18703,1.18723
1747750947468.0,1.18702,1.18722
1747750948344.0,1.18703,1.18723
1747750951599.0,1.18702,1.18722
1747750951849.0,1.18701,1.18721
1747750952099.0,1.18702,1.18722
1747750952600.0,1.18701,1.18721
1747750953100.0,1.18703,1.18723
1747750956904.0,1.18706,1.18726
1747750957153.0,1.18705,1.18725
1747750957408.0,1.18703,1.18723
1747750958154.0,1.18702,1.18722
1747750958405.0,1.18696,1.18726
1747750959015.0,1.18702,1.18722
1747750962692.0,1.187,1.1872
1747750962942.0,1.18702,1.18722
1747750963192.0,1.18701,1.18721
1747750963973.0,1.18703,1.18723
1747750964223.0,1.18704,1.18724
1747750964473.0,1.18702,1.18722
1747750964974.0,1.18699,1.18719
1747750965226.0,1.18698,1.18718
1747750966363.0,1.18696,1.18716
1747750966863.0,1.18698,1.18718
1747750967114.0,1.18697,1.18717
1747750967615.0,1.18696,1.18716
1747750968115.0,1.18698,1.18718
1747750968367.0,1.18701,1.18721
1747750968863.0,1.18698,1.18718
1747750969482.0,1.18701,1.18721
1747750970232.0,1.18702,1.18722
1747750971231.0,1.18698,1.18718
1747750971482.0,1.18701,1.18721
1747750971731.0,1.18698,1.18718
1747750973170.0,1.18699,1.18719
1747750973667.0,1.18698,1.18718
1747750973918.0,1.18699,1.18719
1747750974169.0,1.18698,1.18718
1747750974668.0,1.18699,1.18719
1747750974918.0,1.18698,1.18718
1747750977783.0,1.18701,1.18721
1747750978282.0,1.18702,1.18722
1747750978536.0,1.18698,1.18718
1747750980277.0,1.18696,1.18716
1747750980527.0,1.187,1.1872
1747750981428.0,1.18701,1.18721
1747750984239.0,1.18699,1.18719
1747750984738.0,1.18701,1.18721
1747750985633.0,1.18699,1.18719
1747750986132.0,1.18698,1.18718
1747750986633.0,1.18699,1.18719
1747750986882.0,1.18697,1.18717
1747750987133.0,1.18698,1.18718
1747750987383.0,1.18695,1.18715
1747750987881.0,1.18696,1.18716
1747750988133.0,1.18698,1.18718
1747750989351.0,1.18697,1.18717
1747750989599.0,1.18696,1.18716
1747750989850.0,1.18691,1.18711
1747750991023.0,1.18692,1.18712
1747750992274.0,1.18694,1.18714
1747750993179.0,1.18695,1.18715
1747750993425.0,1.18693,1.18713
1747750993918.0,1.18694,1.18714
1747750994511.0,1.18693,1.18713
1747750994761.0,1.18691,1.18711
1747750996018.0,1.18693,1.18713
1747750996269.0,1.18694,1.18714
1747750996519.0,1.18693,1.18713
1747750997018.0,1.18694,1.18714
1747750997518.0,1.18692,1.18712
1747750999067.0,1.18691,1.18711
1747751002259.0,1.18689,1.18709
1747751002508.0,1.18691,1.18711
1747751004121.0,1.1869,1.1871
1747751004371.0,1.18687,1.18707
1747751004622.0,1.1869,1.1871
1747751005160.0,1.18689,1.18709
1747751007164.0,1.1869,1.1871
1747751007763.0,1.18688,1.18708
1747751008013.0,1.18691,1.18711
1747751009030.0,1.18692,1.18712
1747751009523.0,1.18691,1.18711
1747751017336.0,1.18689,1.18709
1747751019418.0,1.1869,1.1871
1747751020211.0,1.18688,1.18708
1747751020463.0,1.18689,1.18709
1747751020959.0,1.18688,1.18708
1747751021893.0,1.18689,1.18709
1747751022140.0,1.18687,1.18707
1747751023881.0,1.18686,1.18706
1747751025040.0,1.18688,1.18708
1747751025290.0,1.18689,1.18709
1747751026615.0,1.18684,1.18704
1747751026866.0,1.18686,1.18706
1747751029667.0,1.1869,1.1871
1747751029916.0,1.18688,1.18708
1747751030166.0,1.1869,1.1871
1747751030416.0,1.18689,1.18709
1747751031416.0,1.18686,1.18706
1747751031665.0,1.18687,1.18707
1747751031917.0,1.18688,1.18708
1747751033014.0,1.18683,1.18703
1747751033262.0,1.18687,1.18707
1747751034040.0,1.18684,1.18704
1747751036239.0,1.18678,1.18708
1747751036490.0,1.18684,1.18714
1747751036739.0,1.18687,1.18707
1747751037608.0,1.18688,1.18708
1747751039245.0,1.18689,1.18709
1747751039495.0,1.18684,1.18714
1747751039745.0,1.18683,1.18713
1747751040819.0,1.18682,1.18712
1747751043083.0,1.18683,1.18713
1747751043678.0,1.18684,1.18714
1747751044840.0,1.18689,1.18709
1747751045334.0,1.18684,1.18714
1747751045834.0,1.18685,1.18705
1747751046085.0,1.18686,1.18706
1747751046586.0,1.1868,1.1871
1747751047202.0,1.18687,1.18707
1747751047453.0,1.18686,1.18706
1747751047950.0,1.18688,1.18708
1747751049741.0,1.18681,1.18711
1747751050308.0,1.18682,1.18712
1747751050558.0,1.18681,1.18711
1747751051749.0,1.1868,1.1871
1747751052954.0,1.18689,1.18709
1747751053202.0,1.18687,1.18707
1747751053452.0,1.18689,1.18709
1747751053953.0,1.18686,1.18706
1747751056896.0,1.18689,1.18709
1747751057666.0,1.18687,1.18707
1747751060416.0,1.18686,1.18706
1747751060666.0,1.18687,1.18707
1747751061678.0,1.18689,1.18709
1747751072985.0,1.1869,1.1871
1747751073230.0,1.18689,1.18709
1747751074818.0,1.1869,1.1871
1747751075818.0,1.18689,1.18709
1747751077001.0,1.1869,1.1871
1747751077252.0,1.18696,1.18716
1747751077501.0,1.18697,1.18717
1747751077994.0,1.18696,1.18716
1747751078240.0,1.18697,1.18717
1747751078740.0,1.18698,1.18718
1747751080209.0,1.18697,1.18717
1747751080455.0,1.18701,1.18721
1747751080702.0,1.18699,1.18719
1747751082717.0,1.18698,1.18718
1747751082968.0,1.18697,1.18717
1747751083468.0,1.18698,1.18718
1747751086625.0,1.18699,1.18719
1747751087127.0,1.187,1.1872
1747751088125.0,1.18699,1.18719
1747751088629.0,1.187,1.1872
1747751091019.0,1.18701,1.18721
1747751092030.0,1.187,1.1872
1747751093036.0,1.18699,1.18719
1747751093593.0,1.18698,1.18718
1747751093844.0,1.18696,1.18716
1747751094670.0,1.18697,1.18717
1747751098387.0,1.18696,1.18716
1747751098634.0,1.18692,1.18712
1747751098879.0,1.18691,1.18711
1747751099307.0,1.1869,1.1871
1747751099555.0,1.18691,1.18711
1747751100054.0,1.18692,1.18712
1747751100820.0,1.18691,1.18711
1747751101321.0,1.18689,1.18709
1747751103804.0,1.1869,1.1871
1747751104057.0,1.18691,1.18711
1747751104648.0,1.18692,1.18712
1747751105651.0,1.18691,1.18711
1747751105901.0,1.18692,1.18712
1747751106513.0,1.18691,1.18711
1747751107264.0,1.18692,1.18712
1747751108529.0,1.18691,1.18711
1747751109540.0,1.18692,1.18712
1747751109789.0,1.18693,1.18713
1747751110818.0,1.18689,1.18709
1747751111568.0,1.18687,1.18707
1747751112584.0,1.18688,1.18708
1747751112834.0,1.18689,1.18709
1747751113827.0,1.18691,1.18711
1747751114328.0,1.18692,1.18712
1747751114828.0,1.18691,1.18711
1747751115328.0,1.18692,1.18712
1747751117214.0,1.18691,1.18711
1747751117462.0,1.1869,1.1871
1747751117711.0,1.18691,1.18711
1747751118211.0,1.1869,1.1871
1747751118759.0,1.18691,1.18711
1747751119507.0,1.18689,1.18709
1747751119759.0,1.18691,1.18711
1747751122323.0,1.18689,1.18709
1747751122823.0,1.18691,1.18711
1747751123610.0,1.1869,1.1871
1747751127877.0,1.18692,1.18712
1747751128126.0,1.1869,1.1871
1747751128377.0,1.18691,1.18711
1747751128877.0,1.18693,1.18713
1747751129525.0,1.18691,1.18711
1747751131329.0,1.1869,1.1871
1747751131957.0,1.18689,1.18709
1747751132458.0,1.18691,1.18711
1747751132708.0,1.18689,1.18709
1747751133806.0,1.1869,1.1871
1747751134056.0,1.18688,1.18708
1747751134305.0,1.18687,1.18707
1747751134803.0,1.18688,1.18708
1747751135303.0,1.18689,1.18709
1747751138455.0,1.18687,1.18707
1747751142609.0,1.18689,1.18709
1747751142858.0,1.1869,1.1871
1747751143131.0,1.18689,1.18709
1747751143382.0,1.18687,1.18707
1747751145401.0,1.18688,1.18708
1747751146152.0,1.18687,1.18707
1747751149358.0,1.18688,1.18708
1747751151189.0,1.18684,1.18704
1747751152339.0,1.18683,1.18703
1747751152836.0,1.18684,1.18704
1747751154111.0,1.18682,1.18702
1747751154612.0,1.18679,1.18699
1747751155110.0,1.18681,1.18701
1747751156390.0,1.1868,1.187
1747751156639.0,1.18679,1.18699
1747751157388.0,1.18681,1.18701
1747751158277.0,1.18676,1.18706
1747751158525.0,1.18677,1.18707
1747751161673.0,1.18682,1.18702
1747751162861.0,1.18683,1.18703
1747751163110.0,1.18679,1.18709
1747751163359.0,1.18684,1.18704
1747751166830.0,1.18687,1.18707
1747751167079.0,1.18688,1.18708
1747751167330.0,1.18687,1.18707
1747751168247.0,1.18686,1.18706
1747751168947.0,1.18685,1.18705
1747751169446.0,1.18686,1.18706
1747751170379.0,1.18684,1.18704
1747751172369.0,1.18685,1.18705
1747751173119.0,1.18687,1.18707
1747751173870.0,1.18686,1.18706
1747751174121.0,1.18687,1.18707
1747751174370.0,1.18688,1.18708
1747751175522.0,1.18687,1.18707
1747751177349.0,1.18689,1.18709
1747751177598.0,1.18687,1.18707
1747751177848.0,1.1869,1.1871
1747751178348.0,1.18689,1.18709
1747751179912.0,1.18686,1.18706
1747751180162.0,1.18689,1.18709
1747751181241.0,1.18688,1.18708
1747751181732.0,1.18685,1.18705
1747751181982.0,1.18683,1.18703
1747751182232.0,1.18685,1.18705
1747751182982.0,1.18684,1.18704
1747751183981.0,1.18685,1.18705
1747751184232.0,1.18686,1.18706
1747751184979.0,1.18687,1.18707
1747751186293.0,1.18688,1.18708
1747751186795.0,1.18689,1.18709
1747751188678.0,1.18687,1.18707
1747751189423.0,1.18688,1.18708
1747751189673.0,1.18687,1.18707
1747751193128.0,1.18685,1.18705
1747751193633.0,1.18687,1.18707
1747751196340.0,1.18686,1.18706
1747751196586.0,1.18687,1.18707
1747751197392.0,1.18686,1.18706
1747751197642.0,1.18684,1.18704
1747751197891.0,1.18687,1.18707
1747751201841.0,1.18686,1.18706
1747751202092.0,1.18687,1.18707
1747751203113.0,1.18686,1.18706
1747751203366.0,1.18687,1.18707
1747751203614.0,1.18686,1.18706
1747751204652.0,1.18687,1.18707
1747751205152.0,1.18688,1.18708
1747751205401.0,1.18687,1.18707
1747751205651.0,1.18688,1.18708
1747751205901.0,1.18681,1.18711
1747751206890.0,1.18682,1.18712
1747751207147.0,1.18683,1.18713
1747751207639.0,1.18682,1.18712
1747751208785.0,1.18686,1.18706
1747751209035.0,1.18687,1.18707
1747751209666.0,1.18686,1.18706
1747751210166.0,1.18687,1.18707
1747751210915.0,1.18686,1.18706
1747751211417.0,1.18687,1.18707
1747751212517.0,1.18688,1.18708
1747751212766.0,1.18687,1.18707
1747751213448.0,1.18689,1.18709
1747751213704.0,1.1869,1.1871
1747751214473.0,1.18691,1.18711
1747751217200.0,1.18689,1.18709
1747751217442.0,1.18691,1.18711
1747751217930.0,1.18689,1.18709
1747751218680.0,1.18692,1.18712
1747751218930.0,1.18691,1.18711
1747751219599.0,1.18693,1.18713
1747751220819.0,1.18692,1.18712
1747751221069.0,1.18694,1.18714
1747751221318.0,1.18696,1.18716
1747751221818.0,1.18697,1.18717
1747751222813.0,1.18696,1.18716
1747751223683.0,1.18698,1.18718
1747751223934.0,1.18696,1.18716
1747751226881.0,1.18695,1.18715
1747751227569.0,1.18696,1.18716
1747751227819.0,1.18694,1.18714
1747751228568.0,1.18692,1.18712
1747751228818.0,1.18691,1.18711
1747751229068.0,1.18692,1.18712
1747751229322.0,1.18691,1.18711
1747751230190.0,1.18689,1.18709
1747751231435.0,1.18688,1.18708
1747751232257.0,1.18689,1.18709
1747751233229.0,1.18688,1.18708
1747751235242.0,1.18689,1.18709
1747751238488.0,1.18687,1.18707
1747751239240.0,1.18689,1.18709
1747751240242.0,1.18688,1.18708
1747751240487.0,1.18685,1.18705
1747751240987.0,1.18687,1.18707
1747751241240.0,1.18689,1.18709
1747751241788.0,1.1869,1.1871
1747751242289.0,1.18689,1.18709
1747751245194.0,1.1869,1.1871
1747751245691.0,1.18691,1.18711
1747751246193.0,1.1869,1.1871
1747751250182.0,1.18689,1.18709
1747751251571.0,1.18691,1.18711
1747751251821.0,1.18688,1.18708
1747751252070.0,1.18687,1.18707
1747751252319.0,1.18689,1.18709
1747751253319.0,1.18687,1.18707
1747751253570.0,1.18686,1.18706
1747751254339.0,1.18687,1.18707
1747751254588.0,1.18681,1.18711
1747751254839.0,1.18688,1.18708
1747751255088.0,1.18687,1.18707
1747751255338.0,1.18688,1.18708
1747751255839.0,1.18689,1.18709
1747751259830.0,1.18688,1.18708
1747751260077.0,1.18687,1.18707
1747751262220.0,1.18688,1.18708
1747751263114.0,1.18689,1.18709
1747751267228.0,1.1869,1.1871
1747751267728.0,1.18691,1.18711
1747751269021.0,1.18689,1.18709
1747751269272.0,1.18688,1.18708
1747751269520.0,1.18689,1.18709
1747751270021.0,1.18688,1.18708
1747751270271.0,1.18689,1.18709
1747751272620.0,1.18688,1.18708
1747751272867.0,1.18686,1.18706
1747751275585.0,1.18687,1.18707
1747751275835.0,1.18682,1.18702
1747751276085.0,1.18683,1.18703
1747751276332.0,1.18684,1.18704
1747751276767.0,1.18683,1.18703
1747751277516.0,1.18684,1.18704
1747751278266.0,1.18685,1.18705
1747751279278.0,1.18684,1.18704
1747751280278.0,1.18685,1.18705
1747751280529.0,1.18686,1.18706
1747751280779.0,1.18685,1.18705
1747751281529.0,1.18686,1.18706
1747751281783.0,1.18687,1.18707
1747751282031.0,1.18686,1.18706
1747751282530.0,1.18687,1.18707
1747751282780.0,1.18685,1.18705
1747751283779.0,1.18684,1.18704
1747751284529.0,1.18683,1.18703
1747751284782.0,1.18682,1.18702
1747751288334.0,1.18683,1.18703
1747751288583.0,1.18684,1.18704
1747751291229.0,1.18679,1.18699
1747751291716.0,1.18681,1.18701
1747751292214.0,1.1868,1.187
1747751294162.0,1.18681,1.18701
1747751294741.0,1.18679,1.18699
1747751296867.0,1.18676,1.18696
1747751297367.0,1.18677,1.18697
1747751300123.0,1.18676,1.18696
1747751303719.0,1.18675,1.18695
1747751304292.0,1.18676,1.18696
1747751304547.0,1.18675,1.18695
1747751304797.0,1.18672,1.18692
1747751305044.0,1.18671,1.18691
1747751305287.0,1.1867,1.1869
1747751305843.0,1.18669,1.18689
1747751306080.0,1.18667,1.18687
1747751306615.0,1.18668,1.18688
1747751307913.0,1.1867,1.1869
1747751308408.0,1.18671,1.18691
1747751308658.0,1.18672,1.18692
1747751308907.0,1.18675,1.18695
1747751309156.0,1.18673,1.18693
1747751310623.0,1.18671,1.18691
1747751311393.0,1.18672,1.18692
1747751312026.0,1.18671,1.18691
1747751312273.0,1.1867,1.1869
1747751313220.0,1.18671,1.18691
1747751313467.0,1.1867,1.1869
1747751314323.0,1.18671,1.18691
1747751314823.0,1.18672,1.18692
1747751315808.0,1.18674,1.18694
1747751316789.0,1.18673,1.18693
1747751317040.0,1.18671,1.18691
1747751318044.0,1.18672,1.18692
1747751318957.0,1.18674,1.18694
1747751319212.0,1.18675,1.18695
1747751320421.0,1.18677,1.18697
1747751321804.0,1.18679,1.18699
1747751322304.0,1.18678,1.18698
1747751322946.0,1.18679,1.18699
1747751323196.0,1.18684,1.18704
1747751323447.0,1.18685,1.18705
1747751323697.0,1.18684,1.18704
1747751326154.0,1.18683,1.18703
1747751327430.0,1.18682,1.18702
1747751328378.0,1.18681,1.18701
1747751328879.0,1.1868,1.187
1747751329129.0,1.18681,1.18701
1747751329379.0,1.18682,1.18702
1747751331020.0,1.18681,1.18701
1747751336958.0,1.18682,1.18702
1747751338219.0,1.18676,1.18706
1747751338463.0,1.1868,1.187
1747751340269.0,1.18678,1.18698
1747751340763.0,1.18679,1.18699
1747751341014.0,1.18683,1.18703
1747751341832.0,1.18684,1.18704
1747751342582.0,1.18685,1.18705
1747751343200.0,1.18684,1.18704
1747751347607.0,1.18685,1.18705
1747751347861.0,1.18686,1.18706
1747751348358.0,1.18685,1.18705
1747751348609.0,1.18686,1.18706
1747751348859.0,1.18685,1.18705
1747751349600.0,1.18686,1.18706
1747751350094.0,1.18687,1.18707
1747751351069.0,1.18685,1.18705
1747751351321.0,1.18686,1.18706
1747751352141.0,1.18685,1.18705
1747751353094.0,1.18686,1.18706
1747751354681.0,1.18688,1.18708
1747751354932.0,1.18687,1.18707
1747751355181.0,1.18689,1.18709
1747751357019.0,1.18688,1.18708
1747751357517.0,1.18687,1.18707
1747751361975.0,1.18688,1.18708
1747751365068.0,1.18689,1.18709
1747751365316.0,1.18688,1.18708
1747751366829.0,1.18689,1.18709
1747751367591.0,1.1869,1.1871
1747751368504.0,1.18691,1.18711
1747751370877.0,1.1869,1.1871
1747751371377.0,1.18689,1.18709
1747751372940.0,1.1869,1.1871
1747751373939.0,1.18691,1.18711
1747751374689.0,1.18689,1.18709
1747751375190.0,1.18691,1.18711
1747751381953.0,1.18689,1.18709
1747751382200.0,1.18688,1.18708
1747751382453.0,1.18687,1.18707
1747751382939.0,1.18688,1.18708
1747751385597.0,1.18687,1.18707
1747751386342.0,1.18688,1.18708
1747751386593.0,1.18689,1.18709
1747751387486.0,1.18688,1.18708
1747751387736.0,1.18691,1.18711
1747751389279.0,1.18694,1.18714
1747751389777.0,1.18691,1.18711
1747751390027.0,1.18693,1.18713
1747751391069.0,1.18691,1.18711
1747751391839.0,1.1869,1.1871
1747751392087.0,1.18691,1.18711
1747751392829.0,1.1869,1.1871
1747751394341.0,1.18689,1.18709
1747751397840.0,1.18693,1.18713
1747751398383.0,1.18692,1.18712
1747751399135.0,1.18693,1.18713
1747751399383.0,1.18694,1.18714
1747751400480.0,1.18695,1.18715
1747751404331.0,1.18694,1.18714
1747751406539.0,1.18695,1.18715
1747751407390.0,1.18694,1.18714
1747751408146.0,1.18693,1.18713
1747751408390.0,1.18691,1.18711
1747751410819.0,1.18692,1.18712
1747751411068.0,1.18694,1.18714
1747751411319.0,1.18693,1.18713
1747751411573.0,1.18694,1.18714
1747751415162.0,1.18695,1.18715
1747751415412.0,1.18697,1.18717
1747751416958.0,1.18698,1.18718
1747751417448.0,1.18697,1.18717
1747751418270.0,1.18698,1.18718
1747751419268.0,1.18697,1.18717
1747751419925.0,1.18698,1.18718
1747751420174.0,1.18702,1.18722
1747751422674.0,1.18701,1.18721
1747751423442.0,1.18702,1.18722
1747751426844.0,1.18703,1.18723
1747751427801.0,1.18702,1.18722
1747751429860.0,1.18704,1.18724
1747751430107.0,1.18703,1.18723
1747751430353.0,1.18702,1.18722
1747751430607.0,1.18705,1.18725
1747751430857.0,1.18703,1.18723
1747751431353.0,1.18706,1.18726
1747751432059.0,1.18707,1.18727
1747751432310.0,1.18706,1.18726
1747751434324.0,1.18705,1.18725
1747751435561.0,1.18704,1.18724
1747751436877.0,1.18703,1.18723
1747751437540.0,1.18705,1.18725
1747751437789.0,1.18704,1.18724
1747751438256.0,1.18705,1.18725
1747751438507.0,1.18706,1.18726
1747751438756.0,1.18708,1.18728
1747751441780.0,1.18709,1.18729
1747751442791.0,1.1871,1.1873
1747751443288.0,1.18707,1.18727
1747751443539.0,1.18706,1.18726
1747751443788.0,1.18707,1.18727
1747751444789.0,1.18708,1.18728
1747751445289.0,1.1871,1.1873
1747751446229.0,1.18712,1.18732
1747751446978.0,1.18713,1.18733
1747751448142.0,1.18712,1.18732
1747751448391.0,1.18711,1.18731
1747751448641.0,1.18712,1.18732
1747751449400.0,1.18711,1.18731
1747751449649.0,1.18713,1.18733
1747751451240.0,1.18712,1.18732
1747751452023.0,1.1871,1.1873
1747751452273.0,1.18713,1.18733
1747751453442.0,1.18712,1.18732
1747751453941.0,1.1871,1.1873
1747751457240.0,1.18709,1.18729
1747751457989.0,1.18708,1.18728
1747751458758.0,1.18709,1.18729
1747751459007.0,1.1871,1.1873
1747751462288.0,1.18713,1.18733
1747751463344.0,1.18711,1.18731
1747751463595.0,1.18713,1.18733
1747751463843.0,1.18712,1.18732
1747751465558.0,1.18711,1.18731
1747751466721.0,1.18712,1.18732
1747751468617.0,1.18711,1.18731
1747751470148.0,1.18713,1.18733
1747751470398.0,1.18712,1.18732
1747751470641.0,1.18711,1.18731
1747751471161.0,1.18712,1.18732
1747751473335.0,1.18713,1.18733
1747751474158.0,1.18714,1.18734
1747751474882.0,1.18713,1.18733
1747751475130.0,1.18715,1.18735
1747751475382.0,1.18716,1.18736
1747751478121.0,1.18717,1.18737
1747751479115.0,1.18719,1.18739
1747751481449.0,1.18718,1.18738
1747751481699.0,1.18719,1.18739
1747751482668.0,1.18718,1.18738
1747751483169.0,1.18717,1.18737
1747751483668.0,1.18718,1.18738
1747751483921.0,1.18721,1.18741
1747751484170.0,1.1872,1.1874
1747751486432.0,1.18719,1.18739
1747751486682.0,1.1872,1.1874
1747751487175.0,1.18722,1.18742
1747751487426.0,1.18724,1.18744
1747751488441.0,1.18722,1.18742
1747751488679.0,1.18723,1.18743
1747751489449.0,1.18724,1.18744
1747751489697.0,1.18722,1.18742
1747751491590.0,1.18723,1.18743
1747751491839.0,1.18722,1.18742
1747751492090.0,1.18723,1.18743
1747751492341.0,1.18721,1.18741
1747751492855.0,1.18722,1.18742
1747751494487.0,1.18723,1.18743
1747751494987.0,1.18721,1.18741
1747751495240.0,1.18722,1.18742
1747751496478.0,1.1872,1.1874
1747751497479.0,1.18722,1.18742
1747751499341.0,1.18723,1.18743
1747751499584.0,1.18722,1.18742
1747751500101.0,1.1872,1.1874
1747751500354.0,1.18722,1.18742
1747751503235.0,1.18723,1.18743
1747751503483.0,1.18722,1.18742
1747751504684.0,1.18718,1.18748
1747751505183.0,1.18717,1.18747
1747751506521.0,1.18718,1.18748
1747751507544.0,1.18723,1.18743
1747751508295.0,1.18719,1.18749
1747751512164.0,1.1872,1.1875
1747751512411.0,1.18727,1.18747
1747751513204.0,1.18726,1.18746
1747751513453.0,1.18727,1.18747
1747751514202.0,1.18726,1.18746
1747751516941.0,1.18727,1.18747
1747751518902.0,1.18726,1.18746
1747751520151.0,1.18725,1.18745
1747751520902.0,1.18727,1.18747
1747751521589.0,1.18726,1.18746
1747751522347.0,1.18727,1.18747
1747751522596.0,1.18728,1.18748
1747751523097.0,1.18727,1.18747
1747751524658.0,1.18726,1.18746
1747751525656.0,1.18725,1.18745
1747751528158.0,1.18727,1.18747
1747751536763.0,1.18729,1.18749
1747751537009.0,1.18727,1.18747
1747751537259.0,1.18728,1.18748
1747751539420.0,1.18727,1.18747
1747751539671.0,1.18728,1.18748
1747751539921.0,1.18725,1.18745
1747751540170.0,1.18726,1.18746
1747751542685.0,1.18725,1.18745
1747751552212.0,1.18727,1.18747
1747751552463.0,1.18725,1.18745
1747751553959.0,1.18722,1.18742
1747751554208.0,1.18721,1.18741
1747751554707.0,1.1872,1.1874
1747751555208.0,1.18722,1.18742
1747751555458.0,1.18716,1.18736
1747751557139.0,1.18717,1.18737
1747751558087.0,1.18718,1.18738
1747751558335.0,1.18717,1.18737
1747751560289.0,1.18718,1.18738
1747751560788.0,1.1872,1.1874
1747751561288.0,1.18719,1.18739
1747751561789.0,1.1872,1.1874
1747751562788.0,1.18719,1.18739
1747751563288.0,1.1872,1.1874
1747751564595.0,1.18719,1.18739
1747751565870.0,1.18717,1.18737
1747751566119.0,1.18715,1.18735
1747751567110.0,1.18714,1.18734
1747751567718.0,1.18715,1.18735
1747751569177.0,1.18717,1.18737
1747751569680.0,1.18715,1.18735
1747751570818.0,1.18717,1.18737
1747751571068.0,1.18716,1.18736
1747751571569.0,1.18718,1.18738
1747751571819.0,1.18717,1.18737
1747751572367.0,1.18718,1.18738
1747751572617.0,1.1872,1.1874
1747751573867.0,1.18721,1.18741
1747751574366.0,1.18722,1.18742
1747751574616.0,1.18721,1.18741
1747751574867.0,1.18722,1.18742
1747751575117.0,1.18721,1.18741
1747751576474.0,1.1872,1.1874
1747751576722.0,1.18722,1.18742
1747751576973.0,1.18719,1.18739
1747751578060.0,1.18718,1.18738
1747751578933.0,1.18719,1.18739
1747751579828.0,1.1872,1.1874
1747751581693.0,1.18719,1.18739
1747751582443.0,1.1872,1.1874
1747751583218.0,1.18718,1.18738
1747751584876.0,1.18717,1.18737
1747751588369.0,1.18716,1.18736
1747751588619.0,1.18717,1.18737
1747751589429.0,1.18718,1.18738
1747751591623.0,1.18717,1.18737
1747751591873.0,1.18718,1.18738
1747751593534.0,1.18719,1.18739
1747751593786.0,1.18718,1.18738
1747751594523.0,1.18719,1.18739
1747751595013.0,1.1872,1.1874
1747751596260.0,1.18721,1.18741
1747751596954.0,1.1872,1.1874
1747751598728.0,1.18719,1.18739
1747751601878.0,1.1872,1.1874
1747751602873.0,1.18718,1.18738
1747751603123.0,1.18719,1.18739
1747751603905.0,1.1872,1.1874
1747751606686.0,1.18721,1.18741
1747751606934.0,1.1872,1.1874
1747751609472.0,1.18722,1.18742
1747751610058.0,1.18721,1.18741
1747751612146.0,1.18722,1.18742
1747751613144.0,1.18723,1.18743
1747751613643.0,1.18722,1.18742
1747751614147.0,1.18721,1.18741
1747751614894.0,1.1872,1.1874
1747751615146.0,1.18721,1.18741
1747751616403.0,1.18722,1.18742
1747751617144.0,1.1872,1.1874
1747751617647.0,1.18718,1.18738
1747751618377.0,1.1872,1.1874
1747751618625.0,1.18721,1.18741
1747751619118.0,1.1872,1.1874
1747751623060.0,1.18719,1.18739
1747751624157.0,1.18718,1.18738
1747751627051.0,1.18719,1.18739
1747751627798.0,1.1872,1.1874
1747751628798.0,1.18719,1.18739
1747751629299.0,1.1872,1.1874
1747751629800.0,1.18718,1.18738
1747751630063.0,1.1872,1.1874
1747751630313.0,1.18719,1.18739
1747751630812.0,1.18717,1.18737
1747751631055.0,1.18716,1.18736
1747751631298.0,1.18711,1.18741
1747751631556.0,1.1871,1.1874
1747751631806.0,1.18719,1.18739
1747751632056.0,1.18712,1.18742
1747751632304.0,1.18715,1.18735
1747751632556.0,1.18712,1.18742
1747751632807.0,1.18714,1.18734
1747751633306.0,1.18712,1.18742
1747751633555.0,1.18716,1.18736
1747751633806.0,1.18711,1.18741
1747751634056.0,1.18712,1.18742
1747751635048.0,1.18713,1.18743
1747751635299.0,1.18718,1.18738
1747751636367.0,1.18715,1.18745
1747751636619.0,1.18718,1.18738
1747751636866.0,1.18719,1.18739
1747751637125.0,1.1872,1.1874
1747751637374.0,1.18721,1.18741
1747751638385.0,1.18717,1.18747
1747751638632.0,1.1872,1.1874
1747751640285.0,1.18719,1.18739
1747751640534.0,1.18715,1.18745
1747751640783.0,1.1872,1.1874
1747751641535.0,1.18715,1.18745
1747751642284.0,1.1872,1.1874
1747751643034.0,1.18717,1.18747
1747751643284.0,1.18721,1.18741
1747751643534.0,1.1872,1.1874
1747751644034.0,1.18722,1.18742
1747751644286.0,1.18716,1.18736
1747751644785.0,1.18718,1.18738
1747751645657.0,1.18717,1.18737
1747751645907.0,1.18718,1.18738
1747751648148.0,1.18719,1.18739
1747751649342.0,1.18718,1.18738
1747751649585.0,1.18719,1.18739
1747751650088.0,1.18718,1.18738
1747751650339.0,1.18716,1.18736
1747751650579.0,1.18718,1.18738
1747751652542.0,1.18715,1.18735
1747751652786.0,1.18718,1.18738
1747751653033.0,1.1872,1.1874
1747751653531.0,1.18718,1.18738
1747751655950.0,1.18715,1.18735
1747751658205.0,1.18716,1.18736
1747751658989.0,1.18717,1.18737
1747751659234.0,1.18718,1.18738
1747751659735.0,1.18715,1.18735
1747751661180.0,1.18712,1.18742
1747751661679.0,1.1872,1.1874
1747751662179.0,1.18719,1.18739
1747751662429.0,1.1872,1.1874
1747751662928.0,1.18717,1.18737
1747751663180.0,1.1872,1.1874
1747751663431.0,1.18718,1.18738
1747751663930.0,1.18711,1.18731
1747751664431.0,1.18712,1.18732
1747751664680.0,1.18711,1.18731
1747751664930.0,1.18712,1.18732
1747751665875.0,1.18713,1.18733
1747751666963.0,1.18714,1.18734
1747751667457.0,1.18713,1.18733
1747751668210.0,1.18719,1.18739
1747751668454.0,1.18716,1.18736
1747751668702.0,1.18718,1.18738
1747751668952.0,1.18716,1.18736
1747751669203.0,1.18717,1.18737
1747751669449.0,1.18716,1.18736
1747751670819.0,1.18715,1.18735
1747751671070.0,1.18708,1.18738
1747751671319.0,1.18713,1.18733
1747751671820.0,1.18708,1.18738
1747751672069.0,1.18713,1.18733
1747751672319.0,1.18714,1.18734
1747751672965.0,1.1871,1.1874
1747751673216.0,1.18708,1.18738
1747751674004.0,1.18714,1.18734
1747751674504.0,1.18708,1.18738
1747751675005.0,1.18714,1.18734
1747751675255.0,1.18713,1.18733
1747751677296.0,1.18714,1.18734
1747751678149.0,1.18715,1.18735
1747751679657.0,1.18706,1.18736
1747751679907.0,1.18712,1.18732
1747751680155.0,1.18711,1.18731
1747751680405.0,1.18704,1.18734
1747751681156.0,1.18703,1.18733
1747751681406.0,1.1871,1.1873
1747751681655.0,1.18706,1.18736
1747751681906.0,1.1871,1.1873
1747751682157.0,1.18705,1.18735
1747751682823.0,1.18711,1.18731
1747751683576.0,1.18707,1.18737
1747751684078.0,1.18705,1.18735
1747751684325.0,1.18707,1.18737
1747751686410.0,1.18713,1.18733
1747751686659.0,1.18714,1.18734
1747751687160.0,1.18713,1.18733
1747751688090.0,1.18714,1.18734
1747751688330.0,1.18708,1.18738
1747751688580.0,1.1871,1.1874
1747751689085.0,1.18714,1.18734
1747751689326.0,1.18708,1.18738
1747751689583.0,1.1871,1.1874
1747751690817.0,1.18705,1.18735
1747751691068.0,1.18713,1.18733
1747751691569.0,1.18714,1.18734
1747751692407.0,1.18713,1.18733
1747751692656.0,1.18708,1.18738
1747751692908.0,1.18714,1.18734
1747751694141.0,1.18708,1.18738
1747751694390.0,1.1871,1.1874
1747751694641.0,1.18715,1.18735
1747751695948.0,1.1871,1.1874
1747751696198.0,1.18715,1.18735
1747751696448.0,1.18714,1.18734
1747751696698.0,1.18708,1.18738
1747751697410.0,1.18709,1.18739
1747751697909.0,1.1871,1.1874
1747751698159.0,1.18715,1.18735
1747751701641.0,1.18709,1.18739
1747751702141.0,1.18716,1.18736
1747751706493.0,1.18718,1.18738
1747751706991.0,1.1872,1.1874
1747751707741.0,1.18716,1.18746
1747751708242.0,1.18714,1.18734
1747751708492.0,1.18715,1.18735
1747751708991.0,1.18713,1.18733
1747751709492.0,1.1871,1.1874
1747751709991.0,1.18714,1.18734
1747751710994.0,1.18715,1.18735
1747751711451.0,1.18713,1.18733
1747751711951.0,1.18715,1.18735
1747751714286.0,1.1871,1.1874
1747751714540.0,1.18715,1.18735
1747751714787.0,1.18711,1.18741
1747751715539.0,1.18716,1.18736
1747751716583.0,1.18718,1.18738
1747751718247.0,1.18714,1.18744
1747751718496.0,1.1872,1.1874
1747751724305.0,1.18722,1.18742
1747751724805.0,1.18724,1.18744
1747751726958.0,1.18726,1.18746
1747751728649.0,1.18725,1.18745
1747751729890.0,1.18724,1.18744
1747751730138.0,1.18722,1.18742
1747751730387.0,1.18723,1.18743
1747751731744.0,1.18722,1.18742
1747751731996.0,1.1872,1.1874
1747751734899.0,1.18719,1.18739
1747751735149.0,1.18721,1.18741
1747751735399.0,1.18722,1.18742
1747751736474.0,1.18724,1.18744
1747751737316.0,1.18725,1.18745
1747751737565.0,1.18723,1.18743
1747751738520.0,1.18724,1.18744
1747751738766.0,1.18723,1.18743
1747751739015.0,1.18724,1.18744
1747751739511.0,1.18722,1.18742
1747751740130.0,1.18724,1.18744
1747751740381.0,1.18725,1.18745
1747751740624.0,1.18722,1.18742
1747751740877.0,1.18723,1.18743
1747751741377.0,1.18726,1.18746
1747751742660.0,1.18727,1.18747
1747751742910.0,1.18726,1.18746
1747751743410.0,1.18727,1.18747
1747751745228.0,1.18728,1.18748
1747751745481.0,1.18727,1.18747
1747751748297.0,1.18729,1.18749
1747751749297.0,1.18728,1.18748
1747751750061.0,1.18727,1.18747
1747751750809.0,1.18729,1.18749
1747751751056.0,1.18727,1.18747
1747751751562.0,1.18729,1.18749
1747751754307.0,1.18728,1.18748
1747751754556.0,1.18729,1.18749
1747751760406.0,1.1873,1.1875
1747751760905.0,1.18729,1.18749
1747751761406.0,1.18731,1.18751
1747751763812.0,1.18727,1.18747
1747751767969.0,1.18728,1.18748
1747751768221.0,1.1873,1.1875
1747751769605.0,1.18729,1.18749
1747751769855.0,1.1873,1.1875
1747751770354.0,1.18731,1.18751
1747751771178.0,1.18729,1.18749
1747751771421.0,1.18732,1.18752
1747751772227.0,1.18733,1.18753
1747751772978.0,1.18732,1.18752
1747751775632.0,1.18733,1.18753
1747751776253.0,1.18734,1.18754
1747751776500.0,1.18733,1.18753
1747751777453.0,1.18735,1.18755
1747751777704.0,1.18734,1.18754
1747751778204.0,1.18735,1.18755
1747751779231.0,1.18728,1.18758
1747751779483.0,1.18729,1.18759
1747751779980.0,1.18728,1.18758
1747751780230.0,1.18735,1.18755
1747751780480.0,1.18736,1.18756
1747751780984.0,1.18735,1.18755
1747751781231.0,1.18734,1.18754
1747751782043.0,1.18735,1.18755
1747751782300.0,1.18731,1.18751
1747751782549.0,1.18729,1.18749
1747751782795.0,1.18731,1.18751
1747751783291.0,1.1873,1.1875
1747751783539.0,1.18734,1.18754
1747751784035.0,1.18727,1.18757
1747751784286.0,1.18729,1.18759
1747751785040.0,1.18735,1.18755
1747751785288.0,1.18734,1.18754
1747751785536.0,1.18728,1.18758
1747751786040.0,1.18736,1.18756
1747751786535.0,1.18734,1.18754
1747751786785.0,1.18732,1.18752
1747751787040.0,1.18734,1.18754
1747751788284.0,1.18733,1.18753
1747751790068.0,1.18734,1.18754
1747751790314.0,1.18733,1.18753
1747751790560.0,1.18734,1.18754
1747751791965.0,1.18735,1.18755
1747751792214.0,1.18734,1.18754
1747751799104.0,1.18735,1.18755
1747751800540.0,1.18734,1.18754
1747751801873.0,1.18732,1.18752
1747751802121.0,1.18734,1.18754
1747751802371.0,1.18736,1.18756
1747751802620.0,1.18734,1.18754
1747751802871.0,1.18733,1.18753
1747751803122.0,1.18734,1.18754
1747751804606.0,1.18735,1.18755
1747751804857.0,1.18737,1.18757
1747751805102.0,1.18734,1.18754
1747751805603.0,1.18738,1.18758
1747751805853.0,1.18734,1.18754
1747751808722.0,1.18732,1.18752
1747751808976.0,1.18734,1.18754
1747751809226.0,1.18733,1.18753
1747751810972.0,1.18734,1.18754
1747751814066.0,1.18735,1.18755
1747751814315.0,1.18734,1.18754
1747751816555.0,1.18733,1.18753
1747751817058.0,1.18734,1.18754
1747751818148.0,1.18733,1.18753
1747751819277.0,1.18734,1.18754
1747751819778.0,1.18733,1.18753
1747751820325.0,1.18734,1.18754
1747751820573.0,1.18732,1.18752
1747751821114.0,1.18734,1.18754
1747751822107.0,1.18733,1.18753
1747751822358.0,1.18732,1.18752
1747751822607.0,1.18733,1.18753
1747751823146.0,1.18732,1.18752
1747751823893.0,1.18733,1.18753
1747751824141.0,1.18732,1.18752
1747751825141.0,1.18734,1.18754
1747751826185.0,1.18731,1.18751
1747751826686.0,1.18732,1.18752
1747751828759.0,1.1873,1.1875
1747751829259.0,1.18729,1.18749
1747751829511.0,1.18731,1.18751
1747751830406.0,1.18733,1.18753
1747751830906.0,1.18731,1.18751
1747751831159.0,1.18729,1.18749
1747751831405.0,1.18728,1.18748
1747751831655.0,1.1873,1.1875
1747751831905.0,1.18729,1.18759
1747751832156.0,1.18733,1.18753
1747751832655.0,1.18732,1.18752
1747751833156.0,1.18734,1.18754
1747751834161.0,1.18733,1.18753
1747751834418.0,1.18734,1.18754
1747751834940.0,1.18732,1.18752
1747751835439.0,1.18734,1.18754
1747751835940.0,1.18732,1.18752
1747751836439.0,1.18734,1.18754
1747751836687.0,1.18732,1.18752
1747751837687.0,1.18734,1.18754
1747751844381.0,1.18735,1.18755
1747751844630.0,1.18734,1.18754
1747751845886.0,1.1873,1.1876
1747751846138.0,1.18729,1.18759
1747751846765.0,1.18734,1.18754
1747751853868.0,1.18733,1.18753
1747751854654.0,1.18735,1.18755
1747751854903.0,1.18732,1.18752
1747751855152.0,1.18725,1.18755
1747751855926.0,1.18734,1.18754
1747751856428.0,1.18731,1.18751
1747751856675.0,1.18732,1.18752
1747751859922.0,1.18734,1.18754
1747751860168.0,1.18732,1.18752
1747751860411.0,1.18734,1.18754
1747751860657.0,1.1873,1.1875
1747751861171.0,1.18731,1.18751
1747751861421.0,1.18727,1.18747
1747751862249.0,1.18726,1.18746
1747751865962.0,1.18727,1.18747
1747751866808.0,1.18729,1.18749
1747751867639.0,1.1873,1.1875
1747751868662.0,1.18727,1.18747
1747751868912.0,1.18726,1.18746
1747751869529.0,1.18725,1.18745
1747751869778.0,1.18727,1.18747
1747751870528.0,1.18723,1.18753
1747751870778.0,1.18728,1.18748
1747751871028.0,1.18727,1.18747
1747751871528.0,1.18729,1.18749
1747751874906.0,1.18727,1.18747
1747751875155.0,1.18729,1.18749
1747751876929.0,1.18726,1.18746
1747751879052.0,1.18725,1.18745
1747751879856.0,1.18722,1.18742
1747751880105.0,1.18724,1.18744
1747751881530.0,1.18726,1.18746
1747751881778.0,1.18728,1.18748
1747751882029.0,1.18726,1.18746
1747751882268.0,1.18725,1.18745
1747751888651.0,1.18726,1.18746
1747751890357.0,1.1872,1.1875
1747751891510.0,1.18726,1.18746
1747751892584.0,1.18725,1.18745
1747751900008.0,1.18727,1.18747
1747751901008.0,1.18726,1.18746
1747751901258.0,1.18725,1.18745
1747751902040.0,1.18724,1.18744
1747751903040.0,1.18725,1.18745
1747751904042.0,1.18724,1.18744
1747751905323.0,1.18722,1.18742
1747751905820.0,1.18725,1.18745
1747751908167.0,1.18727,1.18747
1747751908409.0,1.18725,1.18745
1747751909528.0,1.18726,1.18746
1747751911049.0,1.18727,1.18747
1747751911310.0,1.18728,1.18748
1747751911556.0,1.18727,1.18747
1747751912462.0,1.18726,1.18746
1747751913360.0,1.18724,1.18744
1747751913609.0,1.18726,1.18746
1747751914218.0,1.18725,1.18745
1747751914719.0,1.18726,1.18746
1747751918798.0,1.18727,1.18747
1747751919579.0,1.18729,1.18749
1747751920910.0,1.18728,1.18748
1747751921158.0,1.18729,1.18749
1747751921685.0,1.18731,1.18751
1747751921936.0,1.18729,1.18749
1747751922187.0,1.1873,1.1875
1747751922436.0,1.18734,1.18754
1747751922687.0,1.18729,1.18749
1747751922936.0,1.1873,1.1875
1747751923684.0,1.18727,1.18747
1747751924185.0,1.18726,1.18746
1747751924436.0,1.18729,1.18749
1747751924685.0,1.18726,1.18746
1747751924935.0,1.18722,1.18752
1747751925186.0,1.18725,1.18745
1747751925879.0,1.18727,1.18747
1747751926127.0,1.18728,1.18748
1747751926375.0,1.18725,1.18745
1747751926875.0,1.18727,1.18747
1747751927624.0,1.18729,1.18749
1747751928783.0,1.18726,1.18746
1747751929033.0,1.18728,1.18748
1747751929532.0,1.18726,1.18746
1747751929778.0,1.18727,1.18747
1747751930278.0,1.1873,1.1875
1747751930529.0,1.18729,1.18749
1747751931722.0,1.18725,1.18745
1747751932223.0,1.18729,1.18749
1747751933806.0,1.18726,1.18746
1747751934057.0,1.18729,1.18749
1747751934305.0,1.1873,1.1875
1747751934555.0,1.18732,1.18752
1747751935520.0,1.18733,1.18753
1747751937394.0,1.18729,1.18759
1747751937644.0,1.18733,1.18753
1747751941367.0,1.18728,1.18758
1747751941605.0,1.18729,1.18759
1747751942104.0,1.18733,1.18753
1747751942355.0,1.18729,1.18749
1747751943640.0,1.18728,1.18748
1747751944882.0,1.18729,1.18749
1747751945141.0,1.18726,1.18756
1747751945387.0,1.18732,1.18752
1747751946127.0,1.18733,1.18753
1747751947899.0,1.18732,1.18752
1747751948898.0,1.18733,1.18753
1747751950475.0,1.18727,1.18757
1747751950973.0,1.18733,1.18753
1747751951225.0,1.18727,1.18757
1747751954065.0,1.18726,1.18756
1747751955301.0,1.18732,1.18752
1747751957719.0,1.18727,1.18757
1747751957969.0,1.18731,1.18751
1747751958497.0,1.18732,1.18752
1747751958747.0,1.18733,1.18753
1747751958997.0,1.18737,1.18757
1747751960272.0,1.18739,1.18759
1747751960824.0,1.18736,1.18756
1747751961075.0,1.1873,1.1876
1747751961834.0,1.18736,1.18756
1747751962082.0,1.18729,1.18759
1747751962332.0,1.1873,1.1876
1747751962928.0,1.18736,1.18756
1747751963427.0,1.18729,1.18759
1747751964447.0,1.18727,1.18757
1747751964694.0,1.18729,1.18759
1747751964940.0,1.18734,1.18754
1747751965428.0,1.18727,1.18757
1747751965677.0,1.18734,1.18754
1747751966173.0,1.18733,1.18753
1747751969498.0,1.18734,1.18754
1747751972240.0,1.18727,1.18757
1747751974083.0,1.18734,1.18754
1747751974332.0,1.18733,1.18753
1747751974581.0,1.18728,1.18758
1747751974832.0,1.1873,1.1876
1747751975082.0,1.18736,1.18756
1747751975588.0,1.18735,1.18755
1747751975839.0,1.18734,1.18754
1747751977358.0,1.18727,1.18757
1747751977850.0,1.18732,1.18752
1747751983150.0,1.18727,1.18757
1747751983401.0,1.18726,1.18756
1747751984189.0,1.18731,1.18751
1747751985226.0,1.1873,1.1875
1747751985477.0,1.18732,1.18752
1747751986999.0,1.18733,1.18753
1747751989164.0,1.1873,1.1875
1747751989415.0,1.18731,1.18751
1747751989910.0,1.18733,1.18753
1747751992340.0,1.18732,1.18752
1747751995071.0,1.18734,1.18754
1747751995319.0,1.18733,1.18753
1747751995820.0,1.18731,1.18751
1747751996070.0,1.18732,1.18752
1747751996743.0,1.18733,1.18753
1747751999205.0,1.18732,1.18752
1747752001168.0,1.18731,1.18751
1747752001669.0,1.1873,1.1875
1747752003567.0,1.18729,1.18749
1747752006678.0,1.1873,1.1875
1747752008741.0,1.18729,1.18749
1747752009500.0,1.18728,1.18748
1747752009749.0,1.18727,1.18747
1747752012509.0,1.18726,1.18746
1747752013271.0,1.18727,1.18747
1747752013757.0,1.18726,1.18746
1747752014373.0,1.18725,1.18745
1747752016519.0,1.18724,1.18744
1747752017019.0,1.18725,1.18745
1747752017518.0,1.18726,1.18746
1747752022436.0,1.18725,1.18745
1747752022685.0,1.18722,1.18742
1747752023987.0,1.18723,1.18743
1747752026869.0,1.18722,1.18742
1747752029586.0,1.18726,1.18746
1747752032642.0,1.18725,1.18745
1747752033143.0,1.18727,1.18747
1747752033643.0,1.18725,1.18745
1747752035390.0,1.18724,1.18744
1747752035645.0,1.18726,1.18746
1747752036640.0,1.18725,1.18745
1747752038514.0,1.18724,1.18744
1747752039010.0,1.18725,1.18745
1747752042236.0,1.18726,1.18746
1747752043558.0,1.18727,1.18747
1747752043808.0,1.18726,1.18746
1747752044673.0,1.18725,1.18745
1747752045463.0,1.18726,1.18746
1747752048451.0,1.18725,1.18745
1747752053729.0,1.18724,1.18744
1747752054889.0,1.18725,1.18745
1747752055647.0,1.18727,1.18747
1747752056138.0,1.18725,1.18745
1747752058653.0,1.1872,1.1874
1747752060259.0,1.18718,1.18738
1747752060499.0,1.18719,1.18739
1747752062140.0,1.18718,1.18738
1747752064977.0,1.18716,1.18736
1747752065230.0,1.18715,1.18735
1747752065479.0,1.18716,1.18736
1747752067113.0,1.18719,1.18739
1747752067610.0,1.1872,1.1874
1747752068109.0,1.18717,1.18737
1747752068360.0,1.18719,1.18739
1747752068611.0,1.1872,1.1874
1747752069285.0,1.18719,1.18739
1747752071096.0,1.18717,1.18737
1747752071345.0,1.18719,1.18739
1747752073143.0,1.18715,1.18735
1747752073634.0,1.18718,1.18738
1747752073884.0,1.18715,1.18735
1747752074384.0,1.18717,1.18737
1747752074633.0,1.18715,1.18735
1747752074884.0,1.18717,1.18737
1747752075135.0,1.1871,1.1873
1747752075885.0,1.18709,1.18729
1747752076797.0,1.18708,1.18728
1747752078301.0,1.18706,1.18726
1747752079125.0,1.18707,1.18727
1747752079368.0,1.18708,1.18728
1747752083162.0,1.18707,1.18727
1747752083407.0,1.18708,1.18728
1747752083659.0,1.18703,1.18723
1747752083910.0,1.18705,1.18725
1747752084900.0,1.18706,1.18726
1747752085474.0,1.18707,1.18727
1747752085723.0,1.1871,1.1873
1747752088836.0,1.18711,1.18731
1747752089087.0,1.1871,1.1873
1747752089839.0,1.18711,1.18731
1747752090086.0,1.18712,1.18732
1747752090336.0,1.18713,1.18733
1747752093969.0,1.18712,1.18732
1747752094225.0,1.18711,1.18731
1747752095291.0,1.18713,1.18733
1747752095541.0,1.18711,1.18731
1747752096042.0,1.1871,1.1873
1747752096292.0,1.18709,1.18729
1747752096541.0,1.1871,1.1873
1747752097290.0,1.18709,1.18729
1747752097540.0,1.18711,1.18731
1747752098043.0,1.18709,1.18729
1747752098541.0,1.18708,1.18728
1747752099041.0,1.18707,1.18727
1747752099540.0,1.18708,1.18728
1747752100541.0,1.18707,1.18727
1747752102226.0,1.18708,1.18728
1747752102473.0,1.18705,1.18725
1747752102722.0,1.18703,1.18723
1747752102970.0,1.18702,1.18722
1747752103217.0,1.18703,1.18723
1747752103982.0,1.18705,1.18725
1747752104479.0,1.18706,1.18726
1747752105188.0,1.18705,1.18725
1747752105959.0,1.18706,1.18726
1747752106209.0,1.18708,1.18728
1747752106712.0,1.18709,1.18729
1747752108069.0,1.18708,1.18728
1747752108566.0,1.18709,1.18729
1747752108816.0,1.18708,1.18728
1747752109066.0,1.18707,1.18727
1747752110439.0,1.18708,1.18728
1747752110939.0,1.18709,1.18729
1747752112730.0,1.1871,1.1873
1747752114776.0,1.18708,1.18728
1747752115394.0,1.18707,1.18727
1747752115889.0,1.18706,1.18726
1747752117816.0,1.18705,1.18725
1747752119678.0,1.18704,1.18724
1747752121069.0,1.1871,1.1873
1747752121320.0,1.18709,1.18729
1747752121997.0,1.1871,1.1873
1747752127268.0,1.18711,1.18731
1747752128432.0,1.1871,1.1873
1747752129549.0,1.18709,1.18729
1747752130508.0,1.18708,1.18728
1747752131011.0,1.18706,1.18726
1747752131258.0,1.18704,1.18724
1747752131899.0,1.18705,1.18725
1747752132398.0,1.18708,1.18728
