1747749485834.0,1.12487,1.12493
1747749488458.0,1.12488,1.12494
1747749492925.0,1.12486,1.12492
1747749493144.0,1.12484,1.1249
1747749493366.0,1.12482,1.12488
1747749493474.0,1.12484,1.1249
1747749498884.0,1.12486,1.12492
1747749499654.0,1.12484,1.1249
1747749500131.0,1.12487,1.12493
1747749500242.0,1.12488,1.12494
1747749503567.0,1.12487,1.12493
1747749503783.0,1.12485,1.12494
1747749504445.0,1.12487,1.12493
1747749508170.0,1.1249,1.12496
1747749508862.0,1.12489,1.12495
1747749509083.0,1.1249,1.12496
1747749509414.0,1.12489,1.12495
1747749510349.0,1.12488,1.12494
1747749513679.0,1.1249,1.12496
1747749514009.0,1.12491,1.12497
1747749517152.0,1.1249,1.12496
1747749517262.0,1.12491,1.12497
1747749517973.0,1.12492,1.12498
1747749518192.0,1.1249,1.12496
1747749519630.0,1.12489,1.12495
1747749519857.0,1.12485,1.12491
1747749520071.0,1.12488,1.12494
1747749520455.0,1.12476,1.12485
1747749520564.0,1.1247,1.12479
1747749521456.0,1.12471,1.12477
1747749521681.0,1.12467,1.12473
1747749522317.0,1.12465,1.12471
1747749522537.0,1.12462,1.12468
1747749523651.0,1.12466,1.12472
1747749524209.0,1.12471,1.12477
1747749524428.0,1.12473,1.12479
1747749524867.0,1.12472,1.12478
1747749526207.0,1.1247,1.12476
1747749526664.0,1.12469,1.12475
1747749527236.0,1.12467,1.12473
1747749527457.0,1.1247,1.12476
1747749527785.0,1.12467,1.12473
1747749528116.0,1.12466,1.12472
1747749528567.0,1.12467,1.12473
1747749528667.0,1.12473,1.12479
1747749529326.0,1.12473,1.12479
1747749530103.0,1.12472,1.12478
1747749530218.0,1.12474,1.1248
1747749532130.0,1.12476,1.12482
1747749534290.0,1.12474,1.1248
1747749534862.0,1.12476,1.12482
1747749535304.0,1.12475,1.12481
1747749535413.0,1.12469,1.12475
1747749536019.0,1.1247,1.12476
1747749536349.0,1.1247,1.12476
1747749537064.0,1.12471,1.12477
1747749538476.0,1.1247,1.12476
1747749538697.0,1.12467,1.12473
1747749539643.0,1.12463,1.12469
1747749540586.0,1.12464,1.1247
1747749541755.0,1.12463,1.12469
1747749542785.0,1.12465,1.12471
1747749543421.0,1.12466,1.12472
1747749543745.0,1.12462,1.12468
1747749543857.0,1.12463,1.12469
1747749544518.0,1.12462,1.12468
1747749545899.0,1.12463,1.12469
1747749546772.0,1.12458,1.12464
1747749546987.0,1.12456,1.12462
1747749547703.0,1.12457,1.12463
1747749549487.0,1.12445,1.12457
1747749549706.0,1.12456,1.12465
1747749550038.0,1.12455,1.12464
1747749550475.0,1.12454,1.12463
1747749551195.0,1.12453,1.12462
1747749552349.0,1.12454,1.1246
1747749553810.0,1.12455,1.12461
1747749555187.0,1.12456,1.12462
1747749555769.0,1.12455,1.12461
1747749556941.0,1.1245,1.12456
1747749557271.0,1.12449,1.12455
1747749558722.0,1.12452,1.12458
1747749560057.0,1.12449,1.12455
1747749560276.0,1.12447,1.12453
1747749560386.0,1.12445,1.12451
1747749561117.0,1.12446,1.12452
1747749561334.0,1.12446,1.12452
1747749561852.0,1.12451,1.12457
1747749561961.0,1.12452,1.12458
1747749564327.0,1.12455,1.12461
1747749565461.0,1.12454,1.1246
1747749566203.0,1.12456,1.12462
1747749567026.0,1.12457,1.12463
1747749570254.0,1.12457,1.12463
1747749573162.0,1.12452,1.12458
1747749574154.0,1.12453,1.12459
1747749575650.0,1.12449,1.12455
1747749575765.0,1.12448,1.12454
1747749576566.0,1.12449,1.12455
1747749576673.0,1.1245,1.12456
1747749577003.0,1.12448,1.12454
1747749579270.0,1.12447,1.12453
1747749579903.0,1.12448,1.12454
1747749580341.0,1.12447,1.12453
1747749580951.0,1.12449,1.12455
1747749581063.0,1.1245,1.12456
1747749581720.0,1.12453,1.12459
1747749582050.0,1.1245,1.12456
1747749582270.0,1.12452,1.12458
1747749582750.0,1.12453,1.12459
1747749583478.0,1.12452,1.12458
1747749583803.0,1.12451,1.12457
1747749585088.0,1.12452,1.12458
1747749585311.0,1.12451,1.12457
1747749587195.0,1.12454,1.1246
1747749587938.0,1.12453,1.12459
1747749591074.0,1.12454,1.1246
1747749591403.0,1.12455,1.12461
1747749592331.0,1.12456,1.12462
1747749594471.0,1.12455,1.12461
1747749595248.0,1.12454,1.1246
1747749595361.0,1.12453,1.12459
1747749597073.0,1.12455,1.12461
1747749600055.0,1.12456,1.12462
1747749600494.0,1.12459,1.12465
1747749600714.0,1.12458,1.12464
1747749601306.0,1.12457,1.12463
1747749603524.0,1.12458,1.12464
1747749603868.0,1.1246,1.12466
1747749603978.0,1.12459,1.12465
1747749604204.0,1.12457,1.12463
1747749604317.0,1.12458,1.12464
1747749610107.0,1.12457,1.12463
1747749610432.0,1.12458,1.12464
1747749612421.0,1.12457,1.12463
1747749615531.0,1.12457,1.12463
1747749616450.0,1.12454,1.1246
1747749617086.0,1.12455,1.12461
1747749618113.0,1.12457,1.12463
1747749619397.0,1.1246,1.12466
1747749619860.0,1.12462,1.12468
1747749621215.0,1.1247,1.12476
1747749621655.0,1.12472,1.12478
1747749622358.0,1.12474,1.1248
1747749623032.0,1.12468,1.12474
1747749623569.0,1.12467,1.12473
1747749624008.0,1.12468,1.12474
1747749624228.0,1.12468,1.12474
1747749624448.0,1.1247,1.12476
1747749624560.0,1.12469,1.12475
1747749625329.0,1.12468,1.12474
1747749626193.0,1.12474,1.1248
1747749626415.0,1.12476,1.12482
1747749627705.0,1.12474,1.1248
1747749628143.0,1.12475,1.12481
1747749629141.0,1.12471,1.12477
1747749630199.0,1.12472,1.12478
1747749632714.0,1.12478,1.12484
1747749632942.0,1.12476,1.12482
1747749633045.0,1.12477,1.12483
1747749636099.0,1.12481,1.12487
1747749636565.0,1.12483,1.12489
1747749636785.0,1.12484,1.1249
1747749637943.0,1.12481,1.12487
1747749638328.0,1.12482,1.12488
1747749639535.0,1.12482,1.12488
1747749639645.0,1.12483,1.12489
1747749641108.0,1.12484,1.1249
1747749642394.0,1.12485,1.12491
1747749643562.0,1.12486,1.12492
1747749643783.0,1.12489,1.12495
1747749643904.0,1.1249,1.12496
1747749644112.0,1.12491,1.12497
1747749644225.0,1.12492,1.12498
1747749644443.0,1.12493,1.12499
1747749645270.0,1.12496,1.12502
1747749645380.0,1.12499,1.12505
1747749645604.0,1.12501,1.12507
1747749646039.0,1.12501,1.12507
1747749646165.0,1.12506,1.12512
1747749646592.0,1.12504,1.12515
1747749646809.0,1.12505,1.12514
1747749647799.0,1.1251,1.12519
1747749648130.0,1.12512,1.12518
1747749649048.0,1.1251,1.12516
1747749649152.0,1.12511,1.12517
1747749649372.0,1.12512,1.12518
1747749650148.0,1.12513,1.12519
1747749650363.0,1.12516,1.12522
1747749650582.0,1.12515,1.12524
1747749651133.0,1.12518,1.12527
1747749652723.0,1.12516,1.12525
1747749653739.0,1.12517,1.12523
1747749654742.0,1.12512,1.12518
1747749654854.0,1.12515,1.12521
1747749655417.0,1.12516,1.12522
1747749655750.0,1.12519,1.12525
1747749656295.0,1.12517,1.12526
1747749656404.0,1.1252,1.12529
1747749657145.0,1.12519,1.12528
1747749657707.0,1.1252,1.12526
1747749657924.0,1.12519,1.12525
1747749658254.0,1.12522,1.12528
1747749660151.0,1.1252,1.12526
1747749661162.0,1.12512,1.12518
1747749661505.0,1.12512,1.12518
1747749661969.0,1.12514,1.1252
1747749662186.0,1.12515,1.12521
1747749662404.0,1.12514,1.1252
1747749662744.0,1.12513,1.12519
1747749665467.0,1.12516,1.12522
1747749667019.0,1.12515,1.12521
1747749667231.0,1.12518,1.12524
1747749667744.0,1.12517,1.12523
1747749667965.0,1.12516,1.12522
1747749668833.0,1.12514,1.1252
1747749668947.0,1.12513,1.12519
1747749669162.0,1.12512,1.12518
1747749669492.0,1.12511,1.12517
1747749670294.0,1.12512,1.12518
1747749671331.0,1.12511,1.12517
1747749671883.0,1.12507,1.12513
1747749672942.0,1.12506,1.12512
1747749673054.0,1.12505,1.12511
1747749675875.0,1.12502,1.12508
1747749675984.0,1.125,1.12506
1747749678148.0,1.12499,1.12505
1747749679052.0,1.12498,1.12504
1747749679273.0,1.12499,1.12505
1747749679492.0,1.12501,1.12507
1747749680589.0,1.12502,1.12508
1747749682973.0,1.12506,1.12512
1747749686231.0,1.12503,1.12509
1747749686798.0,1.12501,1.12507
1747749691639.0,1.125,1.12506
1747749691747.0,1.12501,1.12507
1747749694275.0,1.125,1.12506
1747749694903.0,1.12501,1.12507
1747749695239.0,1.125,1.12506
1747749697946.0,1.12502,1.12508
1747749700190.0,1.125,1.12506
1747749701783.0,1.12501,1.12507
1747749703006.0,1.12499,1.12505
1747749703224.0,1.12494,1.125
1747749703431.0,1.1249,1.12496
1747749703656.0,1.12491,1.12497
1747749703987.0,1.12495,1.12501
1747749704091.0,1.12494,1.125
1747749704205.0,1.12493,1.12499
1747749704699.0,1.12495,1.12501
1747749704915.0,1.12499,1.12505
1747749705026.0,1.12501,1.12507
1747749706097.0,1.12499,1.12505
1747749707342.0,1.12495,1.12501
1747749708458.0,1.12493,1.12499
1747749709657.0,1.12497,1.12503
1747749709871.0,1.12498,1.12504
1747749710727.0,1.12497,1.12503
1747749712704.0,1.12503,1.12509
1747749712811.0,1.12502,1.12508
1747749713753.0,1.125,1.12506
1747749716447.0,1.12506,1.12512
1747749716558.0,1.12503,1.12509
1747749718186.0,1.12502,1.12508
1747749718626.0,1.12503,1.12509
1747749719320.0,1.12502,1.12508
1747749719760.0,1.12503,1.12509
1747749719982.0,1.12502,1.12508
1747749722394.0,1.12496,1.12502
1747749724225.0,1.12494,1.125
1747749724557.0,1.12494,1.125
1747749724896.0,1.12492,1.12498
1747749725215.0,1.12492,1.12498
1747749726282.0,1.12493,1.12499
1747749726504.0,1.12491,1.12497
1747749726832.0,1.12489,1.12495
1747749727427.0,1.12491,1.12497
1747749727945.0,1.1249,1.12496
1747749728172.0,1.12482,1.12488
1747749728496.0,1.12481,1.12487
1747749729205.0,1.1248,1.12486
1747749729753.0,1.12486,1.12492
1747749729977.0,1.12488,1.12494
1747749730312.0,1.12487,1.12493
1747749731132.0,1.12486,1.12492
1747749731243.0,1.12487,1.12493
1747749732022.0,1.12486,1.12492
1747749732452.0,1.12485,1.12491
1747749733003.0,1.12486,1.12492
1747749733464.0,1.12482,1.12488
1747749734015.0,1.12481,1.12487
1747749734436.0,1.1248,1.12486
1747749735095.0,1.12482,1.12488
1747749735431.0,1.12481,1.12487
1747749735536.0,1.12478,1.12484
1747749735879.0,1.12482,1.12488
1747749737260.0,1.1248,1.12486
1747749737479.0,1.12481,1.12487
1747749738139.0,1.12482,1.12488
1747749738248.0,1.12485,1.12491
1747749738579.0,1.12481,1.12487
1747749739305.0,1.12482,1.12488
1747749739526.0,1.1248,1.12486
1747749739858.0,1.12482,1.12488
1747749740838.0,1.12485,1.12491
1747749743197.0,1.12486,1.12492
1747749744177.0,1.12493,1.12499
1747749744792.0,1.12496,1.12502
1747749745997.0,1.12492,1.12498
1747749749646.0,1.12495,1.12501
1747749750089.0,1.12492,1.12498
1747749751213.0,1.12489,1.12495
1747749752524.0,1.12485,1.12491
1747749752644.0,1.12486,1.12492
1747749753605.0,1.12487,1.12493
1747749754044.0,1.12489,1.12495
1747749756650.0,1.12485,1.12491
1747749756870.0,1.12487,1.12493
1747749757204.0,1.12492,1.12498
1747749757831.0,1.12491,1.12497
1747749758281.0,1.12487,1.12493
1747749758491.0,1.12487,1.12493
1747749758603.0,1.12489,1.12495
1747749760214.0,1.12487,1.12493
1747749760948.0,1.12486,1.12492
1747749761473.0,1.12485,1.12491
1747749762093.0,1.12487,1.12493
1747749764404.0,1.12489,1.12495
1747749764845.0,1.12487,1.12493
1747749765072.0,1.12486,1.12492
1747749765291.0,1.12483,1.12489
1747749767143.0,1.12484,1.1249
1747749768597.0,1.12481,1.12487
1747749769069.0,1.12482,1.12488
1747749769399.0,1.12482,1.12488
1747749770504.0,1.12485,1.12491
1747749770610.0,1.12489,1.12495
1747749772403.0,1.12491,1.12497
1747749773655.0,1.1249,1.12496
1747749774320.0,1.12491,1.12497
1747749774763.0,1.12494,1.125
1747749774875.0,1.12496,1.12502
1747749775329.0,1.12495,1.12501
1747749775438.0,1.12497,1.12503
1747749775887.0,1.12499,1.12505
1747749776207.0,1.12495,1.12501
1747749776652.0,1.12493,1.12499
1747749776757.0,1.12489,1.12495
1747749777794.0,1.12484,1.1249
1747749777904.0,1.12483,1.12489
1747749778341.0,1.12481,1.12487
1747749778560.0,1.1248,1.12486
1747749779887.0,1.12484,1.1249
1747749780441.0,1.12486,1.12492
1747749780986.0,1.12492,1.12498
1747749781205.0,1.12491,1.12497
1747749782379.0,1.12491,1.12497
1747749782722.0,1.1249,1.12496
1747749784939.0,1.12487,1.12493
1747749785388.0,1.12492,1.12498
1747749786422.0,1.12491,1.12497
1747749787331.0,1.12492,1.12498
1747749787438.0,1.12494,1.125
1747749788217.0,1.12492,1.12498
1747749789372.0,1.12494,1.125
1747749789703.0,1.12496,1.12502
1747749791857.0,1.12497,1.12503
1747749796198.0,1.1249,1.12496
1747749796308.0,1.12488,1.12494
1747749796747.0,1.12491,1.12497
1747749798173.0,1.12496,1.12502
1747749798614.0,1.12497,1.12503
1747749798723.0,1.12499,1.12505
1747749799802.0,1.12498,1.12504
1747749799926.0,1.12499,1.12505
1747749800241.0,1.12498,1.12504
1747749802129.0,1.12497,1.12503
1747749802241.0,1.12499,1.12505
1747749803009.0,1.12498,1.12504
1747749803972.0,1.12499,1.12505
1747749805683.0,1.12498,1.12504
1747749807134.0,1.12497,1.12503
1747749808182.0,1.12496,1.12502
1747749808410.0,1.12499,1.12505
1747749808842.0,1.125,1.12506
1747749810855.0,1.12501,1.12507
1747749811403.0,1.12498,1.12504
1747749811522.0,1.12497,1.12503
1747749812424.0,1.12499,1.12505
1747749812642.0,1.12499,1.12505
1747749813667.0,1.12497,1.12503
1747749814375.0,1.12501,1.12507
1747749815410.0,1.125,1.12506
1747749816834.0,1.125,1.12506
1747749818711.0,1.12499,1.12505
1747749818820.0,1.12498,1.12504
1747749819824.0,1.12499,1.12505
1747749820223.0,1.12501,1.12507
1747749821464.0,1.125,1.12506
1747749821933.0,1.12502,1.12508
1747749822552.0,1.12503,1.12509
1747749822882.0,1.12502,1.12508
1747749823577.0,1.12503,1.12509
1747749824253.0,1.12502,1.12508
1747749825758.0,1.12503,1.12509
1747749825868.0,1.12502,1.12508
1747749826090.0,1.12506,1.12512
1747749826420.0,1.12504,1.1251
1747749827724.0,1.12497,1.12503
1747749827957.0,1.12497,1.12503
1747749829782.0,1.12495,1.12501
1747749831059.0,1.12497,1.12503
1747749832080.0,1.12499,1.12505
1747749832463.0,1.12498,1.12504
1747749833148.0,1.12501,1.12507
1747749833360.0,1.125,1.12506
1747749833572.0,1.12501,1.12507
1747749833798.0,1.12502,1.12508
1747749835307.0,1.12502,1.12508
1747749835760.0,1.12501,1.12507
1747749836092.0,1.12502,1.12508
1747749836671.0,1.125,1.12506
1747749836780.0,1.12499,1.12505
1747749837681.0,1.12498,1.12504
1747749838699.0,1.125,1.12506
1747749840627.0,1.12501,1.12507
1747749841169.0,1.12499,1.12505
1747749842317.0,1.12502,1.12508
1747749843177.0,1.12501,1.12507
1747749843289.0,1.12502,1.12508
1747749843729.0,1.12503,1.12509
1747749843839.0,1.12506,1.12512
1747749844344.0,1.12505,1.12511
1747749844564.0,1.12504,1.1251
1747749845336.0,1.12505,1.12511
1747749845556.0,1.12503,1.12509
1747749846163.0,1.12505,1.12511
1747749846505.0,1.12507,1.12513
1747749848015.0,1.12506,1.12512
1747749849152.0,1.12505,1.12511
1747749853709.0,1.12507,1.12513
1747749853929.0,1.12506,1.12512
1747749854037.0,1.12505,1.12511
1747749856581.0,1.12506,1.12512
1747749857692.0,1.12509,1.12515
1747749858023.0,1.12508,1.12514
1747749858351.0,1.12509,1.12515
1747749859142.0,1.12507,1.12513
1747749860988.0,1.1251,1.12516
1747749861214.0,1.12511,1.12517
1747749861687.0,1.1251,1.12516
1747749866025.0,1.12513,1.12519
1747749866814.0,1.1251,1.12516
1747749868212.0,1.12509,1.12515
1747749868650.0,1.12512,1.12518
1747749869822.0,1.12513,1.12519
1747749869924.0,1.12515,1.12521
1747749870183.0,1.12516,1.12522
1747749873959.0,1.12512,1.12518
1747749874393.0,1.12513,1.12519
1747749875649.0,1.12511,1.12517
1747749876633.0,1.12512,1.12518
1747749878161.0,1.12511,1.12517
1747749878259.0,1.1251,1.12516
1747749880366.0,1.12511,1.12517
1747749881587.0,1.12512,1.12518
1747749882635.0,1.12514,1.1252
1747749883307.0,1.12515,1.12521
1747749884880.0,1.12511,1.12517
1747749884990.0,1.12513,1.12519
1747749885647.0,1.12514,1.1252
1747749885760.0,1.12513,1.12519
1747749887395.0,1.12514,1.1252
1747749888171.0,1.12513,1.12519
1747749888794.0,1.1251,1.12516
1747749889903.0,1.12511,1.12517
1747749890452.0,1.12515,1.12521
1747749891069.0,1.12514,1.1252
1747749891184.0,1.12515,1.12521
1747749891785.0,1.12514,1.1252
1747749892268.0,1.12513,1.12519
1747749892850.0,1.12514,1.1252
1747749896193.0,1.12515,1.12521
1747749897246.0,1.12513,1.12519
1747749897359.0,1.12512,1.12518
1747749897686.0,1.1251,1.12516
1747749898047.0,1.12509,1.12515
1747749898379.0,1.1251,1.12516
1747749898709.0,1.12511,1.12517
1747749899734.0,1.1251,1.12516
1747749900410.0,1.12509,1.12515
1747749900519.0,1.1251,1.12516
1747749901071.0,1.12514,1.1252
1747749901289.0,1.12512,1.12518
1747749901940.0,1.12514,1.1252
1747749902038.0,1.12515,1.12521
1747749909646.0,1.12513,1.12519
1747749909753.0,1.12515,1.12521
1747749912560.0,1.12516,1.12522
1747749912855.0,1.12515,1.12521
1747749920534.0,1.12518,1.12524
1747749920629.0,1.12516,1.12522
1747749922075.0,1.12515,1.12521
1747749922180.0,1.12516,1.12522
1747749922502.0,1.12515,1.12521
1747749923403.0,1.12516,1.12522
1747749924296.0,1.12515,1.12521
1747749925105.0,1.1251,1.12516
1747749925324.0,1.12509,1.12515
1747749925544.0,1.12508,1.12514
1747749925653.0,1.12504,1.1251
1747749926093.0,1.12505,1.12511
1747749926840.0,1.12507,1.12513
1747749927502.0,1.1251,1.12516
1747749928936.0,1.12509,1.12515
1747749930227.0,1.12512,1.12518
1747749931663.0,1.12506,1.12512
1747749933503.0,1.12508,1.12514
1747749934490.0,1.12511,1.12517
1747749935111.0,1.12508,1.12514
1747749935333.0,1.12511,1.12517
1747749936362.0,1.12512,1.12518
1747749936908.0,1.1251,1.12516
1747749937381.0,1.12511,1.12517
1747749938839.0,1.12507,1.12513
1747749939055.0,1.12509,1.12515
1747749939835.0,1.12501,1.12507
1747749941409.0,1.12502,1.12508
1747749942326.0,1.12493,1.12499
1747749942655.0,1.12498,1.12504
1747749942780.0,1.12499,1.12505
1747749943205.0,1.12497,1.12503
1747749943771.0,1.12496,1.12502
1747749943970.0,1.12497,1.12503
1747749944076.0,1.12498,1.12504
1747749944294.0,1.125,1.12506
1747749944405.0,1.12502,1.12508
1747749945238.0,1.12504,1.1251
1747749946308.0,1.12505,1.12511
1747749947604.0,1.12504,1.1251
1747749947821.0,1.12503,1.12509
1747749948765.0,1.12502,1.12508
1747749950232.0,1.125,1.12506
1747749950340.0,1.12501,1.12507
1747749950903.0,1.12503,1.12509
1747749952590.0,1.12505,1.12511
1747749953037.0,1.12506,1.12512
1747749953142.0,1.12505,1.12511
1747749954588.0,1.125,1.12506
1747749955493.0,1.12497,1.12503
1747749956254.0,1.12499,1.12505
1747749957030.0,1.12497,1.12503
1747749957690.0,1.12499,1.12505
1747749958571.0,1.12498,1.12504
1747749959232.0,1.12497,1.12503
1747749959781.0,1.12499,1.12505
1747749959895.0,1.12501,1.12507
1747749960220.0,1.125,1.12506
1747749960552.0,1.12497,1.12503
1747749961213.0,1.12496,1.12502
1747749962024.0,1.12491,1.12497
1747749962242.0,1.12495,1.12501
1747749962462.0,1.12494,1.125
1747749962968.0,1.12495,1.12501
1747749963659.0,1.12496,1.12502
1747749963769.0,1.12499,1.12505
1747749964559.0,1.12497,1.12503
1747749965217.0,1.12498,1.12504
1747749965551.0,1.12497,1.12503
1747749965656.0,1.12498,1.12504
1747749965774.0,1.125,1.12506
1747749967134.0,1.12497,1.12503
1747749967244.0,1.12498,1.12504
1747749967734.0,1.12498,1.12504
1747749967951.0,1.12501,1.12507
1747749968460.0,1.125,1.12506
1747749970062.0,1.12501,1.12507
1747749971916.0,1.12503,1.12509
1747749972367.0,1.12502,1.12508
1747749972477.0,1.12499,1.12505
1747749972866.0,1.125,1.12506
1747749972976.0,1.12502,1.12508
1747749973489.0,1.12501,1.12507
1747749973710.0,1.12503,1.12509
1747749974044.0,1.125,1.12506
1747749974368.0,1.12501,1.12507
1747749974698.0,1.12501,1.12507
1747749974809.0,1.125,1.12506
1747749975682.0,1.12499,1.12505
1747749975893.0,1.125,1.12506
1747749976292.0,1.12501,1.12507
1747749976724.0,1.12497,1.12503
1747749977156.0,1.12499,1.12505
1747749977490.0,1.125,1.12506
1747749977712.0,1.12501,1.12507
1747749978905.0,1.12502,1.12508
1747749979306.0,1.12505,1.12511
1747749979677.0,1.12506,1.12512
1747749980567.0,1.12505,1.12511
1747749981394.0,1.12506,1.12512
1747749982574.0,1.12505,1.12511
1747749984665.0,1.12504,1.1251
1747749985627.0,1.12503,1.12509
1747749985831.0,1.12502,1.12508
1747749987784.0,1.12505,1.12511
1747749988006.0,1.12504,1.1251
1747749989589.0,1.12504,1.1251
1747749991572.0,1.12505,1.12511
1747749993384.0,1.12506,1.12512
1747749994073.0,1.12505,1.12511
1747749995267.0,1.12506,1.12512
1747749996254.0,1.12507,1.12513
1747749997666.0,1.12508,1.12514
1747749997884.0,1.1251,1.12516
1747749999569.0,1.12509,1.12515
1747749999787.0,1.12504,1.1251
1747750000388.0,1.12505,1.12511
1747750001518.0,1.12508,1.12514
1747750003707.0,1.12506,1.12512
1747750003820.0,1.12505,1.12511
1747750004906.0,1.12507,1.12513
1747750005806.0,1.1251,1.12516
1747750007077.0,1.12506,1.12512
1747750009105.0,1.12507,1.12513
1747750009213.0,1.12508,1.12514
1747750009977.0,1.12506,1.12512
1747750010203.0,1.12507,1.12513
1747750012448.0,1.12514,1.1252
1747750012561.0,1.12512,1.12518
1747750013110.0,1.12514,1.1252
1747750015089.0,1.12511,1.12517
1747750016378.0,1.12512,1.12518
1747750016490.0,1.12513,1.12519
1747750018609.0,1.12511,1.12517
1747750020992.0,1.12513,1.12519
1747750021319.0,1.12511,1.12517
1747750022105.0,1.12507,1.12513
1747750022540.0,1.12505,1.12511
1747750022761.0,1.12506,1.12512
1747750023966.0,1.12507,1.12513
1747750024516.0,1.12508,1.12514
1747750025463.0,1.12511,1.12517
1747750027184.0,1.12511,1.12517
1747750027858.0,1.12512,1.12518
1747750028947.0,1.1251,1.12516
1747750029167.0,1.12509,1.12515
1747750029839.0,1.1251,1.12516
1747750029949.0,1.12511,1.12517
1747750031164.0,1.12506,1.12512
1747750031711.0,1.12508,1.12514
1747750032222.0,1.12509,1.12515
1747750032442.0,1.1251,1.12516
1747750032667.0,1.12511,1.12517
1747750032771.0,1.12509,1.12515
1747750033576.0,1.1251,1.12516
1747750034546.0,1.12511,1.12517
1747750034769.0,1.12508,1.12514
1747750034875.0,1.12507,1.12513
1747750036630.0,1.12508,1.12514
1747750037589.0,1.12509,1.12515
1747750039240.0,1.1251,1.12516
1747750039704.0,1.12514,1.1252
1747750039898.0,1.12513,1.12519
1747750041041.0,1.12516,1.12522
1747750045774.0,1.12515,1.12521
1747750047229.0,1.12516,1.12522
1747750047854.0,1.12515,1.12521
1747750048187.0,1.12513,1.12519
1747750049673.0,1.12511,1.12522
1747750050075.0,,1.12523
1747750050296.0,,1.12522
1747750051024.0,1.12512,1.12523
1747750051472.0,,1.12521
1747750052103.0,1.12513,1.12522
1747750052328.0,1.12514,1.12523
1747750053653.0,1.12516,1.12522
1747750055683.0,1.12515,1.12521
1747750055904.0,1.12516,1.12522
1747750056782.0,1.1251,1.12516
1747750058128.0,1.12513,1.12519
1747750059232.0,1.12511,1.12523
1747750060558.0,1.1251,1.12524
1747750060886.0,1.1251,
1747750061471.0,1.12509,1.12521
1747750062010.0,,1.1252
1747750062679.0,1.1251,1.12519
1747750064403.0,1.12514,1.12523
1747750065444.0,1.1252,1.12529
1747750066106.0,1.12519,1.12528
1747750066209.0,1.12516,1.12525
1747750066430.0,1.12514,1.12523
1747750066764.0,1.12513,1.12522
1747750066978.0,1.1251,1.12516
1747750067413.0,1.12511,1.12517
1747750068415.0,1.12506,1.12512
1747750068637.0,1.12509,1.12515
1747750069448.0,1.12506,1.12512
1747750070166.0,1.12506,1.12515
1747750070268.0,1.12509,1.12518
1747750070487.0,1.12511,1.1252
1747750070596.0,1.12508,1.12517
1747750070925.0,1.12509,1.12518
1747750071037.0,1.1251,1.12519
1747750072242.0,1.12515,1.12524
1747750072792.0,1.12517,1.12523
1747750073239.0,1.12512,1.12518
1747750073673.0,1.12513,1.12519
1747750074230.0,1.12514,1.1252
1747750074559.0,1.12513,1.12519
1747750075168.0,1.12515,1.12521
1747750075609.0,1.12517,1.12523
1747750075831.0,1.12516,1.12522
1747750076051.0,1.12517,1.12523
1747750077268.0,1.12513,1.12519
1747750077708.0,1.12514,1.1252
1747750078262.0,1.1251,1.12516
1747750078588.0,1.12511,1.12517
1747750080778.0,1.12512,1.12518
1747750083249.0,1.12511,1.12517
1747750083584.0,1.12515,1.12521
1747750084309.0,1.12516,1.12522
1747750084413.0,1.12517,1.12523
1747750084893.0,1.12519,1.12525
1747750085816.0,1.12521,1.12527
1747750087326.0,1.1252,1.12526
1747750088920.0,1.12521,1.12527
1747750092130.0,1.12517,1.12523
1747750092351.0,1.12521,1.12527
1747750093490.0,1.12523,1.12529
1747750094221.0,1.12525,1.12531
1747750096926.0,1.12524,1.1253
1747750098344.0,1.12521,1.12527
1747750099468.0,1.1252,1.12526
1747750099903.0,1.12522,1.12528
1747750100527.0,1.12524,1.1253
1747750103264.0,1.12523,1.12529
1747750103971.0,1.12524,1.1253
1747750104189.0,1.12523,1.12529
1747750108025.0,1.12524,1.1253
1747750108142.0,1.12525,1.12531
1747750108600.0,1.12529,1.12535
1747750108708.0,1.12526,1.12532
1747750108930.0,1.12525,1.12531
1747750112004.0,1.12539,1.12545
1747750112216.0,1.12538,1.12544
1747750112452.0,1.12535,1.12541
1747750113216.0,1.12536,1.12542
1747750114093.0,1.12543,1.12549
1747750114317.0,1.1254,1.12546
1747750115014.0,1.12539,1.12545
1747750115459.0,1.12538,1.12544
1747750115685.0,1.1254,1.12546
1747750117849.0,1.12532,1.12538
1747750118292.0,1.12535,1.12541
1747750122393.0,1.12536,1.12542
1747750123210.0,1.12536,1.12542
1747750123430.0,1.12535,1.12541
1747750126720.0,1.12537,1.12543
1747750126835.0,1.12536,1.12542
1747750127682.0,1.1254,1.12546
1747750129720.0,1.12541,1.12547
1747750130403.0,1.12543,1.12549
1747750130731.0,1.12542,1.12548
1747750131171.0,1.12541,1.12547
1747750135142.0,1.1254,1.12546
1747750135718.0,1.12541,1.12547
1747750136047.0,1.12534,1.1254
1747750136159.0,1.1253,1.12536
1747750137284.0,1.12536,1.12542
1747750140976.0,1.12531,1.12537
1747750142019.0,1.1253,1.12536
1747750142459.0,1.12529,1.12535
1747750142694.0,1.12535,1.12541
1747750142904.0,1.1253,1.12536
1747750143666.0,1.12531,1.12537
1747750143770.0,1.12532,1.12538
1747750144617.0,1.12533,1.12539
1747750144839.0,1.12535,1.12541
1747750145790.0,1.12536,1.12542
1747750146891.0,1.12535,1.12541
1747750147110.0,1.12534,1.1254
1747750148452.0,1.12535,1.12541
1747750148783.0,1.12536,1.12542
1747750149224.0,1.12537,1.12543
1747750149453.0,1.12536,1.12542
1747750150162.0,1.12537,1.12543
1747750150379.0,1.12543,1.12549
1747750150492.0,1.12541,1.12547
1747750151261.0,1.12544,1.1255
1747750151369.0,1.12543,1.12549
1747750151849.0,1.12542,1.12548
1747750153067.0,1.12541,1.12547
1747750153177.0,1.1254,1.12546
1747750154404.0,1.12538,1.12544
1747750155220.0,1.1254,1.12546
1747750155430.0,1.12541,1.12547
1747750155903.0,1.12539,1.12545
1747750159270.0,1.12541,1.12547
1747750159377.0,1.1254,1.12546
1747750160669.0,1.12541,1.12547
1747750161328.0,1.12542,1.12548
1747750161557.0,1.12541,1.12547
1747750161671.0,1.12545,1.12551
1747750162098.0,1.12536,1.12554
1747750162216.0,1.12538,1.12555
1747750162651.0,,1.12556
1747750162869.0,,1.12556
1747750163205.0,1.12536,1.12554
1747750163689.0,1.12538,1.12556
1747750168490.0,,1.12558
1747750168999.0,,1.12559
1747750169606.0,1.1254,
1747750169714.0,,1.12556
1747750170823.0,,1.12555
1747750171311.0,1.12541,
1747750171526.0,1.12542,1.12557
1747750171756.0,1.12544,1.12558
1747750172077.0,1.12543,1.12557
1747750172297.0,,1.12558
1747750172407.0,1.12544,1.12557
1747750172932.0,1.12543,
1747750173375.0,1.12542,1.12557
1747750173591.0,1.12542,1.12556
1747750173925.0,,1.12556
1747750174142.0,,1.12555
1747750174365.0,1.12538,1.12558
1747750175224.0,1.12539,
1747750176005.0,,1.12557
1747750177220.0,1.12536,1.12553
1747750177442.0,1.12533,1.12546
1747750178164.0,1.12536,1.12549
1747750179370.0,1.12538,1.12547
1747750180408.0,1.12546,1.12555
1747750180517.0,1.12544,1.12553
1747750181048.0,1.12545,1.12554
1747750181378.0,1.12546,1.12555
1747750181780.0,1.12545,1.12554
1747750182449.0,1.12544,1.12553
1747750184319.0,1.12545,1.12554
1747750184649.0,1.12546,1.12555
1747750185090.0,1.12544,1.12553
1747750185310.0,1.12551,1.12557
1747750185540.0,1.12558,1.12564
1747750186110.0,1.12556,1.12562
1747750186218.0,1.12557,1.12563
1747750186437.0,1.12565,1.12571
1747750186673.0,1.12563,1.12576
1747750186989.0,1.12587,1.12603
1747750187208.0,1.1259,1.12605
1747750187318.0,1.12589,1.12606
1747750187434.0,,1.12605
1747750187765.0,1.1259,1.12604
1747750187880.0,1.12587,1.12599
1747750188089.0,1.12588,1.12602
1747750188309.0,1.12589,1.12601
1747750188528.0,,1.12599
1747750189029.0,1.12584,1.12593
1747750189248.0,1.12588,1.12603
1747750189468.0,1.12591,1.12604
1747750189687.0,1.12589,1.126
1747750190236.0,1.12589,1.12598
1747750190464.0,1.12592,1.12603
1747750190692.0,1.12587,1.12604
1747750191006.0,1.12589,
1747750191118.0,,1.12605
1747750191557.0,,1.12604
1747750191896.0,,1.12614
1747750192107.0,1.12598,1.12611
1747750192438.0,1.12599,1.12608
1747750192658.0,1.12606,1.12619
1747750192883.0,1.12609,1.1262
1747750193433.0,,1.12621
1747750193538.0,1.12612,1.12625
1747750193981.0,,1.12623
1747750194528.0,1.12609,1.12618
1747750194861.0,1.12614,1.12623
1747750195076.0,1.12612,1.12621
1747750195411.0,1.12614,1.12623
1747750195959.0,1.12613,1.12622
1747750196405.0,1.12608,1.12617
1747750196949.0,1.12609,1.12618
1747750198025.0,1.1261,1.12619
1747750198243.0,1.12609,1.12618
1747750199456.0,1.12606,1.12615
1747750199583.0,1.1261,1.12619
1747750200738.0,1.12614,1.12623
1747750201106.0,1.12621,1.1263
1747750201289.0,1.12618,1.12627
1747750201405.0,1.12615,1.12624
1747750201619.0,1.12623,1.12632
1747750201839.0,1.12621,1.12635
1747750202168.0,1.12625,1.12636
1747750202388.0,1.12626,1.12638
1747750202499.0,1.12625,1.12636
1747750202718.0,1.12631,1.1264
1747750202856.0,1.12633,1.12642
1747750203268.0,1.12634,1.12643
1747750204847.0,1.12629,1.12638
1747750205073.0,1.12625,1.12634
1747750205286.0,1.12624,1.12633
1747750205615.0,1.12631,1.1264
1747750206165.0,1.12626,1.12635
1747750206495.0,1.1262,1.12629
1747750206833.0,1.12622,1.12631
1747750206935.0,1.12623,1.12632
1747750207821.0,1.12624,1.12633
1747750208146.0,1.12632,1.12641
1747750208368.0,1.1263,1.12639
1747750208481.0,1.12631,1.1264
1747750209246.0,1.12629,1.12638
1747750209474.0,1.12628,1.12637
1747750209576.0,1.12629,1.12638
1747750210615.0,1.12632,1.12641
1747750211524.0,1.12633,1.12642
1747750211960.0,1.12642,1.12651
1747750212179.0,1.12655,1.12664
1747750212290.0,1.1265,1.12659
1747750212841.0,1.12649,1.12658
1747750213170.0,1.12642,1.12651
1747750213504.0,1.12641,1.1265
1747750213611.0,1.12642,1.12651
1747750214059.0,1.1264,1.12649
1747750214380.0,1.12643,1.12652
1747750214600.0,1.12644,1.12653
1747750215518.0,1.12639,1.12648
1747750216620.0,1.12638,1.12647
1747750217518.0,1.12634,1.12643
1747750217721.0,1.12636,1.12642
1747750218159.0,1.12629,1.12635
1747750218270.0,1.12627,1.12636
1747750219845.0,1.12619,1.12628
1747750220287.0,1.12622,1.12631
1747750220953.0,1.12619,1.12628
1747750221719.0,1.12617,1.12626
1747750221937.0,1.12611,1.1262
1747750222487.0,1.12617,1.12626
1747750222597.0,1.12613,1.12622
1747750223704.0,1.12614,1.12623
1747750224142.0,1.12614,1.12623
1747750224364.0,1.12611,1.1262
1747750224471.0,1.12612,1.12621
1747750225241.0,1.12615,1.12624
1747750225466.0,1.12624,1.12633
1747750225570.0,1.1262,1.12629
1747750226580.0,1.1262,1.12629
1747750226799.0,1.12615,1.12624
1747750226909.0,1.12617,1.12626
1747750227459.0,1.12618,1.12627
1747750228198.0,1.12614,1.12623
1747750229458.0,1.12612,1.12621
1747750230229.0,1.12614,1.12623
1747750231506.0,1.12615,1.12624
1747750233369.0,1.12614,1.12623
1747750233590.0,1.12618,1.12627
1747750234247.0,1.12619,1.12628
1747750235707.0,1.12618,1.12627
1747750236039.0,1.12619,1.12628
1747750236258.0,1.12618,1.12627
1747750236587.0,1.12617,1.12626
1747750237247.0,1.12618,1.12627
1747750237591.0,1.12617,1.12626
1747750237812.0,1.12622,1.12631
1747750238140.0,1.12621,1.1263
1747750238741.0,1.12622,1.12631
1747750239281.0,1.12621,1.1263
1747750239393.0,1.12623,1.12632
1747750239616.0,1.12622,1.12631
1747750240286.0,1.12621,1.1263
1747750240617.0,1.1262,1.12629
1747750240841.0,1.12619,1.12628
1747750241928.0,1.12623,1.12632
1747750242730.0,1.12625,1.12631
1747750243055.0,1.12626,1.12632
1747750243824.0,1.12628,1.12634
1747750244608.0,1.12627,1.12633
1747750245269.0,1.12624,1.1263
1747750247942.0,1.1262,1.12626
1747750248168.0,1.12619,1.12625
1747750249561.0,1.12614,1.1262
1747750250234.0,1.12622,1.12628
1747750250458.0,1.12621,1.12627
1747750250895.0,1.1262,1.12626
1747750251554.0,1.12616,1.12622
1747750251779.0,1.12616,1.12622
1747750253095.0,1.12617,1.12623
1747750253204.0,1.12616,1.12622
1747750255703.0,1.12614,1.1262
1747750256406.0,1.12612,1.12618
1747750256627.0,1.12612,1.12618
1747750256957.0,1.12615,1.12621
1747750257066.0,1.1261,1.12616
1747750258215.0,1.12611,1.12617
1747750259585.0,1.12606,1.12612
1747750259696.0,1.12604,1.1261
1747750260685.0,1.12602,1.12608
1747750260793.0,1.12599,1.12605
1747750261235.0,1.126,1.12606
1747750262335.0,1.12602,1.12611
1747750262445.0,1.12603,1.12612
1747750263215.0,1.12601,1.1261
1747750263436.0,1.12602,1.12611
1747750263656.0,1.12602,1.12611
1747750264234.0,1.12601,1.12607
1747750264453.0,1.126,1.12606
1747750264776.0,1.12599,1.12605
1747750264999.0,1.12596,1.12602
1747750265104.0,1.12597,1.12603
1747750266216.0,1.12596,1.12602
1747750266329.0,1.12595,1.12601
1747750266767.0,1.12594,1.126
1747750267245.0,1.12593,1.12599
1747750268235.0,1.12584,1.1259
1747750268677.0,1.12585,1.12591
1747750269538.0,1.12588,1.12594
1747750270418.0,1.1259,1.12596
1747750272769.0,1.12594,1.126
1747750274709.0,1.12592,1.12598
1747750275362.0,1.12594,1.126
1747750275471.0,1.12595,1.12601
1747750277619.0,1.12594,1.126
1747750280364.0,1.12591,1.12597
1747750280688.0,1.12593,1.12599
1747750281022.0,1.12593,1.12599
1747750281350.0,1.12594,1.126
1747750282934.0,1.12593,1.12599
1747750283171.0,1.12592,1.12598
1747750283373.0,1.12593,1.12599
1747750285136.0,1.12594,1.126
1747750288615.0,1.1259,1.12596
1747750289875.0,1.12591,1.12597
1747750290281.0,1.12593,1.12599
1747750293018.0,1.12597,1.12603
1747750293127.0,1.12596,1.12602
1747750293349.0,1.12597,1.12603
1747750294344.0,1.12599,1.12605
1747750294449.0,1.12598,1.12604
1747750294887.0,1.12596,1.12602
1747750295437.0,1.12597,1.12603
1747750299095.0,1.12596,1.12602
1747750300725.0,1.12597,1.12603
1747750304039.0,1.12591,1.12597
1747750304143.0,1.1259,1.12596
1747750304253.0,1.12589,1.12595
1747750304472.0,1.1259,1.12596
1747750305172.0,1.12584,1.1259
1747750305283.0,1.12582,1.12588
1747750305504.0,1.12583,1.12589
1747750306287.0,1.12582,1.12588
1747750306751.0,1.1258,1.12586
1747750307077.0,1.12582,1.12588
1747750307197.0,1.12585,1.12591
1747750307630.0,1.12583,1.12589
1747750307738.0,1.12582,1.12588
1747750308949.0,1.12582,1.12588
1747750309829.0,1.12583,1.12589
1747750309939.0,1.12584,1.1259
1747750310808.0,1.12576,1.12582
1747750311028.0,1.12577,1.12583
1747750312886.0,1.12576,1.12582
1747750313215.0,1.12577,1.12583
1747750313434.0,1.12582,1.12588
1747750314103.0,1.12577,1.12583
1747750314206.0,1.12575,1.12581
1747750314426.0,1.12577,1.12583
1747750315404.0,1.12576,1.12582
1747750315733.0,1.12577,1.12583
1747750316189.0,1.12578,1.12584
1747750316721.0,1.12579,1.12585
1747750317273.0,1.12581,1.12587
1747750318186.0,1.12586,1.12592
1747750318516.0,1.12585,1.12591
1747750320317.0,1.12576,1.12582
1747750320869.0,1.12575,1.12581
1747750320977.0,1.12573,1.12579
1747750321435.0,1.1257,1.12576
1747750322114.0,1.12572,1.12578
1747750323808.0,1.12564,1.1257
1747750324143.0,1.12565,1.12571
1747750324255.0,1.12566,1.12572
1747750324777.0,1.12565,1.12571
1747750325215.0,1.12566,1.12572
1747750325438.0,1.12565,1.12571
1747750325768.0,1.12566,1.12572
1747750326575.0,1.12566,1.12572
1747750327473.0,1.1257,1.12576
1747750327585.0,1.12567,1.12573
1747750328740.0,1.12569,1.12575
1747750329081.0,1.12567,1.12573
1747750329879.0,1.1257,1.12576
1747750329988.0,1.12571,1.12577
1747750330689.0,1.12571,1.12577
1747750331023.0,1.12572,1.12578
1747750332344.0,1.12573,1.12579
1747750332450.0,1.12572,1.12578
1747750332832.0,1.12571,1.12577
1747750332939.0,1.12572,1.12578
1747750335465.0,1.12571,1.12577
1747750338106.0,1.12575,1.12581
1747750338422.0,1.12574,1.1258
1747750338752.0,1.12576,1.12582
1747750339211.0,1.12577,1.12583
1747750339430.0,1.12576,1.12582
1747750340716.0,1.12581,1.12587
1747750340938.0,1.12576,1.12582
1747750341052.0,1.12577,1.12583
1747750343348.0,1.12576,1.12582
1747750343903.0,1.12577,1.12583
1747750345566.0,1.12582,1.12588
1747750345895.0,1.12581,1.12587
1747750346671.0,1.12578,1.12584
1747750346886.0,1.12577,1.12583
1747750347682.0,1.12578,1.12584
1747750348127.0,1.1258,1.12586
1747750348452.0,1.12578,1.12584
1747750348892.0,1.12577,1.12583
1747750349005.0,1.1258,1.12586
1747750349225.0,1.12581,1.12587
1747750349446.0,1.1258,1.12586
1747750349883.0,1.12581,1.12587
1747750351773.0,1.1258,1.12586
1747750351887.0,1.12579,1.12585
1747750352918.0,1.12574,1.1258
1747750353030.0,1.12575,1.12581
1747750354339.0,1.12574,1.1258
1747750356122.0,1.12573,1.12579
1747750356343.0,1.12572,1.12578
1747750358197.0,1.1257,1.12576
1747750359271.0,1.12565,1.12571
1747750359604.0,1.1257,1.12576
1747750360420.0,1.12569,1.12575
1747750361307.0,1.12567,1.12573
1747750362332.0,1.12566,1.12572
1747750362440.0,1.12567,1.12573
1747750363593.0,1.12566,1.12572
1747750366413.0,1.12565,1.12571
1747750366855.0,1.12564,1.1257
1747750367297.0,1.1257,1.12576
1747750367403.0,1.12571,1.12577
1747750375165.0,1.12569,1.12575
1747750376221.0,1.12571,1.12577
1747750376326.0,1.12569,1.12575
1747750376864.0,1.12571,1.12577
1747750379070.0,1.1257,1.12576
1747750379804.0,1.12568,1.12574
1747750380029.0,1.12569,1.12575
1747750380356.0,1.1257,1.12576
1747750380575.0,1.12577,1.12583
1747750380683.0,1.12587,1.12593
1747750380904.0,1.12588,1.12594
1747750381123.0,1.12587,1.12593
1747750381346.0,1.12584,1.1259
1747750381785.0,1.12586,1.12592
1747750382789.0,1.12587,1.12593
1747750382903.0,1.12588,1.12594
1747750383452.0,1.12591,1.12597
1747750383670.0,1.12594,1.126
1747750384114.0,1.12593,1.12599
1747750384333.0,1.12594,1.126
1747750384550.0,1.12601,1.12607
1747750384880.0,1.126,1.12606
1747750384991.0,1.12599,1.12605
1747750385214.0,1.126,1.12606
1747750385322.0,1.12599,1.12605
1747750385651.0,1.12601,1.12607
1747750385871.0,1.12601,1.12607
1747750386751.0,1.12599,1.12605
1747750386861.0,1.12598,1.12604
1747750387192.0,1.12599,1.12605
1747750389228.0,1.126,1.12606
1747750389336.0,1.12601,1.12607
1747750389552.0,1.12602,1.12608
1747750390323.0,1.12601,1.12607
1747750391864.0,1.12594,1.126
1747750392506.0,1.126,1.12606
1747750392611.0,1.12601,1.12607
1747750393384.0,1.12602,1.12608
1747750393824.0,1.12603,1.12609
1747750394377.0,1.12602,1.12608
1747750394485.0,1.12601,1.12607
1747750394925.0,1.12602,1.12608
1747750395522.0,1.12601,1.12607
1747750395969.0,1.126,1.12606
1747750396298.0,1.12601,1.12607
1747750396738.0,1.12603,1.12609
1747750397623.0,1.12602,1.12608
1747750397727.0,1.12601,1.12607
1747750400830.0,1.126,1.12606
1747750400943.0,1.12604,1.1261
1747750401894.0,1.12605,1.12611
1747750403640.0,1.12603,1.12609
1747750403860.0,1.12612,1.12618
1747750404079.0,1.12611,1.12617
1747750404747.0,1.1261,1.12616
1747750404854.0,1.12606,1.12612
1747750405179.0,1.12604,1.1261
1747750405998.0,1.12598,1.12604
1747750406545.0,1.12599,1.12605
1747750406655.0,1.126,1.12606
1747750407132.0,1.12598,1.12604
1747750408245.0,1.12595,1.12601
1747750408465.0,1.12596,1.12602
1747750410224.0,1.12595,1.12601
1747750410774.0,1.12596,1.12602
1747750412121.0,1.12595,1.12601
1747750412619.0,1.12601,1.12607
1747750413498.0,1.12602,1.12608
1747750413723.0,1.12601,1.12607
1747750413937.0,1.12603,1.12609
1747750414777.0,1.12601,1.12607
1747750415217.0,1.12605,1.12611
1747750415331.0,1.12603,1.12609
1747750415545.0,1.12604,1.1261
1747750415776.0,1.12605,1.12611
1747750415876.0,1.12606,1.12612
1747750416537.0,1.12608,1.12614
1747750416758.0,1.12609,1.12615
1747750417515.0,1.1261,1.12616
1747750418066.0,1.12608,1.12614
1747750418176.0,1.12609,1.12615
1747750418883.0,1.1261,1.12616
1747750419887.0,1.12609,1.12615
1747750420221.0,1.1261,1.12616
1747750420347.0,1.12611,1.12617
1747750421103.0,1.1261,1.12616
1747750424114.0,1.12611,1.12617
1747750424783.0,1.12611,1.12617
1747750424884.0,1.1261,1.12616
1747750425104.0,1.12605,1.12611
1747750425544.0,1.12604,1.1261
1747750425984.0,1.12605,1.12611
1747750426318.0,1.12606,1.12612
1747750426645.0,1.12604,1.1261
1747750426866.0,1.1261,1.12616
1747750427417.0,1.12606,1.12612
1747750427746.0,1.12604,1.1261
1747750428239.0,1.12603,1.12609
1747750428350.0,1.12605,1.12611
1747750429611.0,1.12601,1.12607
1747750430271.0,1.126,1.12606
1747750430381.0,1.12601,1.12607
1747750433087.0,1.1261,1.12616
1747750433412.0,1.12609,1.12615
1747750434182.0,1.12607,1.12613
1747750434622.0,1.12608,1.12614
1747750435064.0,1.12605,1.12611
1747750435285.0,1.1261,1.12616
1747750435393.0,1.12611,1.12617
1747750435503.0,1.12613,1.12619
1747750435872.0,1.12611,1.12617
1747750435989.0,1.12615,1.12621
1747750437915.0,1.12616,1.12622
1747750439135.0,1.12616,1.12622
1747750439368.0,1.12614,1.1262
1747750439793.0,1.12618,1.12624
1747750440233.0,1.12619,1.12625
1747750440344.0,1.12618,1.12624
1747750440786.0,1.1262,1.12626
1747750441005.0,1.12626,1.12632
1747750441335.0,1.12625,1.12631
1747750441462.0,1.12626,1.12632
1747750441774.0,1.12625,1.12631
1747750442330.0,1.12629,1.12635
1747750442437.0,1.12631,1.12637
1747750442886.0,1.12633,1.12639
1747750443213.0,1.12634,1.1264
1747750443332.0,1.12635,1.12641
1747750443763.0,1.12634,1.1264
1747750444544.0,1.12638,1.12644
1747750445435.0,1.12639,1.12645
1747750445755.0,1.12638,1.12644
1747750445975.0,1.12635,1.12641
1747750446197.0,1.12627,1.12633
1747750446746.0,1.12633,1.12639
1747750446966.0,1.12631,1.12637
1747750447735.0,1.12633,1.12639
1747750447955.0,1.12628,1.12634
1747750448287.0,1.12631,1.12637
1747750448404.0,1.12636,1.12642
1747750448880.0,1.12636,1.12642
1747750449105.0,1.12637,1.12643
1747750449326.0,1.12641,1.12647
1747750450093.0,1.1264,1.12646
1747750450531.0,1.12637,1.12643
1747750450971.0,1.12639,1.12645
1747750451312.0,1.12638,1.12644
1747750451961.0,1.12635,1.12641
1747750452541.0,1.12634,1.1264
1747750455888.0,1.12635,1.12641
1747750456108.0,1.12641,1.12647
1747750456440.0,1.1264,1.12646
1747750456672.0,1.12644,1.1265
1747750457834.0,1.12643,1.12649
1747750458383.0,1.12641,1.12647
1747750458606.0,1.12646,1.12652
1747750459234.0,1.12643,1.12649
1747750459453.0,1.12646,1.12652
1747750459676.0,1.12647,1.12653
1747750459784.0,1.12646,1.12652
1747750459894.0,1.12645,1.12651
1747750460114.0,1.12644,1.1265
1747750460869.0,1.12642,1.12648
1747750461093.0,1.12643,1.12649
1747750461419.0,1.12642,1.12648
1747750461638.0,1.12643,1.12649
1747750461748.0,1.12642,1.12648
1747750462189.0,1.12639,1.12645
1747750463005.0,1.12641,1.12647
1747750463557.0,1.1264,1.12646
1747750464283.0,1.12641,1.12647
1747750464839.0,1.12641,1.12647
1747750465169.0,1.12642,1.12648
1747750465510.0,1.12643,1.12649
1747750465836.0,1.12642,1.12648
1747750466495.0,1.12641,1.12647
1747750466825.0,1.12642,1.12648
1747750467268.0,1.1264,1.12646
1747750467597.0,1.12649,1.12655
1747750467819.0,1.12646,1.12652
1747750468147.0,1.1265,1.12656
1747750468702.0,1.1265,1.12656
1747750469699.0,1.12643,1.12649
1747750470139.0,1.12644,1.1265
1747750470579.0,1.12643,1.12649
1747750470693.0,1.12646,1.12652
1747750472607.0,1.12645,1.12651
1747750473093.0,1.12646,1.12652
1747750473903.0,1.1264,1.12646
1747750474121.0,1.12645,1.12651
1747750474230.0,1.12646,1.12652
1747750475663.0,1.12644,1.1265
1747750475883.0,1.12643,1.12649
1747750476211.0,1.12642,1.12648
1747750478066.0,1.12645,1.12651
1747750479983.0,1.12635,1.12641
1747750481593.0,1.12634,1.1264
1747750482252.0,1.12634,1.1264
1747750482583.0,1.12631,1.12637
1747750486958.0,1.12627,1.12633
1747750487160.0,1.12628,1.12634
1747750489750.0,1.12627,1.12633
1747750491752.0,1.12626,1.12632
1747750491982.0,1.12626,1.12632
1747750493894.0,1.12622,1.12628
1747750494383.0,1.12625,1.12631
1747750494494.0,1.12626,1.12632
1747750495287.0,1.1262,1.12626
1747750495507.0,1.12624,1.1263
1747750495617.0,1.12623,1.12629
1747750497108.0,1.12622,1.12628
1747750497210.0,1.12623,1.12629
1747750497430.0,1.12621,1.12627
1747750497556.0,1.12624,1.1263
1747750499197.0,1.12623,1.12629
1747750499416.0,1.12625,1.12631
1747750499746.0,1.12626,1.12632
1747750500078.0,1.12632,1.12638
1747750500186.0,1.12633,1.12639
1747750500658.0,1.12634,1.1264
1747750501765.0,1.12636,1.12642
1747750502426.0,1.12637,1.12643
1747750502759.0,1.12636,1.12642
1747750504871.0,1.12639,1.12645
1747750505204.0,1.1264,1.12646
1747750507138.0,1.12641,1.12647
1747750507472.0,1.12653,1.12659
1747750508254.0,1.12656,1.12662
1747750509338.0,1.12652,1.12658
1747750509448.0,1.12653,1.12659
1747750509892.0,1.1265,1.12656
1747750510113.0,1.12649,1.12655
1747750510769.0,1.12651,1.12657
1747750510988.0,1.12653,1.12659
1747750511649.0,1.1265,1.12656
1747750515984.0,1.12651,1.12657
1747750516422.0,,1.12651
1747750516644.0,1.12639,1.12648
1747750517744.0,1.12641,1.1265
1747750518073.0,1.12644,
1747750518298.0,1.12643,1.12649
1747750519325.0,1.12646,1.12652
1747750521506.0,1.12643,1.12649
1747750521836.0,1.12646,1.12652
1747750521947.0,1.12643,1.12649
1747750522166.0,1.12644,1.1265
1747750522938.0,1.12642,1.12648
1747750523465.0,1.12645,1.12651
1747750523689.0,1.12644,1.1265
1747750524564.0,1.12641,1.12647
1747750524797.0,1.12643,1.12649
1747750525114.0,1.12642,1.12648
1747750525443.0,1.12641,1.12647
1747750526575.0,1.1264,1.12646
1747750526805.0,1.12641,1.12647
1747750527899.0,1.1264,1.12646
1747750528208.0,1.12641,1.12647
1747750530233.0,1.12642,1.12648
1747750531629.0,1.1264,1.12646
1747750533112.0,1.12635,1.12641
1747750533328.0,1.12634,1.1264
1747750533983.0,1.12633,1.12639
1747750534204.0,1.12638,1.12644
1747750534531.0,1.12641,1.12647
1747750535192.0,1.1264,1.12646
1747750536415.0,1.12641,1.12647
1747750537516.0,1.12639,1.12645
1747750538581.0,1.1264,1.12646
1747750539082.0,1.12641,1.12647
1747750540027.0,1.12636,1.12642
1747750541330.0,1.12635,1.12641
1747750542430.0,1.12637,1.12643
1747750542872.0,1.12636,1.12642
1747750544047.0,1.12635,1.12641
1747750547206.0,1.12634,1.1264
1747750547860.0,1.12633,1.12639
1747750548110.0,1.12631,1.12637
1747750548662.0,1.12624,1.1263
1747750549217.0,1.12625,1.12631
1747750549328.0,1.12624,1.1263
1747750549768.0,1.12621,1.12627
1747750549878.0,1.12623,1.12629
1747750550214.0,1.12625,1.12631
1747750550429.0,1.12626,1.12632
1747750551491.0,1.1263,1.12636
1747750552040.0,1.12631,1.12637
1747750553184.0,1.12623,1.12629
1747750554522.0,1.12621,1.12627
1747750554909.0,1.12624,1.1263
1747750555129.0,1.12625,1.12631
1747750555459.0,1.12622,1.12628
1747750555568.0,1.12623,1.12629
1747750556741.0,1.12621,1.12627
1747750560926.0,1.12618,1.12624
1747750561149.0,1.12621,1.12627
1747750561370.0,1.12622,1.12628
1747750564080.0,1.12621,1.12627
1747750564406.0,1.12623,1.12629
1747750565396.0,1.1262,1.12626
1747750565617.0,1.12622,1.12628
1747750566495.0,1.12625,1.12631
1747750566874.0,1.12624,1.1263
1747750567313.0,1.12622,1.12628
1747750569350.0,1.12621,1.12627
1747750572087.0,1.12624,1.1263
1747750574156.0,1.12625,1.12631
1747750574375.0,1.12621,1.12627
1747750574819.0,1.12622,1.12628
1747750576142.0,1.12621,1.12627
1747750576807.0,1.12615,1.12621
1747750577369.0,1.12618,1.12624
1747750577476.0,1.12617,1.12623
1747750578385.0,1.12616,1.12622
1747750579841.0,1.12624,1.1263
1747750581008.0,1.12622,1.12628
1747750581116.0,1.1262,1.12626
1747750582236.0,1.12616,1.12622
1747750582675.0,1.12617,1.12623
1747750583008.0,1.12616,1.12622
1747750590716.0,1.12618,1.12624
1747750590822.0,1.12619,1.12625
1747750591164.0,1.12616,1.12622
1747750591924.0,1.12617,1.12623
1747750593410.0,1.12619,1.12625
1747750593959.0,1.1262,1.12626
1747750594180.0,1.12619,1.12625
1747750594288.0,1.12618,1.12624
1747750594619.0,1.12621,1.12627
1747750595456.0,1.1262,1.12626
1747750596257.0,1.12615,1.12621
1747750597704.0,1.12616,1.12622
1747750600220.0,1.12615,1.12621
1747750600322.0,1.12614,1.1262
1747750600661.0,1.12612,1.12618
1747750600982.0,1.12611,1.12617
1747750601422.0,1.12612,1.12618
1747750603620.0,1.12611,1.12617
1747750604105.0,1.1261,1.12616
1747750604320.0,1.12609,1.12615
1747750606489.0,1.12607,1.12613
1747750607521.0,1.12608,1.12614
1747750608230.0,1.1261,1.12616
1747750608557.0,1.12609,1.12615
1747750608795.0,1.1261,1.12616
1747750609217.0,1.12614,1.1262
1747750609327.0,1.12615,1.12621
1747750609547.0,1.12613,1.12619
1747750609779.0,1.12615,1.12621
1747750610105.0,1.12609,1.12615
1747750610320.0,1.12606,1.12612
1747750610537.0,1.12607,1.12613
1747750611548.0,1.12604,1.1261
1747750611765.0,1.12605,1.12611
1747750612095.0,1.12606,1.12612
1747750613428.0,1.12604,1.1261
1747750614303.0,1.12609,1.12615
1747750614397.0,1.12612,1.12618
1747750614519.0,1.12614,1.1262
1747750615022.0,1.12615,1.12621
1747750615905.0,1.12609,1.12615
1747750616235.0,1.12608,1.12614
1747750616343.0,1.12607,1.12613
1747750616566.0,1.12608,1.12614
1747750616677.0,1.12609,1.12615
1747750617465.0,1.1261,1.12616
1747750618684.0,1.12609,1.12615
1747750620033.0,1.1261,1.12616
1747750622871.0,1.12611,1.12617
1747750623310.0,1.12617,1.12623
1747750623427.0,1.12616,1.12622
1747750624181.0,1.12615,1.12621
1747750625214.0,1.12609,1.12615
1747750627617.0,1.12611,1.12617
1747750627731.0,1.1261,1.12616
1747750629244.0,1.12608,1.12614
1747750629464.0,1.12609,1.12615
1747750630698.0,1.1261,1.12616
1747750630921.0,1.12611,1.12617
1747750634012.0,1.12612,1.12618
1747750634231.0,1.12611,1.12617
1747750634562.0,1.12607,1.12613
1747750634673.0,1.12604,1.1261
1747750634890.0,1.12605,1.12611
1747750635005.0,1.12601,1.12607
1747750635112.0,1.12599,1.12605
1747750635227.0,1.126,1.12606
1747750635551.0,1.12601,1.12607
1747750636210.0,1.12595,1.12601
1747750636762.0,1.12593,1.12599
1747750637531.0,1.12591,1.12597
1747750637865.0,1.12592,1.12598
1747750638851.0,1.12595,1.12601
1747750641341.0,1.12594,1.126
1747750641911.0,1.12596,1.12602
1747750642022.0,1.12594,1.126
1747750644465.0,1.12593,1.12599
1747750646419.0,1.12595,1.12601
1747750648812.0,1.12595,1.12601
1747750650851.0,1.126,1.12606
1747750650956.0,1.12601,1.12607
1747750651174.0,1.126,1.12606
1747750652315.0,1.12601,1.12607
1747750652424.0,1.12604,1.1261
1747750652645.0,1.12603,1.12609
1747750653780.0,1.12601,1.12607
1747750653888.0,1.12602,1.12608
1747750654111.0,1.12597,1.12603
1747750654220.0,1.12595,1.12601
1747750654879.0,1.12593,1.12599
1747750654998.0,1.12592,1.12598
1747750655965.0,1.1259,1.12596
1747750656579.0,1.12587,1.12593
1747750656692.0,1.12588,1.12594
1747750657136.0,1.12591,1.12597
1747750657679.0,1.1259,1.12596
1747750658960.0,1.12589,1.12595
1747750659069.0,1.1259,1.12596
1747750659180.0,1.12592,1.12598
1747750659295.0,1.12595,1.12601
1747750660064.0,1.12594,1.126
1747750660680.0,1.12595,1.12601
1747750661832.0,1.12597,1.12603
1747750661947.0,1.12601,1.12607
1747750662162.0,1.12601,1.12607
1747750664330.0,1.12605,1.12611
1747750665277.0,1.12604,1.1261
1747750665497.0,1.12598,1.12604
1747750665606.0,1.12597,1.12603
1747750665718.0,1.126,1.12606
1747750668574.0,1.12597,1.12603
1747750668684.0,1.12595,1.12601
1747750668906.0,1.12598,1.12604
1747750669620.0,1.12599,1.12605
1747750670413.0,1.126,1.12606
1747750670741.0,1.12604,1.1261
1747750670852.0,1.12599,1.12605
1747750671260.0,1.12601,1.12607
1747750671916.0,1.12603,1.12609
1747750672248.0,1.12602,1.12608
1747750672709.0,1.12601,1.12607
1747750674060.0,1.12603,1.12609
1747750674162.0,1.12607,1.12613
1747750674604.0,1.12608,1.12614
1747750674715.0,1.12606,1.12612
1747750675833.0,1.12605,1.12611
1747750680563.0,1.12606,1.12612
1747750681365.0,1.12597,1.12603
1747750681581.0,1.12598,1.12604
1747750681697.0,1.12599,1.12605
1747750682138.0,1.12594,1.12605
1747750682249.0,1.12598,1.12607
1747750683707.0,1.12593,1.12605
1747750684564.0,1.12594,1.12603
1747750685142.0,1.12591,1.126
1747750685251.0,1.12589,
1747750685362.0,1.1259,1.12599
1747750690119.0,1.12589,1.12598
1747750690780.0,1.1259,1.12599
1747750691362.0,1.12589,1.12598
1747750692276.0,1.12591,1.126
1747750693414.0,1.12589,1.12598
1747750693538.0,1.1259,1.12599
1747750694224.0,1.12591,1.126
1747750694441.0,1.12592,1.12601
1747750695018.0,1.12589,1.12598
1747750695131.0,1.1259,1.12599
1747750696864.0,1.12589,1.12598
1747750697645.0,1.12585,1.12594
1747750697867.0,1.12584,1.12593
1747750700654.0,1.1259,1.12596
1747750702081.0,1.12591,1.12597
1747750702522.0,1.12586,1.12592
1747750704704.0,1.12585,1.12591
1747750705186.0,1.12583,1.12592
1747750706054.0,1.12578,1.12587
1747750707252.0,1.12574,1.12583
1747750708463.0,1.12576,1.12585
1747750708586.0,1.12573,1.12582
1747750710905.0,1.12574,1.12583
1747750712485.0,1.12575,1.12584
1747750715204.0,1.12576,1.12585
1747750715926.0,1.12585,1.12591
1747750716361.0,1.12581,1.12587
1747750717240.0,1.12583,1.12589
1747750717790.0,1.12582,1.12588
1747750717904.0,1.1258,1.12586
1747750718122.0,1.12579,1.12585
1747750718450.0,1.12574,1.1258
1747750718781.0,1.12575,1.12581
1747750719551.0,1.12579,1.12585
1747750719881.0,1.12577,1.12583
1747750720324.0,1.12579,1.12585
1747750720820.0,1.12582,1.12588
1747750720930.0,1.12583,1.12589
1747750721699.0,1.12584,1.1259
1747750722408.0,1.12582,1.12588
1747750723155.0,1.12581,1.12587
1747750726449.0,1.12582,1.12588
1747750726780.0,1.12593,1.12599
1747750726889.0,1.1259,1.12596
1747750727329.0,1.12585,1.12591
1747750728573.0,1.12586,1.12592
1747750730526.0,1.12587,1.12593
1747750732403.0,1.12588,1.12594
1747750732622.0,1.12585,1.12591
1747750732949.0,1.12586,1.12592
1747750734015.0,1.12591,1.12597
1747750735327.0,1.12586,1.12592
1747750735885.0,1.12585,1.12591
1747750736544.0,1.12587,1.12593
1747750736768.0,1.1259,1.12596
1747750737837.0,1.12588,1.12594
1747750738386.0,1.12587,1.12593
1747750740184.0,1.12583,1.12597
1747750740904.0,1.12582,1.12594
1747750741435.0,1.12578,1.12591
1747750741665.0,1.12582,1.12595
1747750741985.0,1.12583,1.12596
1747750742206.0,1.12586,1.12599
1747750742315.0,1.12587,1.12598
1747750743145.0,1.12586,1.12597
1747750744137.0,1.12581,1.12592
1747750744247.0,1.12579,1.12591
1747750744577.0,,1.12593
1747750745016.0,1.12583,1.12592
1747750749227.0,1.12584,1.12593
1747750749345.0,1.12585,1.12594
1747750749824.0,1.12586,1.12595
1747750752145.0,1.1259,1.12599
1747750752473.0,1.12588,1.12597
1747750755961.0,1.12585,1.12594
1747750756855.0,1.12579,1.12588
1747750757071.0,1.1258,1.12586
1747750757953.0,1.12581,1.12587
1747750758285.0,1.12582,1.12588
1747750758724.0,1.12582,1.12588
1747750758944.0,1.12581,1.12587
1747750759274.0,1.12586,1.12592
1747750759493.0,1.12585,1.12591
1747750759979.0,1.1259,1.12596
1747750760199.0,1.12589,1.12595
1747750761061.0,1.12588,1.12594
1747750761281.0,1.12589,1.12595
1747750761620.0,1.1259,1.12596
1747750763145.0,1.12586,1.12592
1747750763255.0,1.1259,1.12596
1747750763948.0,1.12591,1.12597
1747750764466.0,1.12598,1.12604
1747750764796.0,1.12596,1.12602
1747750766390.0,1.12595,1.12601
1747750766488.0,1.12596,1.12602
1747750767977.0,1.12595,1.12601
1747750770159.0,1.12588,1.12594
1747750770383.0,1.12589,1.12595
1747750770482.0,1.12587,1.12593
1747750771411.0,1.1259,1.12596
1747750773565.0,1.12585,1.12591
1747750775294.0,1.12586,1.12592
1747750775910.0,1.12585,1.12591
1747750776118.0,1.1258,1.12586
1747750777206.0,1.12575,1.12581
1747750778237.0,1.12576,1.12582
1747750778347.0,1.12575,1.12581
1747750778565.0,1.12576,1.12582
1747750781702.0,1.12573,1.12579
1747750784021.0,1.12572,1.12578
1747750784594.0,1.1257,1.12576
1747750785145.0,1.12566,1.12572
1747750786915.0,1.12561,1.12567
1747750787608.0,1.12562,1.12568
1747750787832.0,1.12556,1.12573
1747750789346.0,1.12549,1.12567
1747750789454.0,1.1255,
1747750789568.0,1.12558,1.12573
1747750790224.0,1.12567,
1747750790447.0,1.12571,1.1258
1747750790554.0,1.12567,1.12585
1747750790665.0,1.12566,
1747750791213.0,1.12564,1.12582
1747750791544.0,1.1257,1.12588
1747750791656.0,1.12566,1.12583
1747750791875.0,1.12567,
1747750792214.0,1.12568,1.12584
1747750793297.0,1.12565,1.12581
1747750794230.0,1.12568,1.12584
1747750794341.0,1.12566,1.12582
1747750794679.0,1.12568,1.12584
1747750795002.0,1.12567,1.12583
1747750795220.0,1.12568,
1747750795440.0,1.12566,1.12582
1747750795882.0,1.12572,1.12587
1747750796321.0,1.12571,1.12586
1747750796542.0,,1.12584
1747750796880.0,,1.12585
1747750797973.0,1.1257,1.12584
1747750799054.0,1.12571,
1747750800554.0,1.12569,1.12581
1747750800664.0,1.12572,1.12584
1747750802015.0,1.12573,1.12585
1747750802590.0,,1.12584
1747750803139.0,1.12572,1.12583
1747750805932.0,1.12581,1.1259
1747750806147.0,1.12583,1.12592
1747750806477.0,1.12582,1.12591
1747750806812.0,1.12584,1.12593
1747750807478.0,1.12583,1.12592
1747750808724.0,1.12582,1.12591
1747750809173.0,1.1258,1.12589
1747750811034.0,1.12581,1.1259
1747750812459.0,1.12583,1.12592
1747750814283.0,1.12579,1.12588
1747750814392.0,1.1258,1.12589
1747750815164.0,1.12571,1.12587
1747750815273.0,1.12569,1.12585
1747750816239.0,1.12575,1.12589
1747750816348.0,1.12574,1.12588
1747750816460.0,1.1257,1.12584
1747750816807.0,1.12571,1.12585
1747750817963.0,,1.12584
1747750820219.0,1.12572,1.12585
1747750821792.0,1.12571,1.12584
1747750822124.0,1.12572,
1747750822782.0,1.12575,1.12588
1747750823819.0,1.12574,1.12586
1747750824031.0,1.12574,1.12586
1747750824471.0,1.12572,1.12584
1747750825369.0,,1.12583
1747750828389.0,1.12574,
1747750831584.0,1.12575,1.12584
1747750832812.0,1.12581,1.1259
1747750832920.0,1.12584,1.12593
1747750833849.0,1.12577,1.12586
1747750833959.0,1.12578,1.12587
1747750834069.0,1.12579,1.12588
1747750834730.0,1.1258,1.12589
1747750835059.0,1.12579,1.12588
1747750836050.0,1.12581,1.1259
1747750836161.0,1.12582,1.12591
1747750837152.0,1.1258,1.12589
1747750838033.0,1.12581,1.1259
1747750838263.0,1.12576,1.12585
1747750838472.0,1.12578,1.12587
1747750840709.0,1.12579,1.12588
1747750841082.0,1.12578,1.12587
1747750841792.0,1.12579,1.12588
1747750842336.0,1.12575,1.12584
1747750842664.0,1.12578,1.12587
1747750842774.0,1.12579,1.12588
1747750843215.0,1.12578,1.12587
1747750844840.0,1.12579,1.12588
1747750845393.0,1.12578,1.12587
1747750845612.0,1.12577,1.12586
1747750846972.0,1.1258,
1747750853006.0,1.12581,1.12587
1747750853938.0,1.12585,1.12591
1747750854871.0,1.1258,1.12586
1747750860412.0,1.1259,1.12596
1747750860643.0,1.12584,1.1259
1747750861446.0,1.12585,1.12591
1747750862017.0,1.12584,1.1259
1747750862645.0,1.12581,1.12587
1747750863690.0,1.12582,1.12588
1747750865191.0,1.12575,1.12581
1747750865629.0,1.12576,1.12582
1747750871310.0,1.12575,1.12581
1747750871818.0,1.12576,1.12582
1747750872260.0,1.12574,1.1258
1747750873488.0,1.12574,1.1258
1747750874142.0,1.12575,1.12581
1747750874362.0,1.12576,1.12582
1747750874479.0,1.12575,1.12581
1747750875356.0,1.12576,1.12582
1747750878828.0,1.12575,1.12581
1747750879742.0,1.12576,1.12582
1747750880539.0,1.12578,1.12584
1747750881076.0,1.12573,1.12579
1747750881882.0,1.12572,1.12578
1747750881982.0,1.12575,1.12581
1747750882422.0,1.12576,1.12582
1747750882754.0,1.12575,1.12581
1747750883434.0,1.12578,1.12584
1747750884203.0,1.12577,1.12583
1747750884648.0,1.12576,1.12582
1747750884759.0,1.12574,1.1258
1747750885559.0,1.12573,1.12579
1747750886548.0,1.12575,1.12581
1747750896224.0,1.1257,1.12576
1747750896444.0,1.12571,1.12577
1747750896777.0,1.1257,1.12576
1747750903252.0,1.12579,1.12585
1747750903378.0,1.12581,1.12587
1747750903596.0,1.12585,1.12591
1747750905021.0,1.12586,1.12592
1747750905354.0,1.12585,1.12591
1747750905681.0,1.12586,1.12592
1747750905904.0,1.12584,1.1259
1747750906866.0,1.12593,1.12599
1747750907094.0,1.12591,1.12597
1747750908432.0,1.1259,1.12596
1747750909252.0,1.12588,1.12594
1747750909363.0,1.12589,1.12595
1747750909807.0,1.12594,1.126
1747750910023.0,1.12589,1.12595
1747750910548.0,1.1259,1.12596
1747750911265.0,1.12591,1.12597
1747750914396.0,1.1259,1.12596
1747750914505.0,1.12591,1.12597
1747750916591.0,1.12592,1.12598
1747750916695.0,1.12591,1.12597
1747750917136.0,1.12592,1.12598
1747750917927.0,1.1259,1.12596
1747750918260.0,1.12587,1.12593
1747750918372.0,1.12588,1.12594
1747750920337.0,1.12595,1.12601
1747750921328.0,1.12598,1.12604
1747750923362.0,1.12594,1.126
1747750926424.0,1.12592,1.12598
1747750926859.0,1.12596,1.12602
1747750927364.0,1.12597,1.12603
1747750928221.0,1.12596,1.12602
1747750928442.0,1.12597,1.12603
1747750928661.0,1.12598,1.12604
1747750929104.0,1.12597,1.12603
1747750929214.0,1.12595,1.12601
1747750929431.0,1.12596,1.12602
1747750933159.0,1.12592,1.12598
1747750933270.0,1.12588,1.12594
1747750933716.0,1.12589,1.12595
1747750933820.0,1.1259,1.12596
1747750934375.0,1.12589,1.12595
1747750938220.0,1.1259,1.12596
1747750940207.0,1.12591,1.12597
1747750940840.0,1.12588,1.12594
1747750940945.0,1.12587,1.12593
1747750941164.0,1.12589,1.12595
1747750943234.0,1.1259,1.12596
1747750944721.0,1.12586,1.12592
1747750944940.0,1.12585,1.12591
1747750945161.0,1.12586,1.12592
1747750946431.0,1.12591,1.12597
1747750946668.0,1.12588,1.12594
1747750946755.0,1.12587,1.12593
1747750947084.0,1.12585,1.12591
1747750947414.0,1.12587,1.12593
1747750948255.0,1.12586,1.12592
1747750950587.0,1.12585,1.12591
1747750950872.0,1.12586,1.12592
1747750951554.0,1.1259,1.12596
1747750952099.0,1.1259,1.12596
1747750953091.0,1.12585,1.12591
1747750953576.0,1.12586,1.12592
1747750955113.0,1.12585,1.12591
1747750955213.0,1.12586,1.12592
1747750956255.0,1.12587,1.12593
1747750956477.0,1.12586,1.12592
1747750956828.0,1.1259,1.12596
1747750962536.0,1.12591,1.12597
1747750963945.0,1.1259,1.12596
1747750964521.0,1.12592,1.12598
1747750965004.0,1.12601,1.12607
1747750965442.0,1.126,1.12606
1747750966241.0,1.12608,1.12614
1747750967126.0,1.12609,1.12615
1747750968216.0,1.1261,1.12616
1747750969420.0,1.12607,1.12613
1747750969754.0,1.12611,1.12617
1747750970934.0,1.1261,1.12616
1747750972438.0,1.12609,1.12615
1747750973247.0,1.1261,1.12616
1747750977675.0,1.12611,1.12617
1747750977784.0,1.12612,1.12618
1747750978132.0,1.12614,1.1262
1747750978666.0,1.12615,1.12621
1747750978885.0,1.12616,1.12622
1747750979213.0,1.12617,1.12623
1747750979996.0,1.12614,1.1262
1747750980107.0,1.12613,1.12619
1747750980547.0,1.12615,1.12621
1747750983613.0,1.12614,1.1262
1747750983722.0,1.12615,1.12621
1747750985743.0,1.12616,1.12622
1747750986592.0,1.12618,1.12624
1747750986805.0,1.12621,1.12627
1747750986913.0,1.12622,1.12628
1747750989252.0,1.12625,1.12631
1747750989462.0,1.12627,1.12633
1747750989792.0,1.1263,1.12636
1747750990126.0,1.12629,1.12635
1747750990808.0,1.1263,1.12636
1747750991409.0,1.12632,1.12638
1747750991494.0,1.1263,1.12636
1747750991824.0,1.12628,1.12634
1747750992573.0,1.12623,1.12629
1747750993233.0,1.12624,1.1263
1747750994739.0,1.12625,1.12634
1747750994957.0,1.12629,1.12635
1747750995177.0,1.1263,1.12636
1747750995628.0,1.12629,1.12635
1747750996069.0,1.12624,1.1263
1747750997040.0,1.12627,1.12633
1747750997367.0,1.12626,1.12632
1747750998225.0,1.12624,1.1263
1747750998331.0,1.12628,1.12634
1747750999024.0,1.12629,1.12635
1747751002299.0,1.12628,1.12634
1747751004203.0,1.12634,1.1264
1747751006158.0,1.12635,1.12641
1747751007066.0,1.12634,1.1264
1747751007938.0,1.12627,1.12633
1747751008280.0,1.12629,1.12635
1747751009059.0,1.12627,1.12633
1747751009387.0,1.12628,1.12634
1747751009498.0,1.12629,1.12635
1747751009727.0,1.12631,1.12637
1747751011621.0,1.1263,1.12636
1747751017051.0,1.12631,1.12637
1747751017380.0,1.12636,1.12642
1747751017711.0,1.12635,1.12641
1747751018047.0,1.12631,1.12637
1747751018149.0,1.12632,1.12638
1747751018480.0,1.12635,1.12641
1747751020419.0,1.12639,1.12645
1747751020751.0,1.1264,1.12646
1747751022091.0,1.12639,1.12645
1747751025137.0,1.12641,1.12647
1747751025245.0,1.1264,1.12646
1747751029514.0,1.12635,1.12641
1747751029959.0,1.12625,1.12631
1747751030173.0,1.12626,1.12632
1747751030884.0,1.12627,1.12633
1747751031417.0,1.12629,1.12635
1747751033151.0,1.12631,1.12637
1747751034368.0,1.1263,1.12636
1747751036457.0,1.1262,1.12629
1747751036678.0,1.12622,1.12628
1747751036785.0,1.12625,1.12631
1747751039357.0,1.12621,1.12627
1747751039685.0,1.12625,1.12631
1747751044016.0,1.12626,1.12632
1747751045722.0,1.12636,1.12642
1747751045833.0,1.12633,1.12639
1747751046758.0,1.12634,1.1264
1747751047304.0,1.12632,1.12638
1747751047411.0,1.1263,1.12636
1747751047852.0,1.12631,1.12637
1747751048071.0,1.12633,1.12639
1747751048181.0,1.12632,1.12638
1747751049447.0,1.12635,1.12641
1747751049771.0,1.12635,1.12641
1747751050324.0,1.12636,1.12642
1747751050540.0,1.12635,1.12641
1747751050982.0,1.12639,1.12645
1747751052681.0,1.1264,1.12646
1747751053877.0,1.12641,1.12647
1747751060064.0,1.12636,1.12642
1747751060176.0,1.12635,1.12641
1747751061577.0,1.12632,1.12638
1747751065109.0,1.12631,1.12637
1747751066208.0,1.1263,1.12636
1747751068592.0,1.12631,1.12637
1747751072071.0,1.1263,1.12636
1747751072730.0,1.12627,1.12633
1747751073068.0,1.12626,1.12632
1747751077079.0,1.12609,1.12621
1747751077194.0,1.12611,1.1262
1747751077530.0,1.12609,1.12618
1747751078057.0,1.1261,1.12619
1747751079059.0,1.12611,1.1262
1747751079278.0,1.12609,1.12618
1747751079632.0,1.1261,1.12619
1747751080406.0,1.12609,1.12618
1747751080519.0,1.12604,1.12613
1747751080737.0,1.12609,1.12615
1747751080962.0,1.1261,1.12616
1747751083368.0,1.12611,1.12617
1747751084456.0,1.12608,1.12614
1747751084673.0,1.1261,1.12616
1747751086143.0,1.12611,1.12617
1747751087024.0,1.1261,1.12616
1747751089878.0,1.12609,1.12615
1747751090871.0,1.12611,1.12617
1747751093688.0,1.1261,1.12616
1747751095205.0,1.12611,1.12617
1747751096545.0,1.12609,1.12615
1747751096766.0,1.12611,1.12617
1747751098490.0,1.12615,1.12621
1747751098708.0,1.12616,1.12622
1747751099415.0,1.12619,1.12625
1747751100325.0,1.1262,1.12626
1747751100663.0,1.12624,1.1263
1747751100984.0,1.12623,1.12629
1747751103993.0,1.1262,1.12626
1747751105783.0,1.12617,1.12623
1747751106107.0,1.12618,1.12624
1747751106658.0,1.1262,1.12626
1747751110968.0,1.12626,1.12632
1747751112678.0,1.1263,1.12636
1747751114304.0,1.12629,1.12635
1747751114416.0,1.1263,1.12636
1747751115262.0,1.12631,1.12637
1747751117253.0,1.12633,1.12639
1747751117803.0,1.12632,1.12638
1747751118871.0,1.1263,1.12636
1747751119711.0,1.12631,1.12637
1747751122392.0,1.12632,1.12638
1747751122613.0,1.12631,1.12637
1747751122721.0,1.1263,1.12636
1747751123469.0,1.12632,1.12638
1747751125843.0,1.1263,1.12636
1747751129673.0,1.12632,1.12638
1747751132389.0,1.12631,1.12637
1747751132720.0,1.12632,1.12638
1747751133890.0,1.12635,1.12641
1747751134748.0,1.12634,1.1264
1747751138927.0,1.12635,1.12641
1747751142656.0,1.12629,1.12635
1747751143163.0,1.12633,1.12639
1747751143603.0,1.12634,1.1264
1747751144588.0,1.12641,1.12647
1747751144697.0,1.12643,1.12649
1747751145136.0,1.12641,1.12647
1747751146709.0,1.12642,1.12648
1747751152244.0,1.12643,1.12649
1747751152351.0,1.12644,1.1265
1747751153034.0,1.12643,1.12649
1747751153255.0,1.1264,1.12646
1747751154154.0,1.1264,1.12646
1747751154484.0,1.12642,1.12648
1747751154596.0,1.12644,1.1265
1747751154816.0,1.12643,1.12649
1747751156026.0,1.12642,1.12648
1747751156137.0,1.12643,1.12649
1747751156476.0,1.12645,1.12654
1747751156972.0,1.12646,1.12652
1747751157192.0,1.12644,1.1265
1747751160419.0,1.12645,1.12651
1747751166625.0,1.1265,1.12656
1747751166822.0,1.12655,1.12661
1747751167483.0,1.12655,1.12661
1747751173011.0,1.12646,1.12655
1747751173949.0,1.12647,1.12656
1747751174058.0,1.12648,1.12657
1747751174389.0,1.12642,1.12648
1747751174609.0,1.12643,1.12649
1747751175414.0,1.12645,1.12651
1747751175632.0,1.12644,1.1265
1747751176237.0,1.12645,1.12651
1747751177392.0,1.12644,1.1265
1747751177503.0,1.12643,1.12649
1747751177941.0,1.1264,1.12646
1747751178270.0,1.12641,1.12647
1747751178382.0,1.12642,1.12648
1747751179587.0,1.12643,1.12649
1747751179807.0,1.12645,1.12651
1747751180026.0,1.12641,1.12647
1747751181082.0,1.12643,1.12649
1747751181707.0,1.12651,1.12657
1747751181929.0,1.12654,1.1266
1747751182146.0,1.12651,1.12657
1747751182876.0,1.12652,1.12658
1747751182985.0,1.12651,1.12657
1747751183507.0,1.12655,1.12661
1747751184177.0,1.12654,1.1266
1747751184989.0,1.12655,1.12661
1747751186437.0,1.12651,1.12657
1747751187128.0,1.1265,1.12656
1747751188436.0,1.12653,1.12659
1747751189388.0,1.12654,1.1266
1747751189610.0,1.12654,1.1266
1747751189827.0,1.12652,1.12658
1747751192185.0,1.12653,1.12659
1747751193153.0,1.12659,1.12665
1747751193358.0,1.12659,1.12665
1747751196431.0,1.12664,1.1267
1747751198477.0,1.12662,1.12668
1747751200124.0,1.12658,1.12664
1747751201547.0,1.12662,1.12668
1747751201762.0,1.12659,1.12665
1747751202265.0,1.12658,1.12664
1747751203157.0,1.12657,1.12663
1747751203269.0,1.12654,1.1266
1747751204709.0,1.1265,1.12656
1747751205038.0,1.12652,1.12658
1747751205371.0,1.12653,1.12659
1747751205480.0,1.12654,1.1266
1747751206957.0,1.12649,1.12655
1747751207287.0,1.12647,1.12653
1747751207406.0,1.12645,1.12651
1747751207728.0,1.12643,1.12649
1747751207838.0,1.12644,1.1265
1747751208845.0,1.12647,1.12653
1747751209071.0,1.1265,1.12656
1747751209654.0,1.12649,1.12655
1747751210167.0,1.1265,1.12656
1747751211048.0,1.12651,1.12657
1747751211267.0,1.12648,1.12654
1747751211380.0,1.12649,1.12655
1747751212694.0,1.1265,1.12656
1747751213135.0,1.12649,1.12655
1747751213532.0,1.1264,1.12646
1747751213765.0,1.12643,1.12649
1747751215664.0,1.12642,1.12648
1747751216971.0,1.12637,1.12646
1747751217173.0,1.12635,1.12641
1747751217611.0,1.12634,1.1264
1747751218604.0,1.1263,1.12636
1747751218713.0,1.12629,1.12635
1747751219574.0,1.1263,1.12636
1747751220975.0,1.12628,1.12634
1747751221306.0,1.12623,1.12629
1747751221412.0,1.12624,1.1263
1747751221522.0,1.12619,1.12625
1747751222756.0,1.12621,1.12627
1747751222862.0,1.1262,1.12626
1747751223934.0,1.12625,1.12631
1747751227627.0,1.12621,1.12627
1747751227959.0,1.12625,1.12631
1747751228177.0,1.12628,1.12634
1747751228397.0,1.12625,1.12631
1747751228516.0,1.12624,1.1263
1747751229279.0,1.12625,1.12631
1747751230269.0,1.1263,1.12636
1747751230599.0,1.12629,1.12635
1747751232006.0,1.12631,1.12637
1747751232560.0,1.1263,1.12636
1747751238450.0,1.12639,1.12645
1747751238560.0,1.12644,1.1265
1747751239221.0,1.12645,1.12651
1747751239550.0,1.12647,1.12653
1747751239769.0,1.12648,1.12654
1747751239990.0,1.12649,1.12655
1747751240321.0,1.12653,1.12659
1747751240870.0,1.12648,1.12654
1747751241204.0,1.12645,1.12651
1747751241771.0,1.12646,1.12652
1747751242214.0,1.12649,1.12655
1747751244712.0,1.12647,1.12653
1747751246214.0,1.12649,1.12655
1747751247207.0,1.1265,1.12656
1747751250583.0,1.12649,1.12655
1747751250919.0,1.12646,1.12652
1747751251134.0,1.12647,1.12653
1747751251243.0,1.12645,1.12651
1747751251686.0,1.1265,1.12656
1747751251904.0,1.12652,1.12658
1747751252347.0,1.1265,1.12656
1747751253026.0,1.12652,1.12658
1747751253355.0,1.12653,1.12659
1747751253805.0,1.12652,1.12658
1747751254683.0,1.1265,1.12656
1747751255676.0,1.12649,1.12655
1747751256003.0,1.12651,1.12657
1747751258063.0,1.12649,1.12655
1747751258691.0,1.12651,1.12657
1747751259241.0,1.12649,1.12655
1747751259752.0,1.12643,1.12649
1747751260082.0,1.12644,1.1265
1747751262912.0,1.1264,1.12646
1747751263017.0,1.12639,1.12645
1747751263241.0,1.1264,1.12646
1747751267269.0,1.12637,1.12643
1747751268104.0,1.12639,1.12648
1747751268476.0,1.1264,1.12646
1747751272615.0,1.12641,1.12647
1747751272725.0,1.12644,1.1265
1747751275595.0,1.12646,1.12652
1747751275699.0,1.12652,1.12658
1747751275917.0,1.12651,1.12657
1747751276867.0,1.12652,1.12658
1747751277594.0,1.12651,1.12657
1747751278252.0,1.12647,1.12656
1747751278691.0,1.1265,
1747751279515.0,1.12651,1.12657
1747751279849.0,1.12652,1.12661
1747751280323.0,1.12651,1.12657
1747751281814.0,1.12652,1.12658
1747751282035.0,1.12654,1.12663
1747751282252.0,1.12655,1.12661
1747751282940.0,1.1266,1.12666
1747751283155.0,1.12658,1.12664
1747751283261.0,1.12659,1.12665
1747751284221.0,1.12658,1.12664
1747751284547.0,1.12657,1.12663
1747751284783.0,1.12655,1.12661
1747751285943.0,1.12656,1.12662
1747751288281.0,1.12654,1.1266
1747751292124.0,1.12656,1.12662
1747751292458.0,1.12655,1.12661
1747751294177.0,1.12657,1.12663
1747751294824.0,1.12658,1.12664
1747751296092.0,1.12659,1.12665
1747751296680.0,1.12664,1.1267
1747751297008.0,1.12662,1.12668
1747751298471.0,1.12664,1.1267
1747751300554.0,1.12662,1.12668
1747751301102.0,1.12664,1.1267
1747751302167.0,1.12663,1.12669
1747751304120.0,1.12664,1.1267
1747751304344.0,1.12667,1.12676
1747751304588.0,1.12671,1.12682
1747751304670.0,1.1267,1.12681
1747751305130.0,1.12674,1.12683
1747751305660.0,1.12673,1.12682
1747751305880.0,1.12678,1.12687
1747751306718.0,1.12677,1.12686
1747751306827.0,1.12676,1.12685
1747751307050.0,1.12677,1.12686
1747751307822.0,1.12673,1.12682
1747751308040.0,1.12672,1.12681
1747751308257.0,,1.12678
1747751308967.0,1.12669,1.12675
1747751309407.0,1.1267,1.12676
1747751310586.0,1.12671,1.12677
1747751312234.0,1.12669,1.12675
1747751313240.0,1.1267,1.12676
1747751313565.0,1.12672,1.12678
1747751314345.0,1.12669,1.12675
1747751316847.0,1.12672,1.12678
1747751316968.0,1.12673,1.12679
1747751317896.0,1.12669,1.12675
1747751318013.0,1.12668,1.12674
1747751319175.0,1.12664,1.1267
1747751320339.0,1.12657,1.12663
1747751320432.0,1.12653,1.12659
1747751321696.0,1.12651,1.12657
1747751321914.0,1.12649,1.12655
1747751322715.0,1.12648,1.12654
1747751323042.0,1.12643,1.12649
1747751323484.0,1.12641,1.12647
1747751324472.0,1.12642,1.12648
1747751325405.0,1.12644,1.1265
1747751328158.0,1.12645,1.12651
1747751328257.0,1.12646,1.12652
1747751328586.0,1.12647,1.12653
1747751329010.0,1.12645,1.12651
1747751329236.0,1.12644,1.1265
1747751335137.0,1.12645,1.12651
1747751335971.0,1.12644,1.1265
1747751336191.0,1.12645,1.12651
1747751338173.0,1.12648,1.12654
1747751338508.0,1.1265,1.12656
1747751338963.0,1.12648,1.12654
1747751339304.0,1.12649,1.12655
1747751339404.0,1.12648,1.12654
1747751340347.0,1.1265,1.12656
1747751340678.0,1.12645,1.12654
1747751340785.0,,1.12651
1747751342320.0,1.12645,1.12651
1747751343113.0,1.12644,1.1265
1747751344429.0,1.12645,1.12651
1747751347692.0,1.1264,1.12646
1747751347806.0,1.12643,1.12649
1747751348022.0,1.12645,1.12651
1747751348573.0,1.12643,1.12649
1747751348684.0,1.12644,1.1265
1747751349591.0,1.12643,1.12649
1747751349696.0,1.12641,1.12647
1747751350026.0,1.12642,1.12648
1747751350985.0,1.12643,1.12652
1747751351203.0,1.12644,1.12653
1747751351531.0,1.12642,1.12651
1747751354541.0,1.12638,1.12647
1747751354650.0,1.1264,1.12646
1747751358630.0,1.12641,1.12647
1747751358747.0,1.1264,1.12646
1747751364420.0,1.12635,1.12644
1747751364923.0,1.12632,1.12638
1747751365139.0,1.12634,1.1264
1747751367427.0,1.12632,1.12638
1747751367647.0,1.12631,1.12637
1747751368735.0,1.12632,1.12638
1747751369175.0,1.12631,1.12637
1747751370961.0,1.1264,1.12646
1747751371056.0,1.12641,1.12647
1747751371163.0,1.12636,1.12642
1747751374212.0,1.12637,1.12643
1747751374797.0,1.12638,1.12644
1747751375818.0,1.1264,1.12646
1747751376616.0,1.12641,1.12647
1747751378281.0,1.1264,1.12646
1747751380541.0,1.12641,1.12647
1747751382013.0,1.12645,1.12651
1747751382238.0,1.12646,1.12652
1747751386209.0,1.12645,1.12651
1747751386319.0,1.12646,1.12652
1747751386540.0,1.1265,1.12656
1747751387535.0,1.12644,1.12653
1747751389147.0,1.1264,1.12646
1747751389257.0,1.12641,1.12647
1747751389720.0,1.12642,1.12648
1747751391305.0,1.1264,1.12646
1747751391523.0,1.12641,1.12647
1747751391965.0,1.1264,1.12646
1747751394347.0,1.12642,1.12648
1747751395507.0,1.12641,1.12647
1747751397698.0,1.12635,1.12644
1747751398404.0,1.12634,1.12643
1747751398510.0,1.12636,1.12642
1747751399120.0,1.12634,1.1264
1747751399225.0,1.12633,1.12639
1747751400356.0,1.12635,1.12641
1747751401237.0,1.12636,1.12642
1747751401774.0,1.12635,1.12641
1747751404282.0,1.12636,1.12642
1747751407480.0,1.12639,1.12645
1747751407809.0,1.1264,1.12646
1747751408039.0,1.12644,1.1265
1747751408359.0,1.12645,1.12651
1747751409566.0,1.12644,1.1265
1747751410779.0,1.12637,1.12646
1747751411107.0,1.12638,1.12647
1747751411518.0,1.12637,1.12646
1747751411626.0,1.12638,1.12647
1747751412647.0,,1.12644
1747751412974.0,1.12636,1.12642
1747751415279.0,1.12632,1.12638
1747751416241.0,1.12631,1.12637
1747751416918.0,1.1263,1.12636
1747751420032.0,1.12625,1.12631
1747751420251.0,1.12628,1.12634
1747751420472.0,1.12625,1.12631
1747751422273.0,1.12621,1.12627
1747751422609.0,1.12622,1.12628
1747751422714.0,1.12621,1.12627
1747751423009.0,1.1262,1.12626
1747751429946.0,1.12621,1.12627
1747751430491.0,1.12623,1.12629
1747751430604.0,1.12624,1.1263
1747751431173.0,1.12621,1.12627
1747751434099.0,1.12624,1.1263
1747751434325.0,1.12624,1.1263
1747751435916.0,1.12628,1.12634
1747751436019.0,1.12627,1.12633
1747751437609.0,1.12626,1.12632
1747751438459.0,1.12629,1.12635
1747751438574.0,1.1263,1.12636
1747751440395.0,1.12631,1.12637
1747751440933.0,1.12632,1.12638
1747751441372.0,1.12631,1.12637
1747751441482.0,1.1263,1.12636
1747751443348.0,1.12638,1.12644
1747751443568.0,1.12639,1.12645
1747751443695.0,1.12641,1.12647
1747751444030.0,1.1264,1.12646
1747751444643.0,1.12641,1.12647
1747751445235.0,1.12639,1.12645
1747751445345.0,1.12636,1.12642
1747751445851.0,1.12637,1.12643
1747751446782.0,1.12636,1.12642
1747751447340.0,1.12635,1.12641
1747751448197.0,1.12629,1.12635
1747751448434.0,1.12629,1.12635
1747751449146.0,1.12624,1.1263
1747751450678.0,1.12624,1.1263
1747751452050.0,1.12628,1.12634
1747751452159.0,1.12625,1.12631
1747751453391.0,1.12627,1.12633
1747751453943.0,1.12629,1.12635
1747751456970.0,1.1263,1.12636
1747751458865.0,1.12623,1.12629
1747751460037.0,1.12624,1.1263
1747751460369.0,1.12626,1.12632
1747751461004.0,1.12625,1.12631
1747751461118.0,1.12624,1.1263
1747751462178.0,1.12625,1.12631
1747751463343.0,1.12626,1.12635
1747751463450.0,1.12627,1.12633
1747751464714.0,1.12626,1.12632
1747751468739.0,1.12628,1.12634
1747751468959.0,1.12627,1.12633
1747751470216.0,1.12626,1.12632
1747751472258.0,1.12628,1.12634
1747751473144.0,1.12626,1.12632
1747751475321.0,1.12623,1.12629
1747751475430.0,1.12622,1.12628
1747751477098.0,1.12624,1.1263
1747751477872.0,1.12625,1.12631
1747751478203.0,1.12623,1.12629
1747751479078.0,1.12621,1.12627
1747751483150.0,1.12631,1.12637
1747751483261.0,1.1263,1.12636
1747751483830.0,1.12628,1.12634
1747751484272.0,1.1263,1.12636
1747751486599.0,1.12629,1.12635
1747751487235.0,1.12625,1.12631
1747751487697.0,1.12626,1.12632
1747751488474.0,1.12627,1.12633
1747751491117.0,1.12626,1.12632
1747751491694.0,1.12628,1.12634
1747751492105.0,1.12627,1.12633
1747751494966.0,1.12628,1.12637
1747751495408.0,1.12627,1.12636
1747751499430.0,1.12627,1.12636
1747751500344.0,1.1263,1.12636
1747751500455.0,1.12627,1.12633
1747751503264.0,1.12628,1.12634
1747751503375.0,1.12627,1.12633
1747751506392.0,1.12629,1.12635
1747751506832.0,1.12625,1.12631
1747751507403.0,1.12624,1.1263
1747751507511.0,1.12623,1.12629
1747751508217.0,1.12624,1.1263
1747751508327.0,1.12625,1.12631
1747751512262.0,1.1263,1.12636
1747751512368.0,1.12631,1.12637
1747751513603.0,1.1263,1.12636
1747751516611.0,1.12631,1.12637
1747751518177.0,1.12624,1.1263
1747751518507.0,1.12625,1.12631
1747751518727.0,1.12631,1.12637
1747751518946.0,1.1263,1.12636
1747751519855.0,1.12632,1.12641
1747751519948.0,1.12636,1.12642
1747751520168.0,1.12635,1.12641
1747751520729.0,1.12634,1.1264
1747751521047.0,1.12636,1.12642
1747751522093.0,1.12633,1.12639
1747751522307.0,1.12632,1.12638
1747751524486.0,1.12634,1.1264
1747751525425.0,1.12635,1.12641
1747751526432.0,1.12634,1.1264
1747751528175.0,1.1263,1.12636
1747751529666.0,1.12631,1.12637
1747751533346.0,1.1263,1.12636
1747751536103.0,1.12621,1.1263
1747751536323.0,1.1262,1.12629
1747751536760.0,1.12619,1.12628
1747751539918.0,1.12625,1.12631
1747751541013.0,1.12624,1.1263
1747751541753.0,1.12623,1.12629
1747751542542.0,1.12625,1.12631
1747751543988.0,1.12622,1.12628
1747751545839.0,1.12623,1.12629
1747751547210.0,1.12625,1.12631
1747751550402.0,1.12624,1.1263
1747751551737.0,1.12623,1.12629
1747751552113.0,1.1262,1.12626
1747751552333.0,1.12619,1.12625
1747751552828.0,1.12623,1.12629
1747751553377.0,1.12622,1.12628
1747751553598.0,1.1262,1.12626
1747751553927.0,1.12617,1.12623
1747751554044.0,1.12618,1.12624
1747751554478.0,1.1262,1.12626
1747751554588.0,1.12618,1.12624
1747751555093.0,1.12619,1.12625
1747751555310.0,1.1263,1.12636
1747751555419.0,1.12628,1.12634
1747751558005.0,1.12627,1.12633
1747751559105.0,1.12628,1.12634
1747751559212.0,1.12627,1.12633
1747751559432.0,1.12627,1.12633
1747751560699.0,1.12622,1.12628
1747751561566.0,1.12623,1.12629
1747751561675.0,1.12624,1.1263
1747751562183.0,1.12625,1.12631
1747751565924.0,1.12634,1.1264
1747751566145.0,1.12632,1.12638
1747751569147.0,1.12623,1.12629
1747751569251.0,1.12624,1.1263
1747751569711.0,1.12629,1.12638
1747751570595.0,1.12627,1.12636
1747751570805.0,1.12622,1.12631
1747751571026.0,1.12625,
1747751571379.0,1.12623,1.12629
1747751571489.0,1.12618,1.12624
1747751572712.0,1.12609,1.12615
1747751572825.0,1.12608,1.12614
1747751573040.0,1.12605,1.12611
1747751573778.0,1.12604,1.1261
1747751573998.0,1.12603,1.12609
1747751574220.0,1.12602,1.12608
1747751574548.0,1.12605,1.12611
1747751576917.0,1.12608,1.12617
1747751579033.0,1.1261,1.12616
1747751580268.0,1.12611,1.12617
1747751580379.0,1.1261,1.12616
1747751582380.0,1.12609,1.12615
1747751582706.0,1.1261,1.12616
1747751583436.0,1.12611,1.12617
1747751584742.0,1.12615,1.12621
1747751585183.0,1.12613,1.12619
1747751586291.0,1.12615,1.12621
1747751586951.0,1.12613,1.12619
1747751587476.0,1.12614,1.1262
1747751587765.0,1.12615,1.12621
1747751588475.0,1.12611,1.12617
1747751591366.0,1.12612,1.12618
1747751591697.0,1.12615,1.12621
1747751593609.0,1.12611,1.12617
1747751594377.0,1.1261,1.12616
1747751595177.0,1.12606,1.12615
1747751595269.0,1.12608,1.12617
1747751596323.0,1.1261,
1747751596940.0,1.12609,1.12615
1747751598388.0,1.1261,1.12616
1747751598511.0,1.12611,1.12617
1747751598828.0,1.12614,1.1262
1747751599439.0,1.12613,1.12619
1747751600541.0,1.12615,1.12621
1747751600762.0,1.12612,1.12618
1747751602720.0,1.12613,1.12619
1747751603050.0,1.12612,1.12618
1747751603163.0,1.12613,1.12619
1747751603822.0,1.12612,1.12618
1747751604262.0,1.12611,1.12617
1747751606684.0,1.1261,1.12616
1747751609316.0,1.12609,1.12615
1747751609538.0,1.12608,1.12614
1747751610199.0,1.1261,1.12616
1747751611283.0,1.12609,1.12615
1747751611391.0,1.12608,1.12614
1747751612095.0,1.1261,1.12616
1747751612568.0,1.12608,1.12614
1747751613681.0,1.1261,1.12616
1747751614740.0,1.12613,1.12619
1747751616182.0,1.12609,1.12615
1747751616412.0,1.12601,1.1261
1747751616736.0,1.126,1.12606
1747751618583.0,1.12598,1.12604
1747751618799.0,1.126,1.12606
1747751619714.0,1.12599,1.12605
1747751619825.0,1.126,1.12606
1747751622369.0,1.126,1.12606
1747751627026.0,1.12597,1.12603
1747751628116.0,1.12596,1.12602
1747751628232.0,1.12594,1.126
1747751628446.0,1.12595,1.12601
1747751628736.0,1.12599,1.12608
1747751629813.0,1.12598,1.12607
1747751630142.0,1.12594,1.12603
1747751630474.0,1.12593,1.12602
1747751630695.0,1.12598,1.12604
1747751631030.0,1.12599,1.12605
1747751631573.0,1.126,1.12606
1747751631693.0,1.12593,1.12602
1747751631796.0,1.12594,1.12603
1747751632014.0,1.12592,1.12601
1747751632453.0,1.12593,1.12602
1747751632681.0,1.12594,1.126
1747751633003.0,1.12592,1.12598
1747751633222.0,1.12593,1.12599
1747751633332.0,1.12595,1.12601
1747751634960.0,1.12593,1.12599
1747751635173.0,1.12583,1.12589
1747751635749.0,1.12585,1.12591
1747751635857.0,1.12587,1.12593
1747751636307.0,1.12586,1.12592
1747751636558.0,1.12585,1.12591
1747751636669.0,1.12581,1.12587
1747751637116.0,1.1258,1.12586
1747751637226.0,1.12577,1.12583
1747751637556.0,1.1258,1.12586
1747751638120.0,1.12578,1.12584
1747751638229.0,1.12576,1.12582
1747751639305.0,1.1258,1.12586
1747751640222.0,1.12586,1.12592
1747751640445.0,1.12585,1.12591
1747751641033.0,1.12582,1.12588
1747751641439.0,1.12585,1.12591
1747751642687.0,1.12584,1.1259
1747751642907.0,1.12581,1.12587
1747751643247.0,1.12582,1.12588
1747751644296.0,1.12585,1.12591
1747751645685.0,1.12588,1.12594
1747751645792.0,1.12585,1.12591
1747751646209.0,1.12584,1.1259
1747751646322.0,1.12579,1.12585
1747751647418.0,1.1258,1.12586
1747751647857.0,1.12581,1.12587
1747751648606.0,1.1258,1.12586
1747751649409.0,1.12581,1.12587
1747751650039.0,1.12585,1.12591
1747751652664.0,1.12588,1.12594
1747751653392.0,1.12586,1.12592
1747751655198.0,1.1258,1.12591
1747751655427.0,1.12582,
1747751655748.0,1.1258,1.12586
1747751656308.0,1.12581,1.12587
1747751657832.0,1.1258,1.12586
1747751658218.0,1.12577,1.12589
1747751659269.0,1.12573,1.12585
1747751659793.0,1.12574,1.12586
1747751661092.0,1.12573,1.12585
1747751662017.0,1.12572,1.12584
1747751662472.0,1.12569,1.1258
1747751663298.0,1.12573,1.12582
1747751663407.0,1.12572,1.12583
1747751663516.0,1.12574,
1747751663960.0,1.12575,1.12584
1747751664477.0,1.12573,
1747751665611.0,1.12574,1.12583
1747751665830.0,1.1257,1.12579
1747751667446.0,1.12569,1.12578
1747751667915.0,1.12567,1.12576
1747751668249.0,1.12561,1.1257
1747751668466.0,1.12562,1.12571
1747751669021.0,1.12566,1.12575
1747751669125.0,1.12564,1.12573
1747751669459.0,1.12565,1.12574
1747751670335.0,1.12565,1.12574
1747751670904.0,1.12569,1.12578
1747751671124.0,1.1257,1.12576
1747751671633.0,1.12571,1.12577
1747751672083.0,1.12572,1.12578
1747751672303.0,1.12571,1.12577
1747751672962.0,1.12568,1.12574
1747751673292.0,1.1257,1.12576
1747751674203.0,1.12568,1.12574
1747751674422.0,1.12569,1.12575
1747751676083.0,1.1257,1.12576
1747751677544.0,1.12566,1.12572
1747751678441.0,1.12568,1.12574
1747751679597.0,1.12571,1.12577
1747751679704.0,1.12573,1.12579
1747751680267.0,1.12575,1.12581
1747751680941.0,1.12574,1.1258
1747751681272.0,1.12574,1.1258
1747751681490.0,1.1257,1.12576
1747751681603.0,1.12569,1.12575
1747751681822.0,1.12571,1.12577
1747751682841.0,1.12568,1.1258
1747751682954.0,,1.12579
1747751684421.0,1.12567,1.12578
1747751685890.0,1.12568,1.12579
1747751686502.0,1.12566,1.12577
1747751686974.0,1.12567,1.12578
1747751688061.0,,1.12576
1747751688171.0,1.12565,1.12574
1747751690169.0,1.12564,1.12573
1747751690787.0,1.12561,1.1257
1747751691576.0,1.12566,
1747751692451.0,1.12563,
1747751692903.0,1.12561,1.1257
1747751693571.0,1.12563,1.12572
1747751694348.0,1.12561,1.12567
1747751695118.0,1.12559,1.12565
1747751696458.0,1.12561,1.12567
1747751696683.0,1.12565,1.12571
1747751696788.0,1.12566,1.12572
1747751700267.0,1.12565,1.12571
1747751701389.0,1.12561,1.12567
1747751701504.0,1.12559,1.12565
1747751702160.0,1.12556,1.12562
1747751703963.0,1.12555,1.12564
1747751705338.0,1.12553,1.12565
1747751706080.0,1.12556,1.12567
1747751706412.0,1.12552,1.12563
1747751706520.0,1.12551,1.1256
1747751707294.0,1.12549,1.12558
1747751708041.0,1.1255,1.12559
1747751708142.0,1.12561,1.12567
1747751708472.0,1.12558,1.12564
1747751709371.0,1.12557,1.12563
1747751709952.0,1.12556,1.12562
1747751711465.0,1.12554,1.1256
1747751717355.0,1.12553,1.12559
1747751717463.0,1.12554,1.1256
1747751718154.0,1.12553,1.12559
1747751718265.0,1.12552,1.12558
1747751721451.0,1.1255,1.12556
1747751721781.0,1.12547,1.12553
1747751722147.0,1.12551,1.12557
1747751724114.0,1.12546,1.12555
1747751724335.0,,1.12552
1747751724671.0,1.12548,1.12554
1747751726502.0,1.12546,1.12552
1747751728479.0,1.12548,1.12554
1747751730035.0,1.12548,1.12554
1747751730365.0,1.12551,1.12557
1747751730474.0,1.1255,1.12556
1747751730914.0,1.12551,1.12557
1747751731547.0,1.12552,1.12558
1747751731881.0,1.1256,1.12566
1747751733289.0,1.12559,1.12565
1747751735170.0,1.12555,1.12564
1747751735391.0,1.12554,1.12563
1747751736213.0,1.12553,1.12562
1747751736545.0,1.12552,1.12558
1747751738372.0,1.12551,1.12557
1747751740603.0,1.1255,1.12556
1747751740821.0,1.12551,1.12557
1747751741172.0,1.1255,1.12556
1747751741504.0,1.12542,1.12551
1747751742518.0,1.12539,1.12548
1747751742742.0,1.12542,
1747751743937.0,1.12542,1.12548
1747751745449.0,1.12541,1.12547
1747751745888.0,1.12542,1.12548
1747751746006.0,1.12543,1.12549
1747751747548.0,1.12542,1.12548
1747751750153.0,1.1254,1.12546
1747751750665.0,1.12537,1.12543
1747751750885.0,1.12535,1.12544
1747751751216.0,1.12536,1.12545
1747751751435.0,1.12534,1.12543
1747751754321.0,1.12536,1.12542
1747751754870.0,1.12535,1.12541
1747751757313.0,1.12534,1.1254
1747751758135.0,1.12532,1.12538
1747751759449.0,1.12534,1.1254
1747751760704.0,1.12535,1.12541
1747751761424.0,1.12533,1.12539
1747751761648.0,1.12534,1.1254
1747751762440.0,1.12535,1.12541
1747751762882.0,1.12534,1.1254
1747751763804.0,1.1254,1.12546
1747751764977.0,1.12538,1.12544
1747751766289.0,1.12537,1.12543
1747751766892.0,1.12538,1.12544
1747751768043.0,1.12535,1.12541
1747751768366.0,1.12535,1.12541
1747751768916.0,1.12533,1.12539
1747751769027.0,1.12534,1.1254
1747751769910.0,1.12538,1.12544
1747751770557.0,1.12537,1.12543
1747751771254.0,1.12539,1.12545
1747751772273.0,1.12538,1.12544
1747751772877.0,1.12537,1.12546
1747751776242.0,,1.12548
1747751776433.0,,1.12546
1747751776541.0,1.12538,1.12547
1747751777934.0,1.12536,1.12548
1747751780794.0,1.12537,1.12549
1747751781918.0,1.12538,1.12547
1747751782139.0,1.12543,1.12552
1747751782468.0,1.12541,1.1255
1747751782688.0,1.12536,1.12545
1747751783376.0,1.12537,1.12546
1747751784503.0,1.12536,1.12545
1747751785137.0,1.12537,1.12546
1747751785664.0,1.12538,1.12547
1747751785892.0,1.12537,1.12543
1747751786105.0,1.12538,1.12544
1747751786545.0,1.12539,1.12545
1747751786660.0,1.1254,1.12546
1747751787897.0,1.12541,1.12547
1747751788118.0,1.12542,1.12548
1747751788225.0,1.12546,1.12552
1747751790079.0,1.12545,1.12551
1747751791956.0,1.12541,1.12547
1747751792168.0,1.12542,1.12548
1747751795321.0,1.12543,1.12549
1747751798180.0,1.12543,1.12549
1747751799113.0,1.12541,1.1255
1747751800610.0,1.12542,1.12551
1747751801687.0,1.12539,1.12548
1747751801813.0,1.12542,1.12551
1747751804709.0,1.12543,1.12552
1747751805732.0,1.12539,1.12548
1747751809033.0,1.12532,1.12541
1747751809254.0,1.1253,1.12539
1747751809365.0,1.12529,1.12538
1747751811687.0,1.12526,1.12535
1747751814211.0,1.12524,1.12533
1747751814547.0,1.12526,1.12532
1747751816758.0,1.12527,1.12533
1747751818348.0,1.12528,1.12534
1747751819428.0,1.1253,1.12536
1747751820418.0,1.12534,1.1254
1747751820528.0,1.12532,1.12538
1747751820968.0,1.1253,1.12536
1747751822294.0,1.12529,1.12535
1747751822509.0,1.12526,1.12532
1747751823172.0,1.12527,1.12533
1747751823404.0,1.12528,1.12534
1747751823721.0,1.12526,1.12535
1747751823833.0,1.12525,1.12534
1747751824279.0,1.12526,1.12535
1747751824761.0,1.12525,1.12534
1747751825091.0,1.12524,1.12533
1747751825991.0,1.12525,1.12534
1747751826210.0,1.12527,1.12536
1747751827073.0,1.12528,1.12537
1747751827799.0,1.12529,1.12538
1747751829015.0,1.12524,1.12533
1747751830838.0,1.12525,1.12534
1747751831056.0,1.12524,1.12533
1747751831166.0,1.12526,1.12535
1747751831956.0,1.12527,1.12536
1747751832178.0,1.12528,1.12534
1747751832856.0,1.12527,1.12533
1747751834309.0,1.12526,1.12532
1747751834751.0,1.12529,1.12535
1747751836296.0,1.12528,1.12534
1747751836517.0,1.12527,1.12533
1747751837254.0,1.12528,1.12534
1747751838324.0,1.12524,1.12536
1747751839351.0,1.12524,1.12533
1747751839462.0,1.12526,1.12535
1747751839684.0,,1.12538
1747751840025.0,1.12526,1.12537
1747751841787.0,1.12527,1.12536
1747751843246.0,1.12529,1.12538
1747751844265.0,1.12531,1.1254
1747751844375.0,1.1253,1.12539
1747751844815.0,1.12528,1.12537
1747751845364.0,1.12527,1.12536
1747751846074.0,1.12529,1.12538
1747751846941.0,1.12527,1.12536
1747751847672.0,1.12528,1.12537
1747751849502.0,1.1253,1.12539
1747751851933.0,1.12531,1.1254
1747751852487.0,1.1253,1.12539
1747751852597.0,1.12531,1.1254
1747751852817.0,1.1253,1.12539
1747751853064.0,1.12531,1.1254
1747751853173.0,1.12534,1.12543
1747751854716.0,1.12534,1.1254
1747751855058.0,1.12535,1.12541
1747751856407.0,1.12538,1.12547
1747751856517.0,1.1254,1.12546
1747751856628.0,1.12539,1.12545
1747751857007.0,1.1254,1.12546
1747751857116.0,1.12542,1.12548
1747751858022.0,1.12541,1.12547
1747751858241.0,1.12542,1.12548
1747751859964.0,1.12544,1.1255
1747751860348.0,1.12543,1.12549
1747751860621.0,1.12544,1.1255
1747751861180.0,1.12547,1.12553
1747751861284.0,1.12548,1.12554
1747751861504.0,1.12546,1.12552
1747751862123.0,1.12547,1.12553
1747751862956.0,1.12546,1.12552
1747751866610.0,1.12541,1.12547
1747751867067.0,1.12542,1.12548
1747751867172.0,1.12543,1.12549
1747751868491.0,1.12545,1.12556
1747751868599.0,1.12547,1.12558
1747751868824.0,1.12548,1.12557
1747751869689.0,1.12549,1.12558
1747751869903.0,1.1255,1.12559
1747751870122.0,1.12553,1.12562
1747751870233.0,1.12552,1.12561
1747751870343.0,1.1255,1.12559
1747751870786.0,1.12552,1.12558
1747751870893.0,1.12553,1.12559
1747751871114.0,1.12552,1.12558
1747751871468.0,1.12551,1.12557
1747751872223.0,1.12553,1.12559
1747751872323.0,1.12552,1.12558
1747751872728.0,1.12553,1.12559
1747751873303.0,1.12552,1.12558
1747751874108.0,1.12553,1.12559
1747751874764.0,1.12555,1.12561
1747751875107.0,1.12553,1.12559
1747751875222.0,1.12551,1.12557
1747751876824.0,1.12556,1.12562
1747751877371.0,1.12557,1.12563
1747751878478.0,1.12558,1.12564
1747751879135.0,1.12559,1.12565
1747751879879.0,1.1256,1.12566
1747751879978.0,1.12563,1.12569
1747751881604.0,1.12557,1.12563
1747751881823.0,1.1256,1.12566
1747751882156.0,1.12562,1.12568
1747751883144.0,1.12561,1.12567
1747751887903.0,1.12555,1.12564
1747751888010.0,1.12551,1.12569
1747751888120.0,1.12552,
1747751889117.0,1.12553,
1747751892684.0,1.12554,1.1257
1747751893168.0,1.12556,1.12569
1747751894563.0,1.12557,
1747751894783.0,,1.12568
1747751895349.0,1.12558,1.12569
1747751895886.0,1.1256,
1747751899208.0,1.12557,1.12568
1747751899978.0,1.12556,1.12565
1747751900572.0,1.12557,1.12566
1747751901128.0,1.12562,1.12571
1747751903305.0,1.12561,1.12573
1747751904207.0,1.12564,
1747751908148.0,1.1256,1.12569
1747751908275.0,1.12557,1.12566
1747751908589.0,1.12556,1.12565
1747751909185.0,1.12557,1.12566
1747751909289.0,1.12558,1.12567
1747751911355.0,1.12551,1.1256
1747751911465.0,1.12554,1.12563
1747751912556.0,1.12551,1.1256
1747751912664.0,1.12549,1.12558
1747751913978.0,1.12548,1.12557
1747751914418.0,1.12549,1.12558
1747751914864.0,1.12551,1.1256
1747751915078.0,1.1255,1.12559
1747751915190.0,1.12552,1.12561
1747751915707.0,1.12551,1.12557
1747751916711.0,1.1255,1.12556
1747751917915.0,1.12553,1.12559
1747751918588.0,1.1255,1.12556
1747751919828.0,1.12554,1.1256
1747751920272.0,1.12553,1.12559
1747751920949.0,1.12557,1.12563
1747751921172.0,1.12559,1.12565
1747751921978.0,1.12555,1.12561
1747751924175.0,1.12554,1.1256
1747751924280.0,1.12551,1.12557
1747751924502.0,,1.1256
1747751926207.0,1.1255,1.12559
1747751926582.0,1.12549,1.12558
1747751929919.0,1.12547,1.12556
1747751930028.0,1.12548,1.12557
1747751930248.0,1.12549,1.12555
1747751934211.0,1.12546,1.12552
1747751934432.0,1.12545,1.12551
1747751934541.0,1.12548,1.12554
1747751934656.0,1.12547,1.12553
1747751937513.0,1.12545,1.12551
1747751941425.0,1.12546,1.12552
1747751941638.0,1.12547,1.12553
1747751941858.0,1.12546,1.12552
1747751941969.0,1.12544,1.1255
1747751944876.0,1.12543,1.12549
1747751944979.0,1.1254,1.12546
1747751945210.0,1.12534,1.1254
1747751946074.0,1.12536,1.12545
1747751946623.0,1.12538,1.12544
1747751947124.0,1.12539,1.12545
1747751947236.0,1.1254,1.12546
1747751947342.0,1.12539,1.12545
1747751948905.0,1.1254,1.12546
1747751950912.0,1.12535,1.12541
1747751951992.0,1.12534,1.1254
1747751952349.0,1.12533,1.12539
1747751952451.0,1.12534,1.1254
1747751955381.0,1.12535,1.12541
1747751957721.0,1.12533,1.12539
1747751957820.0,1.12529,1.12535
1747751958812.0,1.12532,1.12538
1747751959910.0,1.12535,1.12541
1747751960239.0,1.12534,1.1254
1747751960904.0,1.12538,1.12544
1747751961227.0,1.12537,1.12543
1747751961958.0,1.12539,1.12545
1747751962287.0,1.12537,1.12543
1747751962992.0,1.12538,1.12544
1747751963324.0,1.12539,1.12545
1747751964530.0,1.12542,1.12548
1747751964750.0,1.12542,1.12548
1747751965091.0,1.1254,1.12546
1747751965476.0,1.12542,1.12548
1747751974191.0,1.12545,1.12551
1747751975683.0,1.12546,1.12552
1747751977431.0,1.12549,1.12555
1747751981426.0,1.1255,1.12556
1747751982954.0,1.12549,1.12555
1747751983172.0,1.12547,1.12553
1747751983503.0,1.12549,1.12555
1747751985314.0,1.12543,1.12549
1747751989242.0,1.12544,1.1255
1747751990528.0,1.12543,1.12549
1747751990638.0,1.12544,1.1255
1747751993780.0,1.12543,1.12552
1747751994264.0,1.12541,1.1255
1747751994374.0,1.12543,1.12552
1747751995732.0,1.12548,1.12557
1747751996061.0,1.12546,1.12555
1747751998476.0,1.12543,1.12552
1747752000204.0,1.12544,1.12553
1747752000310.0,1.12545,1.12554
1747752001612.0,1.12543,1.12552
1747752003020.0,1.12544,1.12553
1747752004235.0,1.12546,1.12555
1747752006836.0,1.12545,1.12554
1747752009428.0,1.12549,1.12555
1747752012992.0,1.1255,1.12556
1747752013211.0,1.12548,1.12554
1747752014088.0,1.1255,1.12556
1747752014417.0,1.12552,1.12558
1747752014528.0,1.1255,1.12556
1747752015188.0,1.12551,1.12557
1747752015849.0,1.12552,1.12558
1747752016852.0,1.12551,1.12557
1747752018209.0,1.12552,1.12558
1747752022503.0,1.12562,1.12568
1747752022724.0,1.1256,1.12566
1747752023069.0,1.12561,1.12567
1747752023869.0,1.1256,1.12566
1747752023971.0,1.12558,1.12564
1747752025303.0,1.1256,1.12566
1747752025941.0,1.12561,1.12567
1747752027261.0,1.1256,1.12566
1747752029425.0,1.12549,1.12555
1747752030257.0,1.1255,1.12556
1747752035366.0,1.12551,1.12557
1747752036141.0,1.1255,1.12556
1747752038328.0,1.12551,1.12557
1747752039102.0,1.1255,1.12556
1747752042005.0,1.12554,1.1256
1747752042117.0,1.12553,1.12559
1747752042446.0,1.12554,1.1256
1747752043447.0,1.12551,1.12557
1747752044763.0,1.1255,1.12556
1747752048443.0,1.12551,1.12557
1747752048551.0,,1.1256
1747752050945.0,1.12553,1.12559
1747752051384.0,1.12554,1.1256
1747752052044.0,1.12553,1.12559
1747752052154.0,1.12554,1.1256
1747752055520.0,1.12549,1.12555
1747752056213.0,1.1255,1.12556
1747752058494.0,1.12555,1.12566
1747752058745.0,1.12559,1.12568
1747752060270.0,1.1256,1.12566
1747752062221.0,1.12563,1.12569
1747752062554.0,1.12561,1.12567
1747752065024.0,1.12564,1.12573
1747752065355.0,,1.12572
1747752066327.0,1.12575,1.12581
1747752066454.0,1.12574,1.1258
1747752066658.0,1.12573,1.12579
1747752066991.0,1.1257,1.12576
1747752067540.0,1.12569,1.12575
1747752067977.0,1.12567,1.12573
1747752068216.0,1.12566,1.12572
1747752068529.0,1.12565,1.12571
1747752069359.0,1.12566,1.12572
1747752071188.0,1.12565,1.12571
1747752073119.0,1.12569,1.12575
1747752073850.0,1.12568,1.12574
1747752074996.0,1.1257,1.12579
1747752075326.0,1.12577,1.12583
1747752075778.0,1.12581,1.12587
1747752076335.0,1.12582,1.12588
1747752078153.0,1.12587,1.12593
1747752078940.0,1.12585,1.12591
1747752082140.0,1.12586,1.12592
1747752082640.0,1.12585,1.12591
1747752082904.0,1.12584,1.1259
1747752083011.0,,1.12593
1747752083444.0,,1.1259
1747752083768.0,1.12584,1.12593
1747752083988.0,1.12583,1.12592
1747752084208.0,1.12582,1.12591
1747752084430.0,1.12581,1.1259
1747752084871.0,1.12578,1.12587
1747752084981.0,1.12579,1.12588
1747752085449.0,1.12578,1.12587
1747752085673.0,1.12573,1.12582
1747752085894.0,1.12573,1.12582
1747752089733.0,1.12575,1.12581
1747752090061.0,1.12574,1.12583
1747752090502.0,1.12576,1.12582
1747752091945.0,1.12575,1.12581
1747752094083.0,1.12582,1.12588
1747752094307.0,1.1258,1.12586
1747752095392.0,1.12583,1.12589
1747752096455.0,1.12582,1.12588
1747752097283.0,1.12584,1.1259
1747752097394.0,1.12583,1.12589
1747752098117.0,1.12588,1.12594
1747752098344.0,1.12589,1.12595
1747752099127.0,1.12591,1.12597
1747752099765.0,1.1259,1.12596
1747752102210.0,1.12592,1.12598
1747752102315.0,1.12598,1.12604
1747752102805.0,1.126,1.12606
1747752102916.0,1.12601,1.12607
1747752103803.0,1.126,1.12606
1747752104022.0,1.126,1.12606
1747752106202.0,1.12594,1.126
1747752106530.0,1.12589,1.12595
1747752106861.0,1.12588,1.12594
1747752108174.0,1.12589,1.12595
1747752109074.0,1.1259,1.12596
1747752110418.0,1.12589,1.12595
1747752110720.0,1.12588,1.12594
1747752110831.0,1.12587,1.12593
1747752113237.0,1.12588,1.12594
1747752114621.0,1.12589,1.12598
1747752115457.0,1.12591,1.12597
1747752115791.0,1.12593,1.12599
1747752115905.0,1.12595,1.12601
1747752120999.0,1.12576,1.12582
1747752121219.0,1.12578,1.12584
1747752124114.0,1.1258,1.12586
1747752124948.0,1.12579,1.12585
1747752126592.0,1.12576,1.12582
1747752127225.0,1.12577,1.12583
1747752127331.0,1.12578,1.12584
1747752127552.0,1.12579,1.12585
1747752128476.0,1.1258,1.12586
1747752129037.0,1.12581,1.12587
1747752130610.0,1.12584,1.1259
1747752130941.0,1.12585,1.12591
1747752132324.0,1.12587,1.12593
1747752132425.0,1.12588,1.12594
1747752132866.0,1.12586,1.12592
1747752133086.0,1.12587,1.12593
1747752134232.0,1.12589,1.12595
1747752135287.0,1.1259,1.12596
1747752135506.0,1.12586,1.12592
1747752136233.0,1.12588,1.12594
1747752136672.0,1.12589,1.12595
1747752136903.0,1.12591,1.12597
1747752137222.0,1.12596,1.12602
1747752137671.0,1.12595,1.12601
1747752139128.0,1.12596,1.12602
1747752139511.0,1.12594,1.126
1747752139731.0,1.12593,1.12599
1747752139952.0,1.12592,1.12598
1747752141079.0,1.12589,1.12598
1747752143234.0,1.12588,1.12597
1747752144327.0,1.12584,1.12593
1747752144547.0,1.12583,1.12592
1747752144776.0,1.12582,1.12591
1747752144880.0,1.12583,1.12592
1747752145318.0,1.12581,1.1259
1747752145428.0,1.1258,1.12589
1747752148585.0,1.12578,1.12587
1747752148695.0,1.12576,1.12585
1747752148915.0,1.12569,1.12578
1747752149494.0,1.12571,1.1258
1747752150514.0,1.12569,1.12578
1747752152449.0,1.1257,1.12579
1747752153750.0,1.12569,1.12578
1747752157820.0,1.1257,1.12579
1747752159721.0,1.12576,1.12582
1747752166399.0,1.12573,1.12579
1747752166506.0,1.12571,1.12577
1747752166613.0,1.12567,1.12573
1747752169092.0,1.12566,1.12575
1747752170717.0,1.12567,1.12576
1747752171435.0,1.12559,1.12568
1747752171545.0,1.12558,1.12567
