1747749485848.0,144.845,144.852
1747749485848.0,144.845,144.852
1747749486125.0,144.846,144.853
1747749486125.0,144.846,144.853
1747749486683.0,144.847,144.854
1747749486683.0,144.847,144.854
1747749487715.0,144.848,144.855
1747749487715.0,144.848,144.855
1747749489248.0,144.851,144.858
1747749489248.0,144.851,144.858
1747749489667.0,144.852,144.859
1747749489667.0,144.852,144.859
1747749489946.0,144.854,144.861
1747749489946.0,144.854,144.861
1747749490369.0,144.853,144.86
1747749490369.0,144.853,144.86
1747749490647.0,144.852,144.859
1747749490647.0,144.852,144.859
1747749490785.0,144.851,144.858
1747749490785.0,144.851,144.858
1747749490928.0,144.852,144.859
1747749490928.0,144.852,144.859
1747749491069.0,144.853,144.86
1747749491069.0,144.853,144.86
1747749493082.0,144.854,144.861
1747749493082.0,144.854,144.861
1747749494105.0,144.855,144.862
1747749494105.0,144.855,144.862
1747749494572.0,144.854,144.861
1747749494572.0,144.854,144.861
1747749495295.0,144.852,144.859
1747749495295.0,144.852,144.859
1747749496136.0,144.853,144.86
1747749496136.0,144.853,144.86
1747749497894.0,144.848,144.855
1747749497894.0,144.848,144.855
1747749499259.0,144.85,144.857
1747749499259.0,144.85,144.857
1747749500155.0,144.851,144.858
1747749500155.0,144.851,144.858
1747749503363.0,144.861,144.868
1747749503363.0,144.861,144.868
1747749503503.0,144.859,144.866
1747749503503.0,144.859,144.866
1747749503661.0,144.861,144.868
1747749503661.0,144.861,144.868
1747749503924.0,144.86,144.867
1747749503924.0,144.86,144.867
1747749506046.0,144.86,144.867
1747749506046.0,144.86,144.867
1747749507027.0,144.861,144.868
1747749507027.0,144.861,144.868
1747749508480.0,144.862,144.869
1747749508480.0,144.862,144.869
1747749509267.0,144.861,144.868
1747749509267.0,144.861,144.868
1747749509543.0,144.859,144.866
1747749509543.0,144.859,144.866
1747749510386.0,144.862,144.869
1747749510386.0,144.862,144.869
1747749510897.0,144.864,144.871
1747749510897.0,144.864,144.871
1747749513519.0,144.861,144.868
1747749513519.0,144.861,144.868
1747749514205.0,144.862,144.869
1747749514205.0,144.862,144.869
1747749515197.0,144.861,144.868
1747749515197.0,144.861,144.868
1747749515346.0,144.862,144.869
1747749515346.0,144.862,144.869
1747749517190.0,144.863,144.87
1747749517190.0,144.863,144.87
1747749517936.0,144.862,144.869
1747749517936.0,144.862,144.869
1747749518213.0,144.863,144.87
1747749518213.0,144.863,144.87
1747749519872.0,144.869,144.876
1747749519872.0,144.869,144.876
1747749520446.0,144.871,144.878
1747749520446.0,144.871,144.878
1747749520574.0,144.88,144.887
1747749520574.0,144.88,144.887
1747749520851.0,144.878,144.885
1747749520851.0,144.878,144.885
1747749521591.0,144.882,144.889
1747749521591.0,144.882,144.889
1747749522412.0,144.886,144.893
1747749522412.0,144.886,144.893
1747749522691.0,144.889,144.896
1747749522691.0,144.889,144.896
1747749523673.0,144.884,144.891
1747749523673.0,144.884,144.891
1747749523951.0,144.885,144.892
1747749523951.0,144.885,144.892
1747749524235.0,144.88,144.887
1747749524235.0,144.88,144.887
1747749524511.0,144.879,144.886
1747749524511.0,144.879,144.886
1747749525775.0,144.88,144.887
1747749525775.0,144.88,144.887
1747749527183.0,144.879,144.886
1747749527183.0,144.879,144.886
1747749527467.0,144.876,144.883
1747749527467.0,144.876,144.883
1747749527744.0,144.879,144.886
1747749527744.0,144.879,144.886
1747749528583.0,144.876,144.883
1747749528583.0,144.876,144.883
1747749528723.0,144.879,144.886
1747749528723.0,144.879,144.886
1747749529282.0,144.877,144.884
1747749529282.0,144.877,144.884
1747749529427.0,144.878,144.885
1747749529427.0,144.878,144.885
1747749530256.0,144.876,144.883
1747749530256.0,144.876,144.883
1747749530394.0,144.878,144.885
1747749530394.0,144.878,144.885
1747749530534.0,144.876,144.883
1747749530534.0,144.876,144.883
1747749531564.0,144.878,144.885
1747749531564.0,144.878,144.885
1747749532124.0,144.879,144.886
1747749532124.0,144.879,144.886
1747749535359.0,144.881,144.888
1747749535359.0,144.881,144.888
1747749539714.0,144.882,144.889
1747749539714.0,144.882,144.889
1747749540601.0,144.881,144.888
1747749540601.0,144.881,144.888
1747749541656.0,144.88,144.887
1747749541656.0,144.88,144.887
1747749543154.0,144.879,144.886
1747749543154.0,144.879,144.886
1747749543673.0,144.88,144.887
1747749543673.0,144.88,144.887
1747749546040.0,144.879,144.886
1747749546040.0,144.879,144.886
1747749546833.0,144.881,144.888
1747749546833.0,144.881,144.888
1747749547250.0,144.882,144.889
1747749547250.0,144.882,144.889
1747749548790.0,144.883,144.89
1747749548790.0,144.883,144.89
1747749549634.0,144.889,144.896
1747749549634.0,144.889,144.896
1747749551480.0,144.891,144.898
1747749551480.0,144.891,144.898
1747749551903.0,144.889,144.896
1747749551903.0,144.889,144.896
1747749552041.0,144.89,144.897
1747749552041.0,144.89,144.897
1747749553418.0,144.888,144.895
1747749553418.0,144.888,144.895
1747749555175.0,144.886,144.893
1747749555175.0,144.886,144.893
1747749555686.0,144.887,144.894
1747749555686.0,144.887,144.894
1747749556186.0,144.888,144.895
1747749556186.0,144.888,144.895
1747749556324.0,144.889,144.896
1747749556324.0,144.889,144.896
1747749557050.0,144.895,144.902
1747749557050.0,144.895,144.902
1747749558778.0,144.89,144.897
1747749558778.0,144.89,144.897
1747749559750.0,144.887,144.894
1747749559750.0,144.887,144.894
1747749560030.0,144.89,144.897
1747749560030.0,144.89,144.897
1747749560170.0,144.888,144.895
1747749560170.0,144.888,144.895
1747749560309.0,144.889,144.896
1747749560309.0,144.889,144.896
1747749561899.0,144.882,144.889
1747749561899.0,144.882,144.889
1747749564065.0,144.88,144.887
1747749564065.0,144.88,144.887
1747749564200.0,144.872,144.879
1747749564200.0,144.872,144.879
1747749565644.0,144.871,144.878
1747749565644.0,144.871,144.878
1747749565924.0,144.869,144.876
1747749565924.0,144.869,144.876
1747749566203.0,144.865,144.872
1747749566203.0,144.865,144.872
1747749566490.0,144.866,144.873
1747749566490.0,144.866,144.873
1747749569707.0,144.868,144.875
1747749569707.0,144.868,144.875
1747749570196.0,144.865,144.872
1747749570196.0,144.865,144.872
1747749572596.0,144.867,144.874
1747749572596.0,144.867,144.874
1747749573067.0,144.866,144.873
1747749573067.0,144.866,144.873
1747749573201.0,144.867,144.874
1747749573201.0,144.867,144.874
1747749573481.0,144.869,144.876
1747749573481.0,144.869,144.876
1747749573917.0,144.87,144.877
1747749573917.0,144.87,144.877
1747749574907.0,144.871,144.878
1747749574907.0,144.871,144.878
1747749575757.0,144.873,144.88
1747749575757.0,144.873,144.88
1747749576158.0,144.876,144.883
1747749576158.0,144.876,144.883
1747749576452.0,144.873,144.88
1747749576452.0,144.873,144.88
1747749576578.0,144.87,144.877
1747749576578.0,144.87,144.877
1747749576717.0,144.871,144.878
1747749576717.0,144.871,144.878
1747749576861.0,144.869,144.876
1747749576861.0,144.869,144.876
1747749576997.0,144.87,144.877
1747749576997.0,144.87,144.877
1747749579685.0,144.868,144.875
1747749579685.0,144.868,144.875
1747749580454.0,144.869,144.876
1747749580454.0,144.869,144.876
1747749581155.0,144.867,144.874
1747749581155.0,144.867,144.874
1747749581715.0,144.856,144.863
1747749581715.0,144.856,144.863
1747749581997.0,144.856,144.863
1747749581997.0,144.856,144.863
1747749582133.0,144.857,144.864
1747749582133.0,144.857,144.864
1747749582413.0,144.857,144.864
1747749582413.0,144.857,144.864
1747749583810.0,144.859,144.866
1747749583810.0,144.859,144.866
1747749585167.0,144.858,144.865
1747749585167.0,144.858,144.865
1747749585305.0,144.853,144.86
1747749585305.0,144.853,144.86
1747749585581.0,144.85,144.857
1747749585581.0,144.85,144.857
1747749585862.0,144.849,144.856
1747749585862.0,144.849,144.856
1747749587317.0,144.847,144.854
1747749587317.0,144.847,144.854
1747749587451.0,144.845,144.852
1747749587451.0,144.845,144.852
1747749590344.0,144.851,144.858
1747749590344.0,144.851,144.858
1747749591197.0,144.847,144.854
1747749591197.0,144.847,144.854
1747749591342.0,144.848,144.855
1747749591342.0,144.848,144.855
1747749594875.0,144.845,144.852
1747749594875.0,144.845,144.852
1747749595013.0,144.848,144.855
1747749595013.0,144.848,144.855
1747749595155.0,144.85,144.857
1747749595155.0,144.85,144.857
1747749596125.0,144.851,144.858
1747749596125.0,144.851,144.858
1747749597759.0,144.849,144.856
1747749597759.0,144.849,144.856
1747749599545.0,144.848,144.855
1747749599545.0,144.848,144.855
1747749600166.0,144.845,144.852
1747749600166.0,144.845,144.852
1747749600594.0,144.835,144.842
1747749600594.0,144.835,144.842
1747749600726.0,144.834,144.841
1747749600726.0,144.834,144.841
1747749601006.0,144.832,144.839
1747749601006.0,144.832,144.839
1747749601149.0,144.833,144.84
1747749601149.0,144.833,144.84
1747749601287.0,144.836,144.843
1747749601287.0,144.836,144.843
1747749602699.0,144.834,144.841
1747749602699.0,144.834,144.841
1747749603649.0,144.832,144.839
1747749603649.0,144.832,144.839
1747749603927.0,144.823,144.83
1747749603927.0,144.823,144.83
1747749604185.0,144.822,144.829
1747749604185.0,144.822,144.829
1747749604464.0,144.815,144.822
1747749604464.0,144.815,144.822
1747749604610.0,144.817,144.824
1747749604610.0,144.817,144.824
1747749605912.0,144.818,144.825
1747749605912.0,144.818,144.825
1747749606332.0,144.817,144.824
1747749606332.0,144.817,144.824
1747749606611.0,144.818,144.825
1747749606611.0,144.818,144.825
1747749606891.0,144.819,144.826
1747749606891.0,144.819,144.826
1747749607678.0,144.82,144.827
1747749607678.0,144.82,144.827
1747749607990.0,144.817,144.824
1747749607990.0,144.817,144.824
1747749608129.0,144.819,144.826
1747749608129.0,144.819,144.826
1747749608570.0,144.821,144.828
1747749608570.0,144.821,144.828
1747749610163.0,144.825,144.832
1747749610163.0,144.825,144.832
1747749610298.0,144.827,144.834
1747749610298.0,144.827,144.834
1747749611241.0,144.825,144.832
1747749611241.0,144.825,144.832
1747749611372.0,144.826,144.833
1747749611372.0,144.826,144.833
1747749611932.0,144.825,144.832
1747749611932.0,144.825,144.832
1747749612775.0,144.826,144.833
1747749612775.0,144.826,144.833
1747749612915.0,144.827,144.834
1747749612915.0,144.827,144.834
1747749613760.0,144.829,144.836
1747749613760.0,144.829,144.836
1747749614177.0,144.828,144.835
1747749614177.0,144.828,144.835
1747749614316.0,144.83,144.837
1747749614316.0,144.83,144.837
1747749615106.0,144.829,144.836
1747749615106.0,144.829,144.836
1747749615657.0,144.831,144.838
1747749615657.0,144.831,144.838
1747749615799.0,144.829,144.836
1747749615799.0,144.829,144.836
1747749616454.0,144.832,144.839
1747749616454.0,144.832,144.839
1747749617236.0,144.828,144.835
1747749617236.0,144.828,144.835
1747749619116.0,144.822,144.829
1747749619116.0,144.822,144.829
1747749619258.0,144.818,144.825
1747749619258.0,144.818,144.825
1747749620681.0,144.81,144.817
1747749620681.0,144.81,144.817
1747749621002.0,144.809,144.816
1747749621002.0,144.809,144.816
1747749621291.0,144.809,144.816
1747749621291.0,144.809,144.816
1747749622409.0,144.802,144.809
1747749622409.0,144.802,144.809
1747749622683.0,144.801,144.808
1747749622683.0,144.801,144.808
1747749623107.0,144.802,144.809
1747749623107.0,144.802,144.809
1747749623247.0,144.803,144.81
1747749623247.0,144.803,144.81
1747749623963.0,144.802,144.809
1747749623963.0,144.802,144.809
1747749624523.0,144.794,144.801
1747749624523.0,144.794,144.801
1747749624802.0,144.796,144.803
1747749624802.0,144.796,144.803
1747749625221.0,144.797,144.804
1747749625221.0,144.797,144.804
1747749626192.0,144.798,144.805
1747749626192.0,144.798,144.805
1747749626341.0,144.797,144.804
1747749626341.0,144.797,144.804
1747749626612.0,144.788,144.795
1747749626612.0,144.788,144.795
1747749627733.0,144.798,144.805
1747749627733.0,144.798,144.805
1747749629065.0,144.809,144.816
1747749629065.0,144.809,144.816
1747749629923.0,144.807,144.814
1747749629923.0,144.807,144.814
1747749630201.0,144.805,144.812
1747749630201.0,144.805,144.812
1747749631357.0,144.808,144.815
1747749631357.0,144.808,144.815
1747749632915.0,144.808,144.815
1747749632915.0,144.808,144.815
1747749633021.0,144.809,144.816
1747749633021.0,144.809,144.816
1747749633484.0,144.811,144.818
1747749633484.0,144.811,144.818
1747749636033.0,144.808,144.815
1747749636033.0,144.808,144.815
1747749636167.0,144.805,144.812
1747749636167.0,144.805,144.812
1747749637008.0,144.804,144.811
1747749637008.0,144.804,144.811
1747749637850.0,144.805,144.812
1747749637850.0,144.805,144.812
1747749638135.0,144.804,144.811
1747749638135.0,144.804,144.811
1747749638405.0,144.8,144.807
1747749638405.0,144.8,144.807
1747749638686.0,144.803,144.81
1747749638686.0,144.803,144.81
1747749639260.0,144.806,144.813
1747749639260.0,144.806,144.813
1747749639541.0,144.802,144.809
1747749639541.0,144.802,144.809
1747749639681.0,144.801,144.808
1747749639681.0,144.801,144.808
1747749639961.0,144.802,144.809
1747749639961.0,144.802,144.809
1747749640380.0,144.803,144.81
1747749640380.0,144.803,144.81
1747749640524.0,144.802,144.809
1747749640524.0,144.802,144.809
1747749641081.0,144.801,144.808
1747749641081.0,144.801,144.808
1747749641361.0,144.8,144.807
1747749641361.0,144.8,144.807
1747749643155.0,144.801,144.808
1747749643155.0,144.801,144.808
1747749643588.0,144.802,144.809
1747749643588.0,144.802,144.809
1747749645349.0,144.795,144.802
1747749645349.0,144.795,144.802
1747749645615.0,144.794,144.801
1747749645615.0,144.794,144.801
1747749646198.0,144.791,144.798
1747749646198.0,144.791,144.798
1747749647566.0,144.782,144.789
1747749647566.0,144.782,144.789
1747749647845.0,144.777,144.784
1747749647845.0,144.777,144.784
1747749648265.0,144.774,144.781
1747749648265.0,144.774,144.781
1747749648690.0,144.775,144.782
1747749648690.0,144.775,144.782
1747749649247.0,144.775,144.782
1747749649247.0,144.775,144.782
1747749649525.0,144.779,144.786
1747749649525.0,144.779,144.786
1747749649806.0,144.779,144.786
1747749649806.0,144.779,144.786
1747749649944.0,144.781,144.788
1747749649944.0,144.781,144.788
1747749650606.0,144.78,144.787
1747749650606.0,144.78,144.787
1747749651025.0,144.781,144.788
1747749651025.0,144.781,144.788
1747749651570.0,144.783,144.79
1747749651570.0,144.783,144.79
1747749654422.0,144.783,144.79
1747749654422.0,144.783,144.79
1747749654714.0,144.791,144.798
1747749654714.0,144.791,144.798
1747749655543.0,144.791,144.798
1747749655543.0,144.791,144.798
1747749655684.0,144.79,144.797
1747749655684.0,144.79,144.797
1747749656244.0,144.787,144.794
1747749656244.0,144.787,144.794
1747749656526.0,144.791,144.798
1747749656526.0,144.791,144.798
1747749656945.0,144.792,144.799
1747749656945.0,144.792,144.799
1747749657084.0,144.791,144.798
1747749657084.0,144.791,144.798
1747749657511.0,144.786,144.793
1747749657511.0,144.786,144.793
1747749658205.0,144.781,144.788
1747749658205.0,144.781,144.788
1747749658486.0,144.782,144.789
1747749658486.0,144.782,144.789
1747749659045.0,144.784,144.791
1747749659045.0,144.784,144.791
1747749659184.0,144.785,144.792
1747749659184.0,144.785,144.792
1747749660146.0,144.786,144.793
1747749660146.0,144.786,144.793
1747749660283.0,144.787,144.794
1747749660283.0,144.787,144.794
1747749660702.0,144.792,144.799
1747749660702.0,144.792,144.799
1747749660842.0,144.791,144.798
1747749660842.0,144.791,144.798
1747749661125.0,144.798,144.805
1747749661125.0,144.798,144.805
1747749661409.0,144.797,144.804
1747749661409.0,144.797,144.804
1747749661544.0,144.795,144.802
1747749661544.0,144.795,144.802
1747749661685.0,144.796,144.803
1747749661685.0,144.796,144.803
1747749661834.0,144.795,144.802
1747749661834.0,144.795,144.802
1747749661975.0,144.794,144.801
1747749661975.0,144.794,144.801
1747749662109.0,144.793,144.8
1747749662109.0,144.793,144.8
1747749662244.0,144.791,144.798
1747749662244.0,144.791,144.798
1747749662522.0,144.794,144.801
1747749662522.0,144.794,144.801
1747749663321.0,144.791,144.798
1747749663321.0,144.791,144.798
1747749663877.0,144.793,144.8
1747749663877.0,144.793,144.8
1747749665243.0,144.792,144.799
1747749665243.0,144.792,144.799
1747749665524.0,144.781,144.788
1747749665524.0,144.781,144.788
1747749665661.0,144.78,144.787
1747749665661.0,144.78,144.787
1747749666223.0,144.778,144.785
1747749666223.0,144.778,144.785
1747749666643.0,144.776,144.783
1747749666643.0,144.776,144.783
1747749666781.0,144.777,144.784
1747749666781.0,144.777,144.784
1747749667202.0,144.781,144.788
1747749667202.0,144.781,144.788
1747749667342.0,144.778,144.785
1747749667342.0,144.778,144.785
1747749667902.0,144.78,144.787
1747749667902.0,144.78,144.787
1747749668498.0,144.779,144.786
1747749668498.0,144.779,144.786
1747749668918.0,144.784,144.791
1747749668918.0,144.784,144.791
1747749670094.0,144.785,144.792
1747749670094.0,144.785,144.792
1747749670372.0,144.788,144.795
1747749670372.0,144.788,144.795
1747749671882.0,144.792,144.799
1747749671882.0,144.792,144.799
1747749672471.0,144.793,144.8
1747749672471.0,144.793,144.8
1747749672969.0,144.796,144.803
1747749672969.0,144.796,144.803
1747749673245.0,144.795,144.802
1747749673245.0,144.795,144.802
1747749674472.0,144.796,144.803
1747749674472.0,144.796,144.803
1747749675827.0,144.799,144.806
1747749675827.0,144.799,144.806
1747749676391.0,144.8,144.807
1747749676391.0,144.8,144.807
1747749677063.0,144.801,144.808
1747749677063.0,144.801,144.808
1747749678305.0,144.8,144.807
1747749678305.0,144.8,144.807
1747749678584.0,144.802,144.809
1747749678584.0,144.802,144.809
1747749679005.0,144.804,144.811
1747749679005.0,144.804,144.811
1747749679145.0,144.802,144.809
1747749679145.0,144.802,144.809
1747749679565.0,144.796,144.803
1747749679565.0,144.796,144.803
1747749680728.0,144.796,144.803
1747749680728.0,144.796,144.803
1747749681147.0,144.795,144.802
1747749681147.0,144.795,144.802
1747749682114.0,144.795,144.802
1747749682114.0,144.795,144.802
1747749683062.0,144.79,144.797
1747749683062.0,144.79,144.797
1747749683924.0,144.791,144.798
1747749683924.0,144.791,144.798
1747749684205.0,144.792,144.799
1747749684205.0,144.792,144.799
1747749684346.0,144.793,144.8
1747749684346.0,144.793,144.8
1747749685525.0,144.792,144.799
1747749685525.0,144.792,144.799
1747749686026.0,144.791,144.798
1747749686026.0,144.791,144.798
1747749686311.0,144.801,144.808
1747749686311.0,144.801,144.808
1747749688107.0,144.802,144.809
1747749688107.0,144.802,144.809
1747749688809.0,144.798,144.805
1747749688809.0,144.798,144.805
1747749689694.0,144.799,144.806
1747749689694.0,144.799,144.806
1747749689981.0,144.8,144.807
1747749689981.0,144.8,144.807
1747749691808.0,144.803,144.81
1747749691808.0,144.803,144.81
1747749693697.0,144.804,144.811
1747749693697.0,144.804,144.811
1747749693841.0,144.803,144.81
1747749693841.0,144.803,144.81
1747749694298.0,144.805,144.812
1747749694298.0,144.805,144.812
1747749694573.0,144.804,144.811
1747749694573.0,144.804,144.811
1747749694712.0,144.805,144.812
1747749694712.0,144.805,144.812
1747749695274.0,144.807,144.814
1747749695274.0,144.807,144.814
1747749696155.0,144.806,144.813
1747749696155.0,144.806,144.813
1747749697993.0,144.801,144.808
1747749697993.0,144.801,144.808
1747749699849.0,144.802,144.809
1747749699849.0,144.802,144.809
1747749700327.0,144.803,144.81
1747749700327.0,144.803,144.81
1747749702997.0,144.806,144.813
1747749702997.0,144.806,144.813
1747749703136.0,144.808,144.815
1747749703136.0,144.808,144.815
1747749703283.0,144.81,144.817
1747749703283.0,144.81,144.817
1747749703415.0,144.812,144.819
1747749703415.0,144.812,144.819
1747749704034.0,144.807,144.814
1747749704034.0,144.807,144.814
1747749704170.0,144.806,144.813
1747749704170.0,144.806,144.813
1747749704594.0,144.807,144.814
1747749704594.0,144.807,144.814
1747749707244.0,144.809,144.816
1747749707244.0,144.809,144.816
1747749707382.0,144.812,144.819
1747749707382.0,144.812,144.819
1747749709164.0,144.815,144.822
1747749709164.0,144.815,144.822
1747749709723.0,144.811,144.818
1747749709723.0,144.811,144.818
1747749710362.0,144.812,144.819
1747749710362.0,144.812,144.819
1747749711191.0,144.808,144.815
1747749711191.0,144.808,144.815
1747749711611.0,144.805,144.812
1747749711611.0,144.805,144.812
1747749712043.0,144.804,144.811
1747749712043.0,144.804,144.811
1747749712730.0,144.798,144.805
1747749712730.0,144.798,144.805
1747749713301.0,144.801,144.808
1747749713301.0,144.801,144.808
1747749716529.0,144.799,144.806
1747749716529.0,144.799,144.806
1747749716662.0,144.802,144.809
1747749716662.0,144.802,144.809
1747749716941.0,144.8,144.807
1747749716941.0,144.8,144.807
1747749718291.0,144.799,144.806
1747749718291.0,144.799,144.806
1747749720053.0,144.802,144.809
1747749720053.0,144.802,144.809
1747749720328.0,144.804,144.811
1747749720328.0,144.804,144.811
1747749721026.0,144.805,144.812
1747749721026.0,144.805,144.812
1747749721307.0,144.804,144.811
1747749721307.0,144.804,144.811
1747749721867.0,144.802,144.809
1747749721867.0,144.802,144.809
1747749722246.0,144.808,144.815
1747749722246.0,144.808,144.815
1747749722386.0,144.812,144.819
1747749722386.0,144.812,144.819
1747749722523.0,144.813,144.82
1747749722523.0,144.813,144.82
1747749722955.0,144.812,144.819
1747749722955.0,144.812,144.819
1747749723621.0,144.813,144.82
1747749723621.0,144.813,144.82
1747749724395.0,144.818,144.825
1747749724395.0,144.818,144.825
1747749724680.0,144.816,144.823
1747749724680.0,144.816,144.823
1747749724820.0,144.817,144.824
1747749724820.0,144.817,144.824
1747749725255.0,144.816,144.823
1747749725255.0,144.816,144.823
1747749725672.0,144.815,144.822
1747749725672.0,144.815,144.822
1747749725951.0,144.816,144.823
1747749725951.0,144.816,144.823
1747749726240.0,144.817,144.824
1747749726240.0,144.817,144.824
1747749726511.0,144.82,144.827
1747749726511.0,144.82,144.827
1747749726651.0,144.821,144.828
1747749726651.0,144.821,144.828
1747749728130.0,144.83,144.837
1747749728130.0,144.83,144.837
1747749728271.0,144.828,144.835
1747749728271.0,144.828,144.835
1747749729865.0,144.821,144.828
1747749729865.0,144.821,144.828
1747749730281.0,144.822,144.829
1747749730281.0,144.822,144.829
1747749730559.0,144.826,144.833
1747749730559.0,144.826,144.833
1747749731259.0,144.825,144.832
1747749731259.0,144.825,144.832
1747749731679.0,144.826,144.833
1747749731679.0,144.826,144.833
1747749731981.0,144.827,144.834
1747749731981.0,144.827,144.834
1747749732520.0,144.83,144.837
1747749732520.0,144.83,144.837
1747749732800.0,144.831,144.838
1747749732800.0,144.831,144.838
1747749733079.0,144.829,144.836
1747749733079.0,144.829,144.836
1747749733366.0,144.831,144.838
1747749733366.0,144.831,144.838
1747749733509.0,144.832,144.839
1747749733509.0,144.832,144.839
1747749735067.0,144.833,144.84
1747749735067.0,144.833,144.84
1747749735480.0,144.838,144.845
1747749735480.0,144.838,144.845
1747749735899.0,144.836,144.843
1747749735899.0,144.836,144.843
1747749736183.0,144.838,144.845
1747749736183.0,144.838,144.845
1747749736602.0,144.839,144.846
1747749736602.0,144.839,144.846
1747749737371.0,144.84,144.847
1747749737371.0,144.84,144.847
1747749738121.0,144.836,144.843
1747749738121.0,144.836,144.843
1747749738256.0,144.835,144.842
1747749738256.0,144.835,144.842
1747749738534.0,144.837,144.844
1747749738534.0,144.837,144.844
1747749739094.0,144.836,144.843
1747749739094.0,144.836,144.843
1747749739936.0,144.833,144.84
1747749739936.0,144.833,144.84
1747749740945.0,144.83,144.837
1747749740945.0,144.83,144.837
1747749741508.0,144.832,144.839
1747749741508.0,144.832,144.839
1747749741953.0,144.831,144.838
1747749741953.0,144.831,144.838
1747749742232.0,144.832,144.839
1747749742232.0,144.832,144.839
1747749742652.0,144.83,144.837
1747749742652.0,144.83,144.837
1747749742937.0,144.829,144.836
1747749742937.0,144.829,144.836
1747749743212.0,144.826,144.833
1747749743212.0,144.826,144.833
1747749744199.0,144.825,144.832
1747749744199.0,144.825,144.832
1747749744473.0,144.825,144.832
1747749744473.0,144.825,144.832
1747749746025.0,144.829,144.845
1747749746025.0,144.829,144.845
1747749746306.0,144.83,144.84
1747749746306.0,144.83,144.84
1747749747914.0,144.833,
1747749747914.0,144.833,
1747749748830.0,144.832,144.839
1747749748830.0,144.832,144.839
1747749749673.0,144.831,144.838
1747749749673.0,144.831,144.838
1747749750105.0,144.832,144.839
1747749750105.0,144.832,144.839
1747749751220.0,144.841,144.848
1747749751220.0,144.841,144.848
1747749751360.0,144.839,144.846
1747749751360.0,144.839,144.846
1747749751639.0,144.841,144.848
1747749751639.0,144.841,144.848
1747749752165.0,144.84,144.847
1747749752165.0,144.84,144.847
1747749752521.0,144.846,144.853
1747749752521.0,144.846,144.853
1747749752802.0,144.848,144.855
1747749752802.0,144.848,144.855
1747749753088.0,144.85,144.857
1747749753088.0,144.85,144.857
1747749753643.0,144.844,144.851
1747749753643.0,144.844,144.851
1747749753782.0,144.84,144.847
1747749753782.0,144.84,144.847
1747749755047.0,144.841,144.848
1747749755047.0,144.841,144.848
1747749755183.0,144.843,144.85
1747749755183.0,144.843,144.85
1747749755792.0,144.844,144.851
1747749755792.0,144.844,144.851
1747749756980.0,144.841,144.848
1747749756980.0,144.841,144.848
1747749757261.0,144.84,144.847
1747749757261.0,144.84,144.847
1747749758288.0,144.849,144.856
1747749758288.0,144.849,144.856
1747749758566.0,144.848,144.855
1747749758566.0,144.848,144.855
1747749758847.0,144.848,144.855
1747749758847.0,144.848,144.855
1747749759916.0,144.849,144.856
1747749759916.0,144.849,144.856
1747749760896.0,144.846,144.853
1747749760896.0,144.846,144.853
1747749761042.0,144.847,144.854
1747749761042.0,144.847,144.854
1747749761456.0,144.848,144.855
1747749761456.0,144.848,144.855
1747749762161.0,144.847,144.854
1747749762161.0,144.847,144.854
1747749764368.0,144.844,144.851
1747749764368.0,144.844,144.851
1747749764937.0,144.853,144.86
1747749764937.0,144.853,144.86
1747749765107.0,144.854,144.861
1747749765107.0,144.854,144.861
1747749765841.0,144.855,144.862
1747749765841.0,144.855,144.862
1747749766641.0,144.854,144.861
1747749766641.0,144.854,144.861
1747749766779.0,144.852,144.859
1747749766779.0,144.852,144.859
1747749767484.0,144.854,144.861
1747749767484.0,144.854,144.861
1747749768668.0,144.852,144.859
1747749768668.0,144.852,144.859
1747749769371.0,144.854,144.861
1747749769371.0,144.854,144.861
1747749770648.0,144.853,144.86
1747749770648.0,144.853,144.86
1747749772360.0,144.852,144.859
1747749772360.0,144.852,144.859
1747749773487.0,144.853,144.86
1747749773487.0,144.853,144.86
1747749773626.0,144.854,144.861
1747749773626.0,144.854,144.861
1747749773772.0,144.855,144.862
1747749773772.0,144.855,144.862
1747749774217.0,144.854,144.861
1747749774217.0,144.854,144.861
1747749774639.0,144.845,144.852
1747749774639.0,144.845,144.852
1747749775080.0,144.842,144.849
1747749775080.0,144.842,144.849
1747749775198.0,144.843,144.85
1747749775198.0,144.843,144.85
1747749775478.0,144.837,144.844
1747749775478.0,144.837,144.844
1747749775996.0,144.832,144.839
1747749775996.0,144.832,144.839
1747749776276.0,144.835,144.842
1747749776276.0,144.835,144.842
1747749776557.0,144.834,144.841
1747749776557.0,144.834,144.841
1747749776861.0,144.838,144.845
1747749776861.0,144.838,144.845
1747749777887.0,144.842,144.849
1747749777887.0,144.842,144.849
1747749778308.0,144.844,144.851
1747749778308.0,144.844,144.851
1747749778593.0,144.836,144.843
1747749778593.0,144.836,144.843
1747749778735.0,144.834,144.841
1747749778735.0,144.834,144.841
1747749779148.0,144.839,144.846
1747749779148.0,144.839,144.846
1747749779286.0,144.837,144.844
1747749779286.0,144.837,144.844
1747749779851.0,144.836,144.843
1747749779851.0,144.836,144.843
1747749780515.0,144.835,144.842
1747749780515.0,144.835,144.842
1747749781087.0,144.833,144.84
1747749781087.0,144.833,144.84
1747749781353.0,144.833,144.84
1747749781353.0,144.833,144.84
1747749782642.0,144.834,144.841
1747749782642.0,144.834,144.841
1747749782919.0,144.833,144.84
1747749782919.0,144.833,144.84
1747749783341.0,144.829,144.836
1747749783341.0,144.829,144.836
1747749783626.0,144.83,144.837
1747749783626.0,144.83,144.837
1747749784115.0,144.832,144.839
1747749784115.0,144.832,144.839
1747749785148.0,144.833,144.84
1747749785148.0,144.833,144.84
1747749786019.0,144.832,144.839
1747749786019.0,144.832,144.839
1747749787433.0,144.823,144.83
1747749787433.0,144.823,144.83
1747749788840.0,144.82,144.827
1747749788840.0,144.82,144.827
1747749789120.0,144.821,144.828
1747749789120.0,144.821,144.828
1747749789401.0,144.814,144.821
1747749789401.0,144.814,144.821
1747749789685.0,144.816,144.823
1747749789685.0,144.816,144.823
1747749789823.0,144.815,144.822
1747749789823.0,144.815,144.822
1747749790241.0,144.817,144.824
1747749790241.0,144.817,144.824
1747749792097.0,144.816,144.823
1747749792097.0,144.816,144.823
1747749792789.0,144.817,144.824
1747749792789.0,144.817,144.824
1747749794218.0,144.816,144.823
1747749794218.0,144.816,144.823
1747749795261.0,144.815,144.822
1747749795261.0,144.815,144.822
1747749795540.0,144.816,144.823
1747749795540.0,144.816,144.823
1747749795968.0,144.815,144.822
1747749795968.0,144.815,144.822
1747749796240.0,144.819,144.826
1747749796240.0,144.819,144.826
1747749796674.0,144.82,144.827
1747749796674.0,144.82,144.827
1747749797221.0,144.815,144.822
1747749797221.0,144.815,144.822
1747749798171.0,144.814,144.821
1747749798171.0,144.814,144.821
1747749798310.0,144.813,144.82
1747749798310.0,144.813,144.82
1747749798741.0,144.811,144.818
1747749798741.0,144.811,144.818
1747749801915.0,144.815,144.822
1747749801915.0,144.815,144.822
1747749802048.0,144.816,144.823
1747749802048.0,144.816,144.823
1747749804463.0,144.817,144.824
1747749804463.0,144.817,144.824
1747749805419.0,144.816,144.823
1747749805419.0,144.816,144.823
1747749805871.0,144.819,144.826
1747749805871.0,144.819,144.826
1747749806288.0,144.818,144.825
1747749806288.0,144.818,144.825
1747749806883.0,144.819,144.826
1747749806883.0,144.819,144.826
1747749808398.0,144.82,144.827
1747749808398.0,144.82,144.827
1747749808536.0,144.821,144.828
1747749808536.0,144.821,144.828
1747749808814.0,144.818,144.825
1747749808814.0,144.818,144.825
1747749809707.0,144.816,144.823
1747749809707.0,144.816,144.823
1747749809987.0,144.815,144.822
1747749809987.0,144.815,144.822
1747749810268.0,144.817,144.824
1747749810268.0,144.817,144.824
1747749810874.0,144.82,144.827
1747749810874.0,144.82,144.827
1747749811014.0,144.821,144.828
1747749811014.0,144.821,144.828
1747749813707.0,144.822,144.829
1747749813707.0,144.822,144.829
1747749814147.0,144.823,144.83
1747749814147.0,144.823,144.83
1747749814421.0,144.82,144.827
1747749814421.0,144.82,144.827
1747749816070.0,144.819,144.826
1747749816070.0,144.819,144.826
1747749818831.0,144.822,144.829
1747749818831.0,144.822,144.829
1747749819326.0,144.821,144.828
1747749819326.0,144.821,144.828
1747749819887.0,144.822,144.829
1747749819887.0,144.822,144.829
1747749820167.0,144.821,144.828
1747749820167.0,144.821,144.828
1747749820309.0,144.819,144.826
1747749820309.0,144.819,144.826
1747749820462.0,144.818,144.825
1747749820462.0,144.818,144.825
1747749821146.0,144.817,144.824
1747749821146.0,144.817,144.824
1747749821853.0,144.818,144.825
1747749821853.0,144.818,144.825
1747749822267.0,144.816,144.823
1747749822267.0,144.816,144.823
1747749822827.0,144.817,144.824
1747749822827.0,144.817,144.824
1747749823808.0,144.815,144.822
1747749823808.0,144.815,144.822
1747749824087.0,144.816,144.823
1747749824087.0,144.816,144.823
1747749824927.0,144.815,144.822
1747749824927.0,144.815,144.822
1747749826347.0,144.814,144.821
1747749826347.0,144.814,144.821
1747749826495.0,144.815,144.822
1747749826495.0,144.815,144.822
1747749827042.0,144.817,144.824
1747749827042.0,144.817,144.824
1747749827745.0,144.823,144.83
1747749827745.0,144.823,144.83
1747749829342.0,144.824,144.831
1747749829342.0,144.824,144.831
1747749831163.0,144.822,144.829
1747749831163.0,144.822,144.829
1747749832031.0,144.821,144.828
1747749832031.0,144.821,144.828
1747749832170.0,144.817,144.824
1747749832170.0,144.817,144.824
1747749832450.0,144.819,144.826
1747749832450.0,144.819,144.826
1747749833282.0,144.82,144.827
1747749833282.0,144.82,144.827
1747749833801.0,144.816,144.823
1747749833801.0,144.816,144.823
1747749836040.0,144.821,144.828
1747749836040.0,144.821,144.828
1747749836736.0,144.822,144.829
1747749836736.0,144.822,144.829
1747749837653.0,144.826,144.833
1747749837653.0,144.826,144.833
1747749839947.0,144.825,144.832
1747749839947.0,144.825,144.832
1747749840084.0,144.826,144.833
1747749840084.0,144.826,144.833
1747749840664.0,144.828,144.835
1747749840664.0,144.828,144.835
1747749840799.0,144.83,144.837
1747749840799.0,144.83,144.837
1747749843304.0,144.828,144.835
1747749843304.0,144.828,144.835
1747749843589.0,144.827,144.834
1747749843589.0,144.827,144.834
1747749843864.0,144.825,144.832
1747749843864.0,144.825,144.832
1747749845213.0,144.822,144.829
1747749845213.0,144.822,144.829
1747749845355.0,144.82,144.827
1747749845355.0,144.82,144.827
1747749846334.0,144.812,144.819
1747749846334.0,144.812,144.819
1747749849146.0,144.815,144.822
1747749849146.0,144.815,144.822
1747749849606.0,144.814,144.821
1747749849606.0,144.814,144.821
1747749849886.0,144.815,144.822
1747749849886.0,144.815,144.822
1747749850026.0,144.814,144.821
1747749850026.0,144.814,144.821
1747749850306.0,144.815,144.822
1747749850306.0,144.815,144.822
1747749851006.0,144.814,144.821
1747749851006.0,144.814,144.821
1747749851898.0,144.813,144.82
1747749851898.0,144.813,144.82
1747749853789.0,144.812,144.819
1747749853789.0,144.812,144.819
1747749853930.0,144.813,144.82
1747749853930.0,144.813,144.82
1747749854485.0,144.812,144.819
1747749854485.0,144.812,144.819
1747749856262.0,144.814,144.821
1747749856262.0,144.814,144.821
1747749856539.0,144.812,144.819
1747749856539.0,144.812,144.819
1747749856678.0,144.811,144.818
1747749856678.0,144.811,144.818
1747749857794.0,144.81,144.817
1747749857794.0,144.81,144.817
1747749857944.0,144.811,144.818
1747749857944.0,144.811,144.818
1747749860771.0,144.81,144.817
1747749860771.0,144.81,144.817
1747749861051.0,144.809,144.816
1747749861051.0,144.809,144.816
1747749861193.0,144.805,144.812
1747749861193.0,144.805,144.812
1747749861895.0,144.806,144.813
1747749861895.0,144.806,144.813
1747749865945.0,144.803,144.81
1747749865945.0,144.803,144.81
1747749867865.0,144.806,144.813
1747749867865.0,144.806,144.813
1747749868006.0,144.808,144.815
1747749868006.0,144.808,144.815
1747749868600.0,144.807,144.814
1747749868600.0,144.807,144.814
1747749868725.0,144.805,144.812
1747749868725.0,144.805,144.812
1747749868873.0,144.803,144.81
1747749868873.0,144.803,144.81
1747749869284.0,144.802,144.809
1747749869284.0,144.802,144.809
1747749869881.0,144.799,144.806
1747749869881.0,144.799,144.806
1747749870607.0,144.798,144.805
1747749870607.0,144.798,144.805
1747749870749.0,144.796,144.803
1747749870749.0,144.796,144.803
1747749871336.0,144.795,144.802
1747749871336.0,144.795,144.802
1747749871477.0,144.796,144.803
1747749871477.0,144.796,144.803
1747749872102.0,144.799,144.806
1747749872102.0,144.799,144.806
1747749873960.0,144.802,144.809
1747749873960.0,144.802,144.809
1747749874372.0,144.8,144.807
1747749874372.0,144.8,144.807
1747749875272.0,144.798,144.805
1747749875272.0,144.798,144.805
1747749875556.0,144.801,144.808
1747749875556.0,144.801,144.808
1747749876687.0,144.799,144.806
1747749876687.0,144.799,144.806
1747749877107.0,144.798,144.805
1747749877107.0,144.798,144.805
1747749877387.0,144.797,144.804
1747749877387.0,144.797,144.804
1747749878127.0,144.798,144.805
1747749878127.0,144.798,144.805
1747749878266.0,144.8,144.807
1747749878266.0,144.8,144.807
1747749878685.0,144.801,144.808
1747749878685.0,144.801,144.808
1747749879789.0,144.8,144.807
1747749879789.0,144.8,144.807
1747749880489.0,144.799,144.806
1747749880489.0,144.799,144.806
1747749881620.0,144.797,144.804
1747749881620.0,144.797,144.804
1747749882767.0,144.799,144.806
1747749882767.0,144.799,144.806
1747749883759.0,144.8,144.807
1747749883759.0,144.8,144.807
1747749884827.0,144.806,144.813
1747749884827.0,144.806,144.813
1747749884974.0,144.805,144.812
1747749884974.0,144.805,144.812
1747749885528.0,144.804,144.811
1747749885528.0,144.804,144.811
1747749885666.0,144.802,144.809
1747749885666.0,144.802,144.809
1747749887523.0,144.8,144.807
1747749887523.0,144.8,144.807
1747749887802.0,144.801,144.808
1747749887802.0,144.801,144.808
1747749888088.0,144.802,144.809
1747749888088.0,144.802,144.809
1747749888923.0,144.807,144.814
1747749888923.0,144.807,144.814
1747749889062.0,144.809,144.816
1747749889062.0,144.809,144.816
1747749890101.0,144.807,144.814
1747749890101.0,144.807,144.814
1747749890522.0,144.8,144.807
1747749890522.0,144.8,144.807
1747749890671.0,144.801,144.808
1747749890671.0,144.801,144.808
1747749890800.0,144.802,144.809
1747749890800.0,144.802,144.809
1747749891080.0,144.803,144.81
1747749891080.0,144.803,144.81
1747749891641.0,144.804,144.811
1747749891641.0,144.804,144.811
1747749891927.0,144.805,144.812
1747749891927.0,144.805,144.812
1747749892391.0,144.804,144.811
1747749892391.0,144.804,144.811
1747749893039.0,144.805,144.812
1747749893039.0,144.805,144.812
1747749893318.0,144.802,144.809
1747749893318.0,144.802,144.809
1747749894364.0,144.805,144.812
1747749894364.0,144.805,144.812
1747749894784.0,144.804,144.811
1747749894784.0,144.804,144.811
1747749894924.0,144.803,144.81
1747749894924.0,144.803,144.81
1747749895063.0,144.802,144.809
1747749895063.0,144.802,144.809
1747749896118.0,144.801,144.808
1747749896118.0,144.801,144.808
1747749897276.0,144.802,144.809
1747749897276.0,144.802,144.809
1747749897414.0,144.804,144.811
1747749897414.0,144.804,144.811
1747749897693.0,144.806,144.813
1747749897693.0,144.806,144.813
1747749898774.0,144.805,144.812
1747749898774.0,144.805,144.812
1747749899504.0,144.806,144.813
1747749899504.0,144.806,144.813
1747749899643.0,144.81,144.817
1747749899643.0,144.81,144.817
1747749899783.0,144.811,144.818
1747749899783.0,144.811,144.818
1747749900397.0,144.814,144.821
1747749900397.0,144.814,144.821
1747749900539.0,144.812,144.819
1747749900539.0,144.812,144.819
1747749900816.0,144.811,144.818
1747749900816.0,144.811,144.818
1747749901096.0,144.801,144.808
1747749901096.0,144.801,144.808
1747749901236.0,144.803,144.81
1747749901236.0,144.803,144.81
1747749902007.0,144.801,144.808
1747749902007.0,144.801,144.808
1747749902715.0,144.8,144.807
1747749902715.0,144.8,144.807
1747749903265.0,144.809,144.816
1747749903265.0,144.809,144.816
1747749904830.0,144.811,144.818
1747749904830.0,144.811,144.818
1747749906965.0,144.81,144.817
1747749906965.0,144.81,144.817
1747749907480.0,144.812,144.819
1747749907480.0,144.812,144.819
1747749909627.0,144.815,144.822
1747749909627.0,144.815,144.822
1747749909768.0,144.811,144.818
1747749909768.0,144.811,144.818
1747749909920.0,144.81,144.817
1747749909920.0,144.81,144.817
1747749910048.0,144.811,144.818
1747749910048.0,144.811,144.818
1747749910467.0,144.81,144.817
1747749910467.0,144.81,144.817
1747749910766.0,144.811,144.818
1747749910766.0,144.811,144.818
1747749911045.0,144.81,144.817
1747749911045.0,144.81,144.817
1747749911784.0,144.811,144.818
1747749911784.0,144.811,144.818
1747749912326.0,144.812,144.819
1747749912326.0,144.812,144.819
1747749912601.0,144.811,144.818
1747749912601.0,144.811,144.818
1747749912737.0,144.812,144.819
1747749912737.0,144.812,144.819
1747749915631.0,144.811,144.818
1747749915631.0,144.811,144.818
1747749915912.0,144.812,144.819
1747749915912.0,144.812,144.819
1747749916688.0,144.811,144.818
1747749916688.0,144.811,144.818
1747749917994.0,144.81,144.817
1747749917994.0,144.81,144.817
1747749919397.0,144.811,144.818
1747749919397.0,144.811,144.818
1747749919827.0,144.812,144.819
1747749919827.0,144.812,144.819
1747749920628.0,144.811,144.818
1747749920628.0,144.811,144.818
1747749921280.0,144.813,144.82
1747749921280.0,144.813,144.82
1747749922220.0,144.812,144.819
1747749922220.0,144.812,144.819
1747749923122.0,144.813,144.82
1747749923122.0,144.813,144.82
1747749923968.0,144.811,144.818
1747749923968.0,144.811,144.818
1747749925140.0,144.824,144.831
1747749925140.0,144.824,144.831
1747749925680.0,144.828,144.835
1747749925680.0,144.828,144.835
1747749925821.0,144.827,144.834
1747749925821.0,144.827,144.834
1747749926530.0,144.826,144.833
1747749926530.0,144.826,144.833
1747749927503.0,144.819,144.826
1747749927503.0,144.819,144.826
1747749928059.0,144.82,144.827
1747749928059.0,144.82,144.827
1747749928201.0,144.822,144.829
1747749928201.0,144.822,144.829
1747749930505.0,144.823,144.83
1747749930505.0,144.823,144.83
1747749931148.0,144.822,144.829
1747749931148.0,144.822,144.829
1747749931708.0,144.823,144.83
1747749931708.0,144.823,144.83
1747749934140.0,144.822,144.829
1747749934140.0,144.822,144.829
1747749935151.0,144.817,144.835
1747749935151.0,144.817,144.835
1747749935282.0,144.816,144.836
1747749935282.0,144.816,144.836
1747749935563.0,144.817,144.834
1747749935563.0,144.817,144.834
1747749936746.0,144.815,144.83
1747749936746.0,144.815,144.83
1747749937307.0,144.817,144.827
1747749937307.0,144.817,144.827
1747749937448.0,144.815,144.825
1747749937448.0,144.815,144.825
1747749937728.0,144.817,144.827
1747749937728.0,144.817,144.827
1747749938865.0,144.82,144.83
1747749938865.0,144.82,144.83
1747749939006.0,144.819,144.829
1747749939006.0,144.819,144.829
1747749939289.0,144.818,144.828
1747749939289.0,144.818,144.828
1747749939845.0,144.821,144.831
1747749939845.0,144.821,144.831
1747749940405.0,144.817,144.833
1747749940405.0,144.817,144.833
1747749942365.0,144.826,144.836
1747749942365.0,144.826,144.836
1747749942526.0,144.824,144.839
1747749942526.0,144.824,144.839
1747749942640.0,144.827,144.834
1747749942640.0,144.827,144.834
1747749942786.0,144.826,144.833
1747749942786.0,144.826,144.833
1747749943200.0,144.828,144.835
1747749943200.0,144.828,144.835
1747749943856.0,144.83,144.837
1747749943856.0,144.83,144.837
1747749944033.0,144.826,144.833
1747749944033.0,144.826,144.833
1747749944418.0,144.825,144.832
1747749944418.0,144.825,144.832
1747749944553.0,144.824,144.831
1747749944553.0,144.824,144.831
1747749944835.0,144.826,144.833
1747749944835.0,144.826,144.833
1747749945260.0,144.824,144.831
1747749945260.0,144.824,144.831
1747749946096.0,144.823,144.83
1747749946096.0,144.823,144.83
1747749948133.0,144.824,144.831
1747749948133.0,144.824,144.831
1747749948836.0,144.825,144.832
1747749948836.0,144.825,144.832
1747749949816.0,144.824,144.831
1747749949816.0,144.824,144.831
1747749951795.0,144.823,144.83
1747749951795.0,144.823,144.83
1747749952608.0,144.822,144.829
1747749952608.0,144.822,144.829
1747749953687.0,144.824,144.831
1747749953687.0,144.824,144.831
1747749953844.0,144.828,144.835
1747749953844.0,144.828,144.835
1747749954247.0,144.829,144.836
1747749954247.0,144.829,144.836
1747749954529.0,144.831,144.838
1747749954529.0,144.831,144.838
1747749954680.0,144.832,144.839
1747749954680.0,144.832,144.839
1747749955089.0,144.833,144.84
1747749955089.0,144.833,144.84
1747749955546.0,144.839,144.846
1747749955546.0,144.839,144.846
1747749955686.0,144.837,144.844
1747749955686.0,144.837,144.844
1747749956245.0,144.838,144.845
1747749956245.0,144.838,144.845
1747749958297.0,144.839,144.846
1747749958297.0,144.839,144.846
1747749959118.0,144.837,144.844
1747749959118.0,144.837,144.844
1747749959258.0,144.843,144.85
1747749959258.0,144.843,144.85
1747749959543.0,144.84,144.847
1747749959543.0,144.84,144.847
1747749960101.0,144.837,144.844
1747749960101.0,144.837,144.844
1747749960378.0,144.837,144.844
1747749960378.0,144.837,144.844
1747749960519.0,144.839,144.846
1747749960519.0,144.839,144.846
1747749961219.0,144.842,144.849
1747749961219.0,144.842,144.849
1747749961778.0,144.839,144.854
1747749961778.0,144.839,144.854
1747749961918.0,144.844,144.859
1747749961918.0,144.844,144.859
1747749962062.0,,144.86
1747749962062.0,,144.86
1747749962340.0,144.84,144.855
1747749962340.0,144.84,144.855
1747749962479.0,,144.856
1747749962479.0,,144.856
1747749962984.0,144.843,144.853
1747749962984.0,144.843,144.853
1747749963403.0,144.837,144.852
1747749963403.0,144.837,144.852
1747749963691.0,144.838,144.848
1747749963691.0,144.838,144.848
1747749963833.0,144.84,144.85
1747749963833.0,144.84,144.85
1747749964548.0,144.841,144.851
1747749964548.0,144.841,144.851
1747749964832.0,144.838,144.854
1747749964832.0,144.838,144.854
1747749965381.0,,144.855
1747749965381.0,,144.855
1747749965808.0,144.836,144.852
1747749965808.0,144.836,144.852
1747749965947.0,144.835,144.853
1747749965947.0,144.835,144.853
1747749966373.0,144.837,144.856
1747749966373.0,144.837,144.856
1747749966507.0,144.836,
1747749966507.0,144.836,
1747749966935.0,144.845,144.861
1747749966935.0,144.845,144.861
1747749967207.0,144.849,144.864
1747749967207.0,144.849,144.864
1747749967487.0,144.847,144.863
1747749967487.0,144.847,144.863
1747749967631.0,144.848,
1747749967631.0,144.848,
1747749967907.0,144.846,144.862
1747749967907.0,144.846,144.862
1747749968721.0,144.845,144.86
1747749968721.0,144.845,144.86
1747749969155.0,144.848,144.863
1747749969155.0,144.848,144.863
1747749970010.0,144.849,144.859
1747749970010.0,144.849,144.859
1747749971130.0,144.847,144.857
1747749971130.0,144.847,144.857
1747749972013.0,144.844,144.851
1747749972013.0,144.844,144.851
1747749972580.0,144.849,144.856
1747749972580.0,144.849,144.856
1747749972719.0,144.85,144.857
1747749972719.0,144.85,144.857
1747749973141.0,144.846,144.853
1747749973141.0,144.846,144.853
1747749973419.0,144.849,144.856
1747749973419.0,144.849,144.856
1747749973698.0,144.846,144.853
1747749973698.0,144.846,144.853
1747749973840.0,144.845,144.852
1747749973840.0,144.845,144.852
1747749975616.0,144.848,144.855
1747749975616.0,144.848,144.855
1747749976624.0,144.847,144.854
1747749976624.0,144.847,144.854
1747749976903.0,144.847,144.854
1747749976903.0,144.847,144.854
1747749977183.0,144.844,144.851
1747749977183.0,144.844,144.851
1747749977467.0,144.841,144.848
1747749977467.0,144.841,144.848
1747749977602.0,144.84,144.847
1747749977602.0,144.84,144.847
1747749978600.0,144.835,144.842
1747749978600.0,144.835,144.842
1747749978880.0,144.834,144.841
1747749978880.0,144.834,144.841
1747749979160.0,144.83,144.837
1747749979160.0,144.83,144.837
1747749979442.0,144.827,144.834
1747749979442.0,144.827,144.834
1747749980476.0,144.831,144.838
1747749980476.0,144.831,144.838
1747749980606.0,144.832,144.839
1747749980606.0,144.832,144.839
1747749981307.0,144.827,144.834
1747749981307.0,144.827,144.834
1747749981872.0,144.828,144.835
1747749981872.0,144.828,144.835
1747749982426.0,144.82,144.844
1747749982426.0,144.82,144.844
1747749983922.0,144.822,144.846
1747749983922.0,144.822,144.846
1747749984712.0,144.824,144.848
1747749984712.0,144.824,144.848
1747749984991.0,144.823,144.847
1747749984991.0,144.823,144.847
1747749985727.0,144.824,144.846
1747749985727.0,144.824,144.846
1747749986146.0,144.823,
1747749986146.0,144.823,
1747749987190.0,144.821,144.843
1747749987190.0,144.821,144.843
1747749987868.0,144.82,144.842
1747749987868.0,144.82,144.842
1747749989123.0,144.821,144.843
1747749989123.0,144.821,144.843
1747749989603.0,144.82,144.842
1747749989603.0,144.82,144.842
1747749990054.0,,144.843
1747749990054.0,,144.843
1747749990895.0,,144.842
1747749990895.0,,144.842
1747749991040.0,,144.843
1747749991040.0,,144.843
1747749991456.0,144.822,144.845
1747749991456.0,144.822,144.845
1747749991595.0,144.824,144.846
1747749991595.0,144.824,144.846
1747749993830.0,144.826,144.848
1747749993830.0,144.826,144.848
1747749994529.0,144.825,144.846
1747749994529.0,144.825,144.846
1747749995276.0,144.823,144.842
1747749995276.0,144.823,144.842
1747749996721.0,144.821,144.84
1747749996721.0,144.821,144.84
1747749998192.0,144.822,144.841
1747749998192.0,144.822,144.841
1747749998890.0,144.824,144.84
1747749998890.0,144.824,144.84
1747749999450.0,144.833,144.84
1747749999450.0,144.833,144.84
1747749999735.0,144.835,144.842
1747749999735.0,144.835,144.842
1747749999871.0,144.836,144.843
1747749999871.0,144.836,144.843
1747750000290.0,144.831,144.838
1747750000290.0,144.831,144.838
1747750000430.0,144.829,144.836
1747750000430.0,144.829,144.836
1747750003701.0,144.832,144.839
1747750003701.0,144.832,144.839
1747750005840.0,144.83,144.837
1747750005840.0,144.83,144.837
1747750007095.0,144.832,144.839
1747750007095.0,144.832,144.839
1747750007521.0,144.831,144.838
1747750007521.0,144.831,144.838
1747750009219.0,144.827,144.834
1747750009219.0,144.827,144.834
1747750010066.0,144.828,144.835
1747750010066.0,144.828,144.835
1747750011120.0,144.827,144.834
1747750011120.0,144.827,144.834
1747750011260.0,144.826,144.833
1747750011260.0,144.826,144.833
1747750011934.0,144.827,144.834
1747750011934.0,144.827,144.834
1747750012362.0,144.827,144.834
1747750012362.0,144.827,144.834
1747750012772.0,144.824,144.831
1747750012772.0,144.824,144.831
1747750013339.0,144.817,144.824
1747750013339.0,144.817,144.824
1747750013616.0,144.82,144.827
1747750013616.0,144.82,144.827
1747750014572.0,144.822,144.829
1747750014572.0,144.822,144.829
1747750014711.0,144.821,144.828
1747750014711.0,144.821,144.828
1747750014994.0,144.822,144.829
1747750014994.0,144.822,144.829
1747750016511.0,144.819,144.826
1747750016511.0,144.819,144.826
1747750016795.0,144.821,144.828
1747750016795.0,144.821,144.828
1747750016933.0,144.823,144.83
1747750016933.0,144.823,144.83
1747750018520.0,144.824,144.831
1747750018520.0,144.824,144.831
1747750019217.0,144.823,144.83
1747750019217.0,144.823,144.83
1747750019725.0,144.824,144.831
1747750019725.0,144.824,144.831
1747750020582.0,144.823,144.83
1747750020582.0,144.823,144.83
1747750021284.0,144.824,144.831
1747750021284.0,144.824,144.831
1747750021426.0,144.825,144.832
1747750021426.0,144.825,144.832
1747750021850.0,144.827,144.834
1747750021850.0,144.827,144.834
1747750021991.0,144.828,144.835
1747750021991.0,144.828,144.835
1747750022545.0,144.831,144.838
1747750022545.0,144.831,144.838
1747750022966.0,144.83,144.837
1747750022966.0,144.83,144.837
1747750023961.0,144.827,144.834
1747750023961.0,144.827,144.834
1747750024102.0,144.826,144.833
1747750024102.0,144.826,144.833
1747750025394.0,144.823,144.83
1747750025394.0,144.823,144.83
1747750027117.0,144.825,144.832
1747750027117.0,144.825,144.832
1747750029048.0,144.829,144.836
1747750029048.0,144.829,144.836
1747750029328.0,144.826,144.833
1747750029328.0,144.826,144.833
1747750030465.0,144.823,144.83
1747750030465.0,144.823,144.83
1747750031350.0,144.824,144.831
1747750031350.0,144.824,144.831
1747750031895.0,144.821,144.828
1747750031895.0,144.821,144.828
1747750032513.0,144.817,144.824
1747750032513.0,144.817,144.824
1747750032655.0,144.816,144.823
1747750032655.0,144.816,144.823
1747750032792.0,144.817,144.824
1747750032792.0,144.817,144.824
1747750033074.0,144.818,144.825
1747750033074.0,144.818,144.825
1747750033678.0,144.817,144.824
1747750033678.0,144.817,144.824
1747750033955.0,144.819,144.826
1747750033955.0,144.819,144.826
1747750034657.0,144.818,144.825
1747750034657.0,144.818,144.825
1747750034942.0,144.823,144.83
1747750034942.0,144.823,144.83
1747750035096.0,144.822,144.829
1747750035096.0,144.822,144.829
1747750036431.0,144.82,144.827
1747750036431.0,144.82,144.827
1747750036706.0,144.819,144.826
1747750036706.0,144.819,144.826
1747750037325.0,144.821,144.828
1747750037325.0,144.821,144.828
1747750038427.0,144.823,144.83
1747750038427.0,144.823,144.83
1747750038848.0,144.821,144.828
1747750038848.0,144.821,144.828
1747750039126.0,144.819,144.826
1747750039126.0,144.819,144.826
1747750039407.0,144.816,144.823
1747750039407.0,144.816,144.823
1747750039687.0,144.81,144.817
1747750039687.0,144.81,144.817
1747750039967.0,144.811,144.818
1747750039967.0,144.811,144.818
1747750040108.0,144.813,144.82
1747750040108.0,144.813,144.82
1747750041110.0,144.809,144.816
1747750041110.0,144.809,144.816
1747750041389.0,144.806,144.813
1747750041389.0,144.806,144.813
1747750041531.0,144.805,144.812
1747750041531.0,144.805,144.812
1747750041812.0,144.806,144.813
1747750041812.0,144.806,144.813
1747750042460.0,144.803,144.81
1747750042460.0,144.803,144.81
1747750042602.0,144.802,144.809
1747750042602.0,144.802,144.809
1747750044007.0,144.801,144.808
1747750044007.0,144.801,144.808
1747750044704.0,144.803,144.81
1747750044704.0,144.803,144.81
1747750044850.0,144.801,144.808
1747750044850.0,144.801,144.808
1747750045124.0,144.802,144.809
1747750045124.0,144.802,144.809
1747750047302.0,144.801,144.808
1747750047302.0,144.801,144.808
1747750047863.0,144.802,144.809
1747750047863.0,144.802,144.809
1747750048168.0,144.805,144.812
1747750048168.0,144.805,144.812
1747750048283.0,144.808,144.815
1747750048283.0,144.808,144.815
1747750048844.0,144.809,144.816
1747750048844.0,144.809,144.816
1747750049123.0,144.81,144.817
1747750049123.0,144.81,144.817
1747750049546.0,144.811,144.818
1747750049546.0,144.811,144.818
1747750049822.0,144.81,144.817
1747750049822.0,144.81,144.817
1747750049962.0,144.811,144.818
1747750049962.0,144.811,144.818
1747750051046.0,144.809,144.816
1747750051046.0,144.809,144.816
1747750051663.0,144.812,144.819
1747750051663.0,144.812,144.819
1747750052088.0,144.81,144.817
1747750052088.0,144.81,144.817
1747750055824.0,144.805,144.812
1747750055824.0,144.805,144.812
1747750055967.0,144.8,144.807
1747750055967.0,144.8,144.807
1747750056662.0,144.803,144.81
1747750056662.0,144.803,144.81
1747750056802.0,144.805,144.812
1747750056802.0,144.805,144.812
1747750057786.0,144.811,144.818
1747750057786.0,144.811,144.818
1747750058067.0,144.809,144.816
1747750058067.0,144.809,144.816
1747750058347.0,144.808,144.815
1747750058347.0,144.808,144.815
1747750060021.0,144.811,144.818
1747750060021.0,144.811,144.818
1747750062416.0,144.812,144.819
1747750062416.0,144.812,144.819
1747750063812.0,144.81,144.817
1747750063812.0,144.81,144.817
1747750064236.0,144.804,144.811
1747750064236.0,144.804,144.811
1747750064376.0,144.8,144.807
1747750064376.0,144.8,144.807
1747750064651.0,144.804,144.811
1747750064651.0,144.804,144.811
1747750064937.0,144.803,144.81
1747750064937.0,144.803,144.81
1747750065500.0,144.797,144.804
1747750065500.0,144.797,144.804
1747750066070.0,144.798,144.805
1747750066070.0,144.798,144.805
1747750066353.0,144.802,144.809
1747750066353.0,144.802,144.809
1747750066632.0,144.807,144.814
1747750066632.0,144.807,144.814
1747750066909.0,144.809,144.816
1747750066909.0,144.809,144.816
1747750067659.0,144.81,144.817
1747750067659.0,144.81,144.817
1747750068079.0,144.812,144.819
1747750068079.0,144.812,144.819
1747750068499.0,144.818,144.825
1747750068499.0,144.818,144.825
1747750068778.0,144.816,144.823
1747750068778.0,144.816,144.823
1747750068927.0,144.817,144.824
1747750068927.0,144.817,144.824
1747750069498.0,144.821,144.828
1747750069498.0,144.821,144.828
1747750070006.0,144.818,144.825
1747750070006.0,144.818,144.825
1747750070429.0,144.819,144.826
1747750070429.0,144.819,144.826
1747750071008.0,144.814,144.821
1747750071008.0,144.814,144.821
1747750071294.0,144.815,144.822
1747750071294.0,144.815,144.822
1747750072019.0,144.812,144.819
1747750072019.0,144.812,144.819
1747750072163.0,144.805,144.812
1747750072163.0,144.805,144.812
1747750073349.0,144.808,144.815
1747750073349.0,144.808,144.815
1747750073493.0,144.807,144.814
1747750073493.0,144.807,144.814
1747750074279.0,144.804,144.811
1747750074279.0,144.804,144.811
1747750074702.0,144.805,144.812
1747750074702.0,144.805,144.812
1747750075269.0,144.803,144.81
1747750075269.0,144.803,144.81
1747750075691.0,144.799,144.806
1747750075691.0,144.799,144.806
1747750075969.0,144.8,144.807
1747750075969.0,144.8,144.807
1747750076870.0,144.799,144.806
1747750076870.0,144.799,144.806
1747750077292.0,144.8,144.807
1747750077292.0,144.8,144.807
1747750078946.0,144.798,144.805
1747750078946.0,144.798,144.805
1747750082906.0,144.797,144.804
1747750082906.0,144.797,144.804
1747750083471.0,144.795,144.802
1747750083471.0,144.795,144.802
1747750083615.0,144.792,144.799
1747750083615.0,144.792,144.799
1747750084452.0,144.791,144.798
1747750084452.0,144.791,144.798
1747750084945.0,144.79,144.797
1747750084945.0,144.79,144.797
1747750085222.0,144.788,144.795
1747750085222.0,144.788,144.795
1747750085642.0,144.782,144.789
1747750085642.0,144.782,144.789
1747750085782.0,144.781,144.788
1747750085782.0,144.781,144.788
1747750086349.0,144.785,144.792
1747750086349.0,144.785,144.792
1747750086483.0,144.784,144.791
1747750086483.0,144.784,144.791
1747750086763.0,144.785,144.792
1747750086763.0,144.785,144.792
1747750086902.0,144.784,144.791
1747750086902.0,144.784,144.791
1747750087183.0,144.786,144.793
1747750087183.0,144.786,144.793
1747750087323.0,144.788,144.795
1747750087323.0,144.788,144.795
1747750087742.0,144.792,144.799
1747750087742.0,144.792,144.799
1747750087884.0,144.793,144.8
1747750087884.0,144.793,144.8
1747750088308.0,144.794,144.801
1747750088308.0,144.794,144.801
1747750088862.0,144.793,144.8
1747750088862.0,144.793,144.8
1747750089003.0,144.786,144.793
1747750089003.0,144.786,144.793
1747750089650.0,144.785,144.792
1747750089650.0,144.785,144.792
1747750090522.0,144.786,144.793
1747750090522.0,144.786,144.793
1747750090802.0,144.785,144.792
1747750090802.0,144.785,144.792
1747750090941.0,144.784,144.791
1747750090941.0,144.784,144.791
1747750091362.0,144.785,144.792
1747750091362.0,144.785,144.792
1747750091501.0,144.782,144.789
1747750091501.0,144.782,144.789
1747750091640.0,144.784,144.791
1747750091640.0,144.784,144.791
1747750092061.0,144.785,144.792
1747750092061.0,144.785,144.792
1747750092345.0,144.784,144.791
1747750092345.0,144.784,144.791
1747750093428.0,144.782,144.789
1747750093428.0,144.782,144.789
1747750093717.0,144.782,144.789
1747750093717.0,144.782,144.789
1747750094269.0,144.779,144.786
1747750094269.0,144.779,144.786
1747750097017.0,144.782,144.789
1747750097017.0,144.782,144.789
1747750099475.0,144.785,144.792
1747750099475.0,144.785,144.792
1747750099606.0,144.79,144.797
1747750099606.0,144.79,144.797
1747750099886.0,144.789,144.796
1747750099886.0,144.789,144.796
1747750100552.0,144.785,144.792
1747750100552.0,144.785,144.792
1747750100682.0,144.784,144.791
1747750100682.0,144.784,144.791
1747750101270.0,144.785,144.792
1747750101270.0,144.785,144.792
1747750101560.0,144.78,144.787
1747750101560.0,144.78,144.787
1747750101830.0,144.778,144.785
1747750101830.0,144.778,144.785
1747750103247.0,144.784,144.791
1747750103247.0,144.784,144.791
1747750103527.0,144.781,144.788
1747750103527.0,144.781,144.788
1747750103674.0,144.78,144.787
1747750103674.0,144.78,144.787
1747750105950.0,144.777,144.784
1747750105950.0,144.777,144.784
1747750108154.0,144.774,144.781
1747750108154.0,144.774,144.781
1747750108302.0,144.773,144.78
1747750108302.0,144.773,144.78
1747750108588.0,144.765,144.772
1747750108588.0,144.765,144.772
1747750108856.0,144.767,144.774
1747750108856.0,144.767,144.774
1747750109140.0,144.769,144.776
1747750109140.0,144.769,144.776
1747750109274.0,144.77,144.777
1747750109274.0,144.77,144.777
1747750109695.0,144.759,144.766
1747750109695.0,144.759,144.766
1747750109835.0,144.76,144.767
1747750109835.0,144.76,144.767
1747750110265.0,144.763,144.77
1747750110265.0,144.763,144.77
1747750111730.0,144.761,144.768
1747750111730.0,144.761,144.768
1747750112143.0,144.752,144.759
1747750112143.0,144.752,144.759
1747750112282.0,144.753,144.76
1747750112282.0,144.753,144.76
1747750112982.0,144.754,144.761
1747750112982.0,144.754,144.761
1747750113543.0,144.752,144.759
1747750113543.0,144.752,144.759
1747750114105.0,144.749,144.756
1747750114105.0,144.749,144.756
1747750114241.0,144.748,144.755
1747750114241.0,144.748,144.755
1747750114389.0,144.749,144.756
1747750114389.0,144.749,144.756
1747750115327.0,144.75,144.757
1747750115327.0,144.75,144.757
1747750115605.0,144.749,144.756
1747750115605.0,144.749,144.756
1747750115748.0,144.75,144.757
1747750115748.0,144.75,144.757
1747750115887.0,144.749,144.756
1747750115887.0,144.749,144.756
1747750116702.0,144.751,144.758
1747750116702.0,144.751,144.758
1747750116980.0,144.754,144.761
1747750116980.0,144.754,144.761
1747750117906.0,144.758,144.765
1747750117906.0,144.758,144.765
1747750118059.0,144.761,144.768
1747750118059.0,144.761,144.768
1747750118326.0,144.754,144.761
1747750118326.0,144.754,144.761
1747750118604.0,144.756,144.763
1747750118604.0,144.756,144.763
1747750120540.0,144.759,144.766
1747750120540.0,144.759,144.766
1747750120678.0,144.76,144.767
1747750120678.0,144.76,144.767
1747750120957.0,144.759,144.766
1747750120957.0,144.759,144.766
1747750121378.0,144.756,144.763
1747750121378.0,144.756,144.763
1747750121521.0,144.757,144.764
1747750121521.0,144.757,144.764
1747750122304.0,144.755,144.762
1747750122304.0,144.755,144.762
1747750123817.0,144.754,144.761
1747750123817.0,144.754,144.761
1747750124368.0,144.75,144.757
1747750124368.0,144.75,144.757
1747750125069.0,144.749,144.756
1747750125069.0,144.749,144.756
1747750126029.0,144.747,144.754
1747750126029.0,144.747,144.754
1747750126772.0,144.746,144.753
1747750126772.0,144.746,144.753
1747750126915.0,144.74,144.759
1747750126915.0,144.74,144.759
1747750127193.0,144.742,144.758
1747750127193.0,144.742,144.758
1747750127760.0,144.743,144.753
1747750127760.0,144.743,144.753
1747750128199.0,144.744,144.754
1747750128199.0,144.744,144.754
1747750128340.0,144.738,144.748
1747750128340.0,144.738,144.748
1747750128479.0,144.741,144.751
1747750128479.0,144.741,144.751
1747750128899.0,144.74,144.75
1747750128899.0,144.74,144.75
1747750129760.0,144.741,144.748
1747750129760.0,144.741,144.748
1747750130183.0,144.742,144.749
1747750130183.0,144.742,144.749
1747750130959.0,144.74,144.747
1747750130959.0,144.74,144.747
1747750131240.0,144.742,144.749
1747750131240.0,144.742,144.749
1747750134224.0,144.743,144.75
1747750134224.0,144.743,144.75
1747750134649.0,144.742,144.749
1747750134649.0,144.742,144.749
1747750134784.0,144.739,144.746
1747750134784.0,144.739,144.746
1747750135064.0,144.747,144.754
1747750135064.0,144.747,144.754
1747750135910.0,144.755,144.762
1747750135910.0,144.755,144.762
1747750136188.0,144.758,144.765
1747750136188.0,144.758,144.765
1747750136745.0,144.757,144.764
1747750136745.0,144.757,144.764
1747750136882.0,144.755,144.762
1747750136882.0,144.755,144.762
1747750137310.0,144.749,144.756
1747750137310.0,144.749,144.756
1747750137445.0,144.748,144.755
1747750137445.0,144.748,144.755
1747750137724.0,144.747,144.754
1747750137724.0,144.747,144.754
1747750138005.0,144.746,144.753
1747750138005.0,144.746,144.753
1747750140199.0,144.745,144.752
1747750140199.0,144.745,144.752
1747750140899.0,144.746,144.753
1747750140899.0,144.746,144.753
1747750141172.0,144.749,144.756
1747750141172.0,144.749,144.756
1747750141299.0,144.748,144.755
1747750141299.0,144.748,144.755
1747750142141.0,144.75,144.757
1747750142141.0,144.75,144.757
1747750142428.0,144.748,144.755
1747750142428.0,144.748,144.755
1747750142703.0,144.746,144.753
1747750142703.0,144.746,144.753
1747750142981.0,144.749,144.756
1747750142981.0,144.749,144.756
1747750143683.0,144.746,144.753
1747750143683.0,144.746,144.753
1747750145825.0,144.745,144.752
1747750145825.0,144.745,144.752
1747750146472.0,144.746,144.753
1747750146472.0,144.746,144.753
1747750146750.0,144.749,144.756
1747750146750.0,144.749,144.756
1747750147169.0,144.755,144.762
1747750147169.0,144.755,144.762
1747750147321.0,144.756,144.763
1747750147321.0,144.756,144.763
1747750147589.0,144.755,144.762
1747750147589.0,144.755,144.762
1747750147868.0,144.756,144.763
1747750147868.0,144.756,144.763
1747750148153.0,144.755,144.762
1747750148153.0,144.755,144.762
1747750148848.0,144.754,144.761
1747750148848.0,144.754,144.761
1747750150278.0,144.746,144.753
1747750150278.0,144.746,144.753
1747750150559.0,144.746,144.753
1747750150559.0,144.746,144.753
1747750150845.0,144.747,144.754
1747750150845.0,144.747,144.754
1747750151258.0,144.745,144.752
1747750151258.0,144.745,144.752
1747750151401.0,144.746,144.753
1747750151401.0,144.746,144.753
1747750151539.0,144.745,144.752
1747750151539.0,144.745,144.752
1747750151971.0,144.746,144.753
1747750151971.0,144.746,144.753
1747750153451.0,144.75,144.757
1747750153451.0,144.75,144.757
1747750153869.0,144.749,144.756
1747750153869.0,144.749,144.756
1747750154148.0,144.755,144.762
1747750154148.0,144.755,144.762
1747750154709.0,144.756,144.763
1747750154709.0,144.756,144.763
1747750155300.0,144.755,144.762
1747750155300.0,144.755,144.762
1747750155725.0,144.754,144.761
1747750155725.0,144.754,144.761
1747750156584.0,144.753,144.76
1747750156584.0,144.753,144.76
1747750157340.0,144.752,144.759
1747750157340.0,144.752,144.759
1747750157621.0,144.75,144.757
1747750157621.0,144.75,144.757
1747750157762.0,144.751,144.758
1747750157762.0,144.751,144.758
1747750158656.0,144.752,144.759
1747750158656.0,144.752,144.759
1747750159077.0,144.753,144.76
1747750159077.0,144.753,144.76
1747750161711.0,144.749,144.756
1747750161711.0,144.749,144.756
1747750162115.0,144.753,144.76
1747750162115.0,144.753,144.76
1747750163273.0,144.756,144.763
1747750163273.0,144.756,144.763
1747750163827.0,144.754,144.761
1747750163827.0,144.754,144.761
1747750164667.0,144.753,144.76
1747750164667.0,144.753,144.76
1747750165226.0,144.75,144.757
1747750165226.0,144.75,144.757
1747750165367.0,144.749,144.756
1747750165367.0,144.749,144.756
1747750166014.0,144.747,144.754
1747750166014.0,144.747,144.754
1747750166295.0,144.743,144.75
1747750166295.0,144.743,144.75
1747750168495.0,144.739,144.746
1747750168495.0,144.739,144.746
1747750169226.0,144.74,144.747
1747750169226.0,144.74,144.747
1747750169506.0,144.739,144.746
1747750169506.0,144.739,144.746
1747750171008.0,144.737,144.744
1747750171008.0,144.737,144.744
1747750171750.0,144.73,144.737
1747750171750.0,144.73,144.737
1747750172304.0,144.729,144.736
1747750172304.0,144.729,144.736
1747750173424.0,144.73,144.737
1747750173424.0,144.73,144.737
1747750173843.0,144.733,144.74
1747750173843.0,144.733,144.74
1747750174559.0,144.734,144.741
1747750174559.0,144.734,144.741
1747750174699.0,144.737,144.744
1747750174699.0,144.737,144.744
1747750174840.0,144.735,144.742
1747750174840.0,144.735,144.742
1747750175118.0,144.736,144.743
1747750175118.0,144.736,144.743
1747750175978.0,144.735,144.742
1747750175978.0,144.735,144.742
1747750176678.0,144.737,144.744
1747750176678.0,144.737,144.744
1747750176960.0,144.738,144.745
1747750176960.0,144.738,144.745
1747750177247.0,144.747,144.754
1747750177247.0,144.747,144.754
1747750177379.0,144.75,144.757
1747750177379.0,144.75,144.757
1747750178021.0,144.751,144.758
1747750178021.0,144.751,144.758
1747750178171.0,144.747,144.754
1747750178171.0,144.747,144.754
1747750179128.0,144.749,144.756
1747750179128.0,144.749,144.756
1747750179406.0,144.75,144.757
1747750179406.0,144.75,144.757
1747750180424.0,144.746,144.753
1747750180424.0,144.746,144.753
1747750180552.0,144.745,144.752
1747750180552.0,144.745,144.752
1747750181179.0,144.74,144.747
1747750181179.0,144.74,144.747
1747750181327.0,144.739,144.746
1747750181327.0,144.739,144.746
1747750181815.0,144.74,144.747
1747750181815.0,144.74,144.747
1747750182093.0,144.739,144.746
1747750182093.0,144.739,144.746
1747750182577.0,144.746,144.753
1747750182577.0,144.746,144.753
1747750183432.0,144.747,144.754
1747750183432.0,144.747,144.754
1747750184287.0,144.745,144.752
1747750184287.0,144.745,144.752
1747750184551.0,144.742,144.749
1747750184551.0,144.742,144.749
1747750185285.0,144.739,144.746
1747750185285.0,144.739,144.746
1747750185427.0,144.733,144.74
1747750185427.0,144.733,144.74
1747750186407.0,144.725,144.732
1747750186407.0,144.725,144.732
1747750186960.0,144.704,144.711
1747750186960.0,144.704,144.711
1747750187242.0,144.696,144.703
1747750187242.0,144.696,144.703
1747750187523.0,144.694,144.701
1747750187523.0,144.694,144.701
1747750188081.0,144.697,144.704
1747750188081.0,144.697,144.704
1747750188502.0,144.702,144.709
1747750188502.0,144.702,144.709
1747750188920.0,144.704,144.711
1747750188920.0,144.704,144.711
1747750189062.0,144.706,144.713
1747750189062.0,144.706,144.713
1747750189208.0,144.703,144.71
1747750189208.0,144.703,144.71
1747750189344.0,144.702,144.709
1747750189344.0,144.702,144.709
1747750189482.0,144.701,144.708
1747750189482.0,144.701,144.708
1747750190183.0,144.7,144.707
1747750190183.0,144.7,144.707
1747750190465.0,144.699,144.706
1747750190465.0,144.699,144.706
1747750190606.0,144.701,144.708
1747750190606.0,144.701,144.708
1747750191302.0,144.702,144.709
1747750191302.0,144.702,144.709
1747750191448.0,144.701,144.708
1747750191448.0,144.701,144.708
1747750191868.0,144.695,144.702
1747750191868.0,144.695,144.702
1747750192286.0,144.694,144.701
1747750192286.0,144.694,144.701
1747750192709.0,144.687,144.694
1747750192709.0,144.687,144.694
1747750192862.0,144.683,144.69
1747750192862.0,144.683,144.69
1747750192981.0,144.685,144.692
1747750192981.0,144.685,144.692
1747750193124.0,144.686,144.693
1747750193124.0,144.686,144.693
1747750193541.0,144.683,144.69
1747750193541.0,144.683,144.69
1747750193683.0,144.687,144.694
1747750193683.0,144.687,144.694
1747750193961.0,144.691,144.698
1747750193961.0,144.691,144.698
1747750194524.0,144.692,144.699
1747750194524.0,144.692,144.699
1747750194802.0,144.691,144.698
1747750194802.0,144.691,144.698
1747750195086.0,144.692,144.699
1747750195086.0,144.692,144.699
1747750195642.0,144.691,144.698
1747750195642.0,144.691,144.698
1747750196206.0,144.696,144.703
1747750196206.0,144.696,144.703
1747750196482.0,144.701,144.708
1747750196482.0,144.701,144.708
1747750197479.0,144.698,144.705
1747750197479.0,144.698,144.705
1747750197623.0,144.699,144.706
1747750197623.0,144.699,144.706
1747750198041.0,144.696,144.703
1747750198041.0,144.696,144.703
1747750198887.0,144.698,144.705
1747750198887.0,144.698,144.705
1747750199446.0,144.702,144.709
1747750199446.0,144.702,144.709
1747750199717.0,144.696,144.703
1747750199717.0,144.696,144.703
1747750199863.0,144.695,144.702
1747750199863.0,144.695,144.702
1747750200418.0,144.692,144.699
1747750200418.0,144.692,144.699
1747750200706.0,144.688,144.695
1747750200706.0,144.688,144.695
1747750200850.0,144.687,144.694
1747750200850.0,144.687,144.694
1747750201262.0,144.679,144.686
1747750201262.0,144.679,144.686
1747750201398.0,144.673,144.694
1747750201398.0,144.673,144.694
1747750201541.0,144.668,144.685
1747750201541.0,144.668,144.685
1747750201677.0,144.669,144.686
1747750201677.0,144.669,144.686
1747750202098.0,144.661,144.678
1747750202098.0,144.661,144.678
1747750202383.0,144.662,144.679
1747750202383.0,144.662,144.679
1747750202657.0,144.669,144.676
1747750202657.0,144.669,144.676
1747750202953.0,144.659,144.666
1747750202953.0,144.659,144.666
1747750203497.0,144.66,144.667
1747750203497.0,144.66,144.667
1747750203785.0,144.646,144.653
1747750203785.0,144.646,144.653
1747750204063.0,144.654,144.661
1747750204063.0,144.654,144.661
1747750204342.0,144.653,144.66
1747750204342.0,144.653,144.66
1747750204478.0,144.654,144.661
1747750204478.0,144.654,144.661
1747750204897.0,144.659,144.666
1747750204897.0,144.659,144.666
1747750205177.0,144.665,144.672
1747750205177.0,144.665,144.672
1747750205604.0,144.655,144.662
1747750205604.0,144.655,144.662
1747750206311.0,144.661,144.668
1747750206311.0,144.661,144.668
1747750206717.0,144.663,144.67
1747750206717.0,144.663,144.67
1747750206997.0,144.66,144.667
1747750206997.0,144.66,144.667
1747750207557.0,144.658,144.665
1747750207557.0,144.658,144.665
1747750207842.0,144.656,144.663
1747750207842.0,144.656,144.663
1747750208121.0,144.651,144.658
1747750208121.0,144.651,144.658
1747750208412.0,144.639,144.646
1747750208412.0,144.639,144.646
1747750208539.0,144.636,144.643
1747750208539.0,144.636,144.643
1747750208959.0,144.636,144.643
1747750208959.0,144.636,144.643
1747750209108.0,144.637,144.644
1747750209108.0,144.637,144.644
1747750209801.0,144.639,144.646
1747750209801.0,144.639,144.646
1747750209939.0,144.637,144.644
1747750209939.0,144.637,144.644
1747750210078.0,144.641,144.648
1747750210078.0,144.641,144.648
1747750210497.0,144.636,144.643
1747750210497.0,144.636,144.643
1747750210640.0,144.635,144.642
1747750210640.0,144.635,144.642
1747750211346.0,144.634,144.641
1747750211346.0,144.634,144.641
1747750211618.0,144.631,144.647
1747750211618.0,144.631,144.647
1747750211898.0,144.637,144.644
1747750211898.0,144.637,144.644
1747750212180.0,144.63,144.637
1747750212180.0,144.63,144.637
1747750212460.0,144.631,144.638
1747750212460.0,144.631,144.638
1747750213019.0,144.635,144.642
1747750213019.0,144.635,144.642
1747750213300.0,144.63,144.645
1747750213300.0,144.63,144.645
1747750213442.0,,144.647
1747750213442.0,,144.647
1747750214000.0,144.634,144.649
1747750214000.0,144.634,144.649
1747750214146.0,144.635,144.651
1747750214146.0,144.635,144.651
1747750214426.0,144.639,144.646
1747750214426.0,144.639,144.646
1747750214572.0,144.635,144.642
1747750214572.0,144.635,144.642
1747750214699.0,144.637,144.644
1747750214699.0,144.637,144.644
1747750215541.0,144.639,144.646
1747750215541.0,144.639,144.646
1747750216543.0,144.638,144.645
1747750216543.0,144.638,144.645
1747750216682.0,144.64,144.647
1747750216682.0,144.64,144.647
1747750217387.0,144.644,144.651
1747750217387.0,144.644,144.651
1747750217522.0,144.66,144.667
1747750217522.0,144.66,144.667
1747750217808.0,144.653,144.668
1747750217808.0,144.653,144.668
1747750218083.0,144.657,144.673
1747750218083.0,144.657,144.673
1747750218224.0,144.658,144.674
1747750218224.0,144.658,144.674
1747750218503.0,144.657,
1747750218503.0,144.657,
1747750218643.0,144.662,144.669
1747750218643.0,144.662,144.669
1747750219134.0,144.66,144.667
1747750219134.0,144.66,144.667
1747750219696.0,144.659,144.666
1747750219696.0,144.659,144.666
1747750219973.0,144.67,144.677
1747750219973.0,144.67,144.677
1747750220125.0,144.666,144.673
1747750220125.0,144.666,144.673
1747750220395.0,144.668,144.675
1747750220395.0,144.668,144.675
1747750220675.0,144.666,144.673
1747750220675.0,144.666,144.673
1747750221655.0,144.671,144.678
1747750221655.0,144.671,144.678
1747750221943.0,144.679,144.686
1747750221943.0,144.679,144.686
1747750222077.0,144.678,144.685
1747750222077.0,144.678,144.685
1747750222496.0,144.675,144.682
1747750222496.0,144.675,144.682
1747750223807.0,144.672,144.679
1747750223807.0,144.672,144.679
1747750223943.0,144.673,144.68
1747750223943.0,144.673,144.68
1747750224375.0,144.675,144.682
1747750224375.0,144.675,144.682
1747750224503.0,144.676,144.683
1747750224503.0,144.676,144.683
1747750225157.0,144.672,144.679
1747750225157.0,144.672,144.679
1747750225435.0,144.671,144.678
1747750225435.0,144.671,144.678
1747750225575.0,144.672,144.679
1747750225575.0,144.672,144.679
1747750226316.0,144.666,144.673
1747750226316.0,144.666,144.673
1747750226590.0,144.667,144.674
1747750226590.0,144.667,144.674
1747750227433.0,144.668,144.675
1747750227433.0,144.668,144.675
1747750227570.0,144.667,144.674
1747750227570.0,144.667,144.674
1747750227852.0,144.672,144.679
1747750227852.0,144.672,144.679
1747750227990.0,144.675,144.682
1747750227990.0,144.675,144.682
1747750230129.0,144.674,144.681
1747750230129.0,144.674,144.681
1747750230280.0,144.666,144.673
1747750230280.0,144.666,144.673
1747750231257.0,144.665,144.672
1747750231257.0,144.665,144.672
1747750231820.0,144.666,144.673
1747750231820.0,144.666,144.673
1747750233522.0,144.662,144.669
1747750233522.0,144.662,144.669
1747750233769.0,144.661,144.668
1747750233769.0,144.661,144.668
1747750234194.0,144.658,144.665
1747750234194.0,144.658,144.665
1747750234330.0,144.659,144.666
1747750234330.0,144.659,144.666
1747750234749.0,144.658,144.665
1747750234749.0,144.658,144.665
1747750235169.0,144.663,144.67
1747750235169.0,144.663,144.67
1747750235331.0,144.662,144.669
1747750235331.0,144.662,144.669
1747750236304.0,144.66,144.667
1747750236304.0,144.66,144.667
1747750236585.0,144.662,144.669
1747750236585.0,144.662,144.669
1747750236726.0,144.664,144.671
1747750236726.0,144.664,144.671
1747750237457.0,144.665,144.672
1747750237457.0,144.665,144.672
1747750237742.0,144.66,144.667
1747750237742.0,144.66,144.667
1747750237878.0,144.659,144.666
1747750237878.0,144.659,144.666
1747750238029.0,144.662,144.669
1747750238029.0,144.662,144.669
1747750238157.0,144.664,144.671
1747750238157.0,144.664,144.671
1747750238873.0,144.663,144.67
1747750238873.0,144.663,144.67
1747750239298.0,144.663,144.67
1747750239298.0,144.663,144.67
1747750239991.0,144.664,144.671
1747750239991.0,144.664,144.671
1747750240271.0,144.663,144.67
1747750240271.0,144.663,144.67
1747750240551.0,144.664,144.671
1747750240551.0,144.664,144.671
1747750240704.0,144.665,144.672
1747750240704.0,144.665,144.672
1747750241829.0,144.666,144.673
1747750241829.0,144.666,144.673
1747750241968.0,144.662,144.669
1747750241968.0,144.662,144.669
1747750242248.0,144.657,144.664
1747750242248.0,144.657,144.664
1747750242534.0,144.659,144.666
1747750242534.0,144.659,144.666
1747750242809.0,144.656,144.663
1747750242809.0,144.656,144.663
1747750243088.0,144.655,144.662
1747750243088.0,144.655,144.662
1747750243368.0,144.654,144.661
1747750243368.0,144.654,144.661
1747750243663.0,144.653,144.66
1747750243663.0,144.653,144.66
1747750243790.0,144.655,144.662
1747750243790.0,144.655,144.662
1747750244468.0,144.656,144.663
1747750244468.0,144.656,144.663
1747750244606.0,144.655,144.662
1747750244606.0,144.655,144.662
1747750245307.0,144.655,144.662
1747750245307.0,144.655,144.662
1747750246004.0,144.654,144.661
1747750246004.0,144.654,144.661
1747750247154.0,144.655,144.662
1747750247154.0,144.655,144.662
1747750247730.0,144.653,144.66
1747750247730.0,144.653,144.66
1747750248004.0,144.655,144.662
1747750248004.0,144.655,144.662
1747750248425.0,144.657,144.664
1747750248425.0,144.657,144.664
1747750249155.0,144.656,144.663
1747750249155.0,144.656,144.663
1747750249580.0,144.657,144.664
1747750249580.0,144.657,144.664
1747750249995.0,144.656,144.663
1747750249995.0,144.656,144.663
1747750250415.0,144.654,144.661
1747750250415.0,144.654,144.661
1747750251582.0,144.658,144.665
1747750251582.0,144.658,144.665
1747750252003.0,144.656,144.663
1747750252003.0,144.656,144.663
1747750252281.0,144.658,144.665
1747750252281.0,144.658,144.665
1747750253121.0,144.659,144.666
1747750253121.0,144.659,144.666
1747750253263.0,144.662,144.669
1747750253263.0,144.662,144.669
1747750253891.0,144.664,144.671
1747750253891.0,144.664,144.671
1747750254031.0,144.665,144.672
1747750254031.0,144.665,144.672
1747750255348.0,144.669,144.676
1747750255348.0,144.669,144.676
1747750256999.0,144.67,144.677
1747750256999.0,144.67,144.677
1747750257154.0,144.671,144.678
1747750257154.0,144.671,144.678
1747750257281.0,144.67,144.677
1747750257281.0,144.67,144.677
1747750257422.0,144.668,144.675
1747750257422.0,144.668,144.675
1747750258402.0,144.667,144.674
1747750258402.0,144.667,144.674
1747750259618.0,144.675,144.682
1747750259618.0,144.675,144.682
1747750259897.0,144.675,144.682
1747750259897.0,144.675,144.682
1747750260314.0,144.676,144.683
1747750260314.0,144.676,144.683
1747750261441.0,144.675,144.682
1747750261441.0,144.675,144.682
1747750261579.0,144.677,144.684
1747750261579.0,144.677,144.684
1747750261718.0,144.676,144.683
1747750261718.0,144.676,144.683
1747750261859.0,144.675,144.682
1747750261859.0,144.675,144.682
1747750262292.0,144.677,144.684
1747750262292.0,144.677,144.684
1747750262417.0,144.676,144.683
1747750262417.0,144.676,144.683
1747750263041.0,144.675,144.682
1747750263041.0,144.675,144.682
1747750263318.0,144.678,144.685
1747750263318.0,144.678,144.685
1747750264300.0,144.68,144.687
1747750264300.0,144.68,144.687
1747750264439.0,144.674,144.681
1747750264439.0,144.674,144.681
1747750264726.0,144.677,144.684
1747750264726.0,144.677,144.684
1747750264859.0,144.678,144.685
1747750264859.0,144.678,144.685
1747750267251.0,144.685,144.692
1747750267251.0,144.685,144.692
1747750268168.0,144.688,144.695
1747750268168.0,144.688,144.695
1747750268436.0,144.687,144.694
1747750268436.0,144.687,144.694
1747750268716.0,144.686,144.693
1747750268716.0,144.686,144.693
1747750269365.0,144.685,144.692
1747750269365.0,144.685,144.692
1747750269503.0,144.683,144.69
1747750269503.0,144.683,144.69
1747750269785.0,144.685,144.692
1747750269785.0,144.685,144.692
1747750270402.0,144.683,144.69
1747750270402.0,144.683,144.69
1747750270542.0,144.684,144.691
1747750270542.0,144.684,144.691
1747750272724.0,144.678,144.685
1747750272724.0,144.678,144.685
1747750272866.0,144.675,144.682
1747750272866.0,144.675,144.682
1747750273153.0,144.672,144.687
1747750273153.0,144.672,144.687
1747750273707.0,144.671,144.688
1747750273707.0,144.671,144.688
1747750274601.0,,144.69
1747750274601.0,,144.69
1747750274725.0,144.672,
1747750274725.0,144.672,
1747750274867.0,144.67,144.689
1747750274867.0,144.67,144.689
1747750275621.0,144.67,144.686
1747750275621.0,144.67,144.686
1747750275758.0,144.674,144.684
1747750275758.0,144.674,144.684
1747750276212.0,144.671,144.688
1747750276212.0,144.671,144.688
1747750277366.0,144.67,144.687
1747750277366.0,144.67,144.687
1747750278544.0,144.671,144.688
1747750278544.0,144.671,144.688
1747750278831.0,144.67,
1747750278831.0,144.67,
1747750279830.0,144.669,144.689
1747750279830.0,144.669,144.689
1747750280392.0,144.675,144.692
1747750280392.0,144.675,144.692
1747750281099.0,144.674,144.691
1747750281099.0,144.674,144.691
1747750281651.0,144.678,144.694
1747750281651.0,144.678,144.694
1747750281791.0,144.673,144.691
1747750281791.0,144.673,144.691
1747750282078.0,144.671,144.693
1747750282078.0,144.671,144.693
1747750282210.0,144.668,144.691
1747750282210.0,144.668,144.691
1747750282630.0,144.67,144.689
1747750282630.0,144.67,144.689
1747750282910.0,,144.69
1747750282910.0,,144.69
1747750284856.0,,144.689
1747750284856.0,,144.689
1747750285137.0,144.667,144.686
1747750285137.0,144.667,144.686
1747750285277.0,144.669,
1747750285277.0,144.669,
1747750285696.0,144.67,144.686
1747750285696.0,144.67,144.686
1747750286493.0,,144.687
1747750286493.0,,144.687
1747750287055.0,144.669,144.685
1747750287055.0,144.669,144.685
1747750289074.0,144.672,144.682
1747750289074.0,144.672,144.682
1747750289717.0,144.673,144.683
1747750289717.0,144.673,144.683
1747750290326.0,144.672,144.682
1747750290326.0,144.672,144.682
1747750290609.0,144.668,144.683
1747750290609.0,144.668,144.683
1747750291044.0,144.672,144.682
1747750291044.0,144.672,144.682
1747750291995.0,144.669,144.685
1747750291995.0,144.669,144.685
1747750292571.0,144.666,144.681
1747750292571.0,144.666,144.681
1747750293227.0,144.666,144.676
1747750293227.0,144.666,144.676
1747750293360.0,144.664,144.674
1747750293360.0,144.664,144.674
1747750294059.0,144.663,144.673
1747750294059.0,144.663,144.673
1747750294351.0,144.661,144.671
1747750294351.0,144.661,144.671
1747750294626.0,144.655,144.67
1747750294626.0,144.655,144.67
1747750294760.0,,144.671
1747750294760.0,,144.671
1747750295181.0,144.654,144.664
1747750295181.0,144.654,144.664
1747750295461.0,144.652,144.662
1747750295461.0,144.652,144.662
1747750295740.0,144.651,144.661
1747750295740.0,144.651,144.661
1747750296299.0,144.652,144.662
1747750296299.0,144.652,144.662
1747750296442.0,144.654,144.664
1747750296442.0,144.654,144.664
1747750296860.0,144.652,144.662
1747750296860.0,144.652,144.662
1747750298121.0,144.65,144.66
1747750298121.0,144.65,144.66
1747750298263.0,144.648,144.663
1747750298263.0,144.648,144.663
1747750298820.0,144.646,144.661
1747750298820.0,144.646,144.661
1747750299240.0,144.646,144.661
1747750299240.0,144.646,144.661
1747750299520.0,144.645,144.661
1747750299520.0,144.645,144.661
1747750299802.0,144.648,144.658
1747750299802.0,144.648,144.658
1747750300079.0,144.651,144.661
1747750300079.0,144.651,144.661
1747750300645.0,144.65,144.66
1747750300645.0,144.65,144.66
1747750301064.0,144.644,144.654
1747750301064.0,144.644,144.654
1747750301204.0,144.645,144.652
1747750301204.0,144.645,144.652
1747750302428.0,144.644,144.651
1747750302428.0,144.644,144.651
1747750303549.0,144.642,144.649
1747750303549.0,144.642,144.649
1747750303830.0,144.645,144.652
1747750303830.0,144.645,144.652
1747750304111.0,144.655,144.662
1747750304111.0,144.655,144.662
1747750305104.0,144.656,144.663
1747750305104.0,144.656,144.663
1747750305231.0,144.665,144.672
1747750305231.0,144.665,144.672
1747750307356.0,144.662,144.669
1747750307356.0,144.662,144.669
1747750307633.0,144.664,144.671
1747750307633.0,144.664,144.671
1747750308192.0,144.663,144.67
1747750308192.0,144.663,144.67
1747750308922.0,144.665,144.672
1747750308922.0,144.665,144.672
1747750309067.0,144.664,144.671
1747750309067.0,144.664,144.671
1747750310628.0,144.667,144.674
1747750310628.0,144.667,144.674
1747750310767.0,144.673,144.68
1747750310767.0,144.673,144.68
1747750311054.0,144.671,144.678
1747750311054.0,144.671,144.678
1747750312409.0,144.672,144.679
1747750312409.0,144.672,144.679
1747750313416.0,144.669,144.676
1747750313416.0,144.669,144.676
1747750314409.0,144.668,144.675
1747750314409.0,144.668,144.675
1747750314526.0,144.67,144.677
1747750314526.0,144.67,144.677
1747750315859.0,144.671,144.678
1747750315859.0,144.671,144.678
1747750316428.0,144.672,144.679
1747750316428.0,144.672,144.679
1747750316707.0,144.668,144.675
1747750316707.0,144.668,144.675
1747750317309.0,144.666,144.673
1747750317309.0,144.666,144.673
1747750318147.0,144.659,144.666
1747750318147.0,144.659,144.666
1747750318428.0,144.659,144.666
1747750318428.0,144.659,144.666
1747750319127.0,144.66,144.667
1747750319127.0,144.66,144.667
1747750320356.0,144.67,144.677
1747750320356.0,144.67,144.677
1747750320622.0,144.672,144.679
1747750320622.0,144.672,144.679
1747750320907.0,144.673,144.68
1747750320907.0,144.673,144.68
1747750321193.0,144.675,144.682
1747750321193.0,144.675,144.682
1747750321464.0,144.682,144.689
1747750321464.0,144.682,144.689
1747750322021.0,144.682,144.689
1747750322021.0,144.682,144.689
1747750322302.0,144.675,144.682
1747750322302.0,144.675,144.682
1747750322439.0,144.677,144.684
1747750322439.0,144.677,144.684
1747750323884.0,144.684,144.691
1747750323884.0,144.684,144.691
1747750324171.0,144.68,144.695
1747750324171.0,144.68,144.695
1747750324725.0,144.682,144.692
1747750324725.0,144.682,144.692
1747750325149.0,144.684,144.691
1747750325149.0,144.684,144.691
1747750325424.0,144.684,144.691
1747750325424.0,144.684,144.691
1747750326265.0,144.682,144.689
1747750326265.0,144.682,144.689
1747750326549.0,144.681,144.688
1747750326549.0,144.681,144.688
1747750326685.0,144.68,144.687
1747750326685.0,144.68,144.687
1747750326965.0,144.682,144.689
1747750326965.0,144.682,144.689
1747750327385.0,144.68,144.687
1747750327385.0,144.68,144.687
1747750327523.0,144.681,144.688
1747750327523.0,144.681,144.688
1747750327951.0,144.682,144.689
1747750327951.0,144.682,144.689
1747750329054.0,144.684,144.691
1747750329054.0,144.684,144.691
1747750329609.0,144.682,144.689
1747750329609.0,144.682,144.689
1747750329888.0,144.678,144.685
1747750329888.0,144.678,144.685
1747750330170.0,144.677,144.684
1747750330170.0,144.677,144.684
1747750330598.0,144.67,144.677
1747750330598.0,144.67,144.677
1747750330870.0,144.677,144.684
1747750330870.0,144.677,144.684
1747750331149.0,144.676,144.683
1747750331149.0,144.676,144.683
1747750331569.0,144.677,144.684
1747750331569.0,144.677,144.684
1747750331710.0,144.676,144.683
1747750331710.0,144.676,144.683
1747750332270.0,144.675,144.682
1747750332270.0,144.675,144.682
1747750332409.0,144.677,144.684
1747750332409.0,144.677,144.684
1747750332991.0,144.674,144.681
1747750332991.0,144.674,144.681
1747750333411.0,144.674,144.681
1747750333411.0,144.674,144.681
1747750333831.0,144.668,144.675
1747750333831.0,144.668,144.675
1747750333973.0,144.667,144.674
1747750333973.0,144.667,144.674
1747750334105.0,144.669,144.676
1747750334105.0,144.669,144.676
1747750334682.0,144.672,144.679
1747750334682.0,144.672,144.679
1747750335225.0,144.671,144.678
1747750335225.0,144.671,144.678
1747750335505.0,144.674,144.681
1747750335505.0,144.674,144.681
1747750336065.0,144.667,144.674
1747750336065.0,144.667,144.674
1747750336206.0,144.666,144.673
1747750336206.0,144.666,144.673
1747750337433.0,144.662,144.669
1747750337433.0,144.662,144.669
1747750338183.0,144.659,144.666
1747750338183.0,144.659,144.666
1747750338463.0,144.66,144.667
1747750338463.0,144.66,144.667
1747750338747.0,144.656,144.663
1747750338747.0,144.656,144.663
1747750339163.0,144.657,144.664
1747750339163.0,144.657,144.664
1747750339444.0,144.659,144.666
1747750339444.0,144.659,144.666
1747750340011.0,144.657,144.664
1747750340011.0,144.657,144.664
1747750340691.0,144.655,144.662
1747750340691.0,144.655,144.662
1747750340822.0,144.657,144.664
1747750340822.0,144.657,144.664
1747750343227.0,144.651,144.658
1747750343227.0,144.651,144.658
1747750343369.0,144.652,144.659
1747750343369.0,144.652,144.659
1747750343647.0,144.652,144.659
1747750343647.0,144.652,144.659
1747750343929.0,144.649,144.656
1747750343929.0,144.649,144.656
1747750345306.0,144.647,144.654
1747750345306.0,144.647,144.654
1747750345587.0,144.645,144.652
1747750345587.0,144.645,144.652
1747750345728.0,144.644,144.651
1747750345728.0,144.644,144.651
1747750346008.0,144.647,144.654
1747750346008.0,144.647,144.654
1747750346292.0,144.649,144.656
1747750346292.0,144.649,144.656
1747750347245.0,144.648,144.655
1747750347245.0,144.648,144.655
1747750347385.0,144.646,144.653
1747750347385.0,144.646,144.653
1747750347527.0,144.648,144.655
1747750347527.0,144.648,144.655
1747750348085.0,144.649,144.656
1747750348085.0,144.649,144.656
1747750348225.0,144.648,144.655
1747750348225.0,144.648,144.655
1747750348509.0,144.654,144.661
1747750348509.0,144.654,144.661
1747750348786.0,144.656,144.663
1747750348786.0,144.656,144.663
1747750349072.0,144.653,144.66
1747750349072.0,144.653,144.66
1747750349343.0,144.648,144.655
1747750349343.0,144.648,144.655
1747750349627.0,144.65,144.657
1747750349627.0,144.65,144.657
1747750349907.0,144.65,144.657
1747750349907.0,144.65,144.657
1747750351274.0,144.649,144.656
1747750351274.0,144.649,144.656
1747750351564.0,144.65,144.657
1747750351564.0,144.65,144.657
1747750351834.0,144.652,144.659
1747750351834.0,144.652,144.659
1747750352121.0,144.66,144.667
1747750352121.0,144.66,144.667
1747750352393.0,144.658,144.665
1747750352393.0,144.658,144.665
1747750352823.0,144.659,144.666
1747750352823.0,144.659,144.666
1747750353143.0,144.667,144.674
1747750353143.0,144.667,144.674
1747750354371.0,144.672,144.679
1747750354371.0,144.672,144.679
1747750355092.0,144.67,144.677
1747750355092.0,144.67,144.677
1747750355653.0,144.672,144.679
1747750355653.0,144.672,144.679
1747750355794.0,144.671,144.678
1747750355794.0,144.671,144.678
1747750356071.0,144.672,144.679
1747750356071.0,144.672,144.679
1747750356492.0,144.671,144.678
1747750356492.0,144.671,144.678
1747750357243.0,144.674,144.681
1747750357243.0,144.674,144.681
1747750357386.0,144.672,144.679
1747750357386.0,144.672,144.679
1747750358224.0,144.673,144.68
1747750358224.0,144.673,144.68
1747750358364.0,144.67,144.677
1747750358364.0,144.67,144.677
1747750358509.0,144.672,144.679
1747750358509.0,144.672,144.679
1747750358785.0,144.674,144.681
1747750358785.0,144.674,144.681
1747750359211.0,144.675,144.682
1747750359211.0,144.675,144.682
1747750359344.0,144.68,144.687
1747750359344.0,144.68,144.687
1747750359487.0,144.677,144.684
1747750359487.0,144.677,144.684
1747750360336.0,144.679,144.686
1747750360336.0,144.679,144.686
1747750361565.0,144.68,144.687
1747750361565.0,144.68,144.687
1747750362454.0,144.679,144.686
1747750362454.0,144.679,144.686
1747750363154.0,144.678,144.685
1747750363154.0,144.678,144.685
1747750363679.0,144.677,144.684
1747750363679.0,144.677,144.684
1747750366070.0,144.676,144.683
1747750366070.0,144.676,144.683
1747750367185.0,144.674,144.681
1747750367185.0,144.674,144.681
1747750367470.0,144.67,144.677
1747750367470.0,144.67,144.677
1747750367620.0,144.671,144.678
1747750367620.0,144.671,144.678
1747750368025.0,144.67,144.677
1747750368025.0,144.67,144.677
1747750369002.0,144.671,144.678
1747750369002.0,144.671,144.678
1747750374084.0,144.67,144.677
1747750374084.0,144.67,144.677
1747750374728.0,144.668,144.675
1747750374728.0,144.668,144.675
1747750376205.0,144.67,144.677
1747750376205.0,144.67,144.677
1747750378446.0,144.671,144.678
1747750378446.0,144.671,144.678
1747750378583.0,144.67,144.677
1747750378583.0,144.67,144.677
1747750379146.0,144.668,144.675
1747750379146.0,144.668,144.675
1747750379853.0,144.665,144.672
1747750379853.0,144.665,144.672
1747750380357.0,144.662,144.669
1747750380357.0,144.662,144.669
1747750380779.0,144.645,144.652
1747750380779.0,144.645,144.652
1747750381058.0,144.647,144.654
1747750381058.0,144.647,144.654
1747750381346.0,144.652,144.659
1747750381346.0,144.652,144.659
1747750381896.0,144.651,144.658
1747750381896.0,144.651,144.658
1747750382178.0,144.654,144.661
1747750382178.0,144.654,144.661
1747750382884.0,144.653,144.66
1747750382884.0,144.653,144.66
1747750383299.0,144.654,144.661
1747750383299.0,144.654,144.661
1747750383444.0,144.652,144.659
1747750383444.0,144.652,144.659
1747750384006.0,144.657,144.664
1747750384006.0,144.657,144.664
1747750384142.0,144.656,144.663
1747750384142.0,144.656,144.663
1747750384417.0,144.653,144.66
1747750384417.0,144.653,144.66
1747750384558.0,144.645,144.652
1747750384558.0,144.645,144.652
1747750384836.0,144.643,144.65
1747750384836.0,144.643,144.65
1747750384985.0,144.645,144.652
1747750384985.0,144.645,144.652
1747750385676.0,144.652,144.659
1747750385676.0,144.652,144.659
1747750385961.0,144.65,144.657
1747750385961.0,144.65,144.657
1747750386236.0,144.649,144.656
1747750386236.0,144.649,144.656
1747750386796.0,144.652,144.659
1747750386796.0,144.652,144.659
1747750387922.0,144.653,144.66
1747750387922.0,144.653,144.66
1747750389269.0,144.649,144.656
1747750389269.0,144.649,144.656
1747750390297.0,144.649,144.656
1747750390297.0,144.649,144.656
1747750391036.0,144.648,144.655
1747750391036.0,144.648,144.655
1747750391872.0,144.656,144.663
1747750391872.0,144.656,144.663
1747750392035.0,144.657,144.664
1747750392035.0,144.657,144.664
1747750392489.0,144.652,144.659
1747750392489.0,144.652,144.659
1747750392632.0,144.649,144.656
1747750392632.0,144.649,144.656
1747750393245.0,144.65,144.657
1747750393245.0,144.65,144.657
1747750393846.0,144.649,144.656
1747750393846.0,144.649,144.656
1747750394824.0,144.646,144.653
1747750394824.0,144.646,144.653
1747750394966.0,144.645,144.652
1747750394966.0,144.645,144.652
1747750395245.0,144.646,144.653
1747750395245.0,144.646,144.653
1747750395975.0,144.653,144.66
1747750395975.0,144.653,144.66
1747750396255.0,144.651,144.658
1747750396255.0,144.651,144.658
1747750396810.0,144.649,144.656
1747750396810.0,144.649,144.656
1747750397509.0,144.65,144.657
1747750397509.0,144.65,144.657
1747750397931.0,144.656,144.663
1747750397931.0,144.656,144.663
1747750398487.0,144.655,144.662
1747750398487.0,144.655,144.662
1747750399048.0,144.652,144.659
1747750399048.0,144.652,144.659
1747750400909.0,144.653,144.66
1747750400909.0,144.653,144.66
1747750403825.0,144.653,144.66
1747750403825.0,144.653,144.66
1747750404868.0,144.654,144.661
1747750404868.0,144.654,144.661
1747750405148.0,144.66,144.667
1747750405148.0,144.66,144.667
1747750405994.0,144.661,144.668
1747750405994.0,144.661,144.668
1747750406424.0,144.659,144.666
1747750406424.0,144.659,144.666
1747750408226.0,144.661,144.668
1747750408226.0,144.661,144.668
1747750410343.0,144.66,144.667
1747750410343.0,144.66,144.667
1747750412170.0,144.661,144.668
1747750412170.0,144.661,144.668
1747750412653.0,144.656,144.663
1747750412653.0,144.656,144.663
1747750413071.0,144.656,144.663
1747750413071.0,144.656,144.663
1747750413354.0,144.652,144.659
1747750413354.0,144.652,144.659
1747750413627.0,144.654,144.661
1747750413627.0,144.654,144.661
1747750413908.0,144.653,144.66
1747750413908.0,144.653,144.66
1747750414188.0,144.652,144.659
1747750414188.0,144.652,144.659
1747750414747.0,144.654,144.661
1747750414747.0,144.654,144.661
1747750415173.0,144.652,144.659
1747750415173.0,144.652,144.659
1747750415589.0,144.654,144.661
1747750415589.0,144.654,144.661
1747750416568.0,144.651,144.658
1747750416568.0,144.651,144.658
1747750416852.0,144.649,144.656
1747750416852.0,144.649,144.656
1747750417903.0,144.65,144.657
1747750417903.0,144.65,144.657
1747750418188.0,144.652,144.659
1747750418188.0,144.652,144.659
1747750418745.0,144.651,144.658
1747750418745.0,144.651,144.658
1747750418898.0,144.65,144.657
1747750418898.0,144.65,144.657
1747750420173.0,144.648,144.655
1747750420173.0,144.648,144.655
1747750424174.0,144.648,144.655
1747750424174.0,144.648,144.655
1747750424784.0,144.651,144.658
1747750424784.0,144.651,144.658
1747750425203.0,144.653,144.66
1747750425203.0,144.653,144.66
1747750425484.0,144.652,144.659
1747750425484.0,144.652,144.659
1747750425949.0,144.65,144.657
1747750425949.0,144.65,144.657
1747750427068.0,144.649,144.656
1747750427068.0,144.649,144.656
1747750427503.0,144.651,144.658
1747750427503.0,144.651,144.658
1747750427649.0,144.653,144.66
1747750427649.0,144.653,144.66
1747750428385.0,144.65,144.657
1747750428385.0,144.65,144.657
1747750428794.0,144.651,144.658
1747750428794.0,144.651,144.658
1747750429455.0,144.653,144.66
1747750429455.0,144.653,144.66
1747750429874.0,144.654,144.661
1747750429874.0,144.654,144.661
1747750430161.0,144.659,144.666
1747750430161.0,144.659,144.666
1747750430293.0,144.66,144.667
1747750430293.0,144.66,144.667
1747750430715.0,144.662,144.669
1747750430715.0,144.662,144.669
1747750430858.0,144.661,144.668
1747750430858.0,144.661,144.668
1747750432264.0,144.66,144.667
1747750432264.0,144.66,144.667
1747750432402.0,144.661,144.668
1747750432402.0,144.661,144.668
1747750433102.0,144.655,144.662
1747750433102.0,144.655,144.662
1747750433378.0,144.656,144.663
1747750433378.0,144.656,144.663
1747750433799.0,144.655,144.662
1747750433799.0,144.655,144.662
1747750434226.0,144.658,144.665
1747750434226.0,144.658,144.665
1747750434368.0,144.659,144.666
1747750434368.0,144.659,144.666
1747750434782.0,144.655,144.662
1747750434782.0,144.655,144.662
1747750435211.0,144.653,144.66
1747750435211.0,144.653,144.66
1747750435909.0,144.654,144.661
1747750435909.0,144.654,144.661
1747750436045.0,144.655,144.662
1747750436045.0,144.655,144.662
1747750436631.0,144.656,144.663
1747750436631.0,144.656,144.663
1747750437904.0,144.654,144.661
1747750437904.0,144.654,144.661
1747750439224.0,144.653,144.66
1747750439224.0,144.653,144.66
1747750439780.0,144.654,144.661
1747750439780.0,144.654,144.661
1747750440340.0,144.656,144.663
1747750440340.0,144.656,144.663
1747750440768.0,144.657,144.664
1747750440768.0,144.657,144.664
1747750441043.0,144.653,144.66
1747750441043.0,144.653,144.66
1747750441321.0,144.648,144.655
1747750441321.0,144.648,144.655
1747750441471.0,144.647,144.654
1747750441471.0,144.647,144.654
1747750442400.0,144.641,144.648
1747750442400.0,144.641,144.648
1747750442540.0,144.642,144.649
1747750442540.0,144.642,144.649
1747750442957.0,144.638,144.645
1747750442957.0,144.638,144.645
1747750443100.0,144.637,144.644
1747750443100.0,144.637,144.644
1747750443240.0,144.636,144.643
1747750443240.0,144.636,144.643
1747750444140.0,144.635,144.642
1747750444140.0,144.635,144.642
1747750444555.0,144.63,144.637
1747750444555.0,144.63,144.637
1747750444697.0,144.629,144.636
1747750444697.0,144.629,144.636
1747750444980.0,144.628,144.635
1747750444980.0,144.628,144.635
1747750445395.0,144.623,144.63
1747750445395.0,144.623,144.63
1747750445956.0,144.629,144.636
1747750445956.0,144.629,144.636
1747750446101.0,144.633,144.64
1747750446101.0,144.633,144.64
1747750446236.0,144.634,144.641
1747750446236.0,144.634,144.641
1747750446944.0,144.628,144.635
1747750446944.0,144.628,144.635
1747750447077.0,144.627,144.634
1747750447077.0,144.627,144.634
1747750447496.0,144.626,144.633
1747750447496.0,144.626,144.633
1747750447776.0,144.625,144.632
1747750447776.0,144.625,144.632
1747750447925.0,144.626,144.633
1747750447925.0,144.626,144.633
1747750448337.0,144.626,144.633
1747750448337.0,144.626,144.633
1747750448480.0,144.622,144.629
1747750448480.0,144.622,144.629
1747750449176.0,144.621,144.628
1747750449176.0,144.621,144.628
1747750449460.0,144.621,144.628
1747750449460.0,144.621,144.628
1747750450485.0,144.627,144.634
1747750450485.0,144.627,144.634
