1747749488079.0,12442.3,12444.3
1747749488306.0,12441.8,12443.8
1747749488632.0,12442.3,12444.3
1747749488857.0,12441.8,12443.8
1747749489082.0,12442.3,12444.3
1747749489307.0,12441.8,12443.8
1747749493123.0,12442.3,12444.3
1747749493631.0,12441.8,12443.8
1747749493855.0,12442.3,12444.3
1747749500268.0,12441.8,12443.8
1747749501218.0,12442.3,12444.3
1747749504357.0,12442.8,12444.8
1747749505522.0,12443.3,12445.3
1747749505746.0,12442.8,12444.8
1747749505970.0,12443.3,12445.3
1747749509674.0,12443.8,12445.8
1747749509899.0,12444.3,12446.3
1747749517750.0,12444.8,12446.8
1747749518357.0,12445.3,12447.3
1747749518582.0,12444.8,12446.8
1747749519115.0,12445.3,12447.3
1747749519340.0,12444.8,12446.8
1747749520150.0,12444.3,12446.3
1747749520375.0,12443.8,12445.8
1747749522363.0,12444.3,12446.3
1747749522588.0,12444.8,12446.8
1747749525117.0,12444.3,12446.3
1747749528224.0,12444.8,12446.8
1747749528448,,
1747749529417.0,12444.3,12446.3
1747749529642.0,12444.8,12446.8
1747749530285.0,12444.3,12446.3
1747749531979.0,12444.8,12446.8
1747749534018.0,12445.3,12447.3
1747749534244.0,12444.8,12446.8
1747749535107.0,12445.3,12447.3
1747749535332.0,12444.8,12446.8
1747749535768.0,12445.3,12447.3
1747749537457.0,12444.8,12446.8
1747749537683.0,12444.3,12446.3
1747749537918.0,12444.8,12446.8
1747749538142,,
1747749540370.0,12444.3,12446.3
1747749540593.0,12444.8,12446.8
1747749541316.0,12445.3,12447.3
1747749541542.0,12444.3,12446.3
1747749542902.0,12444.8,12446.8
1747749543125,,
1747749549966.0,12445.3,12447.3
1747749551264.0,12445.8,12447.8
1747749553911.0,12445.3,12447.3
1747749557932.0,12445.8,12447.8
1747749558156,,
1747749559632.0,12445.3,12447.3
1747749561828.0,12443.8,12445.8
1747749562649.0,12442.3,12444.3
1747749563082.0,12442.8,12444.8
1747749563308.0,12442.3,12444.3
1747749563829.0,12441.3,12443.3
1747749564053.0,12441.8,12443.8
1747749564528.0,12441.3,12443.3
1747749564754.0,12441.8,12443.8
1747749565230.0,12441.3,12443.3
1747749565454.0,12441.8,12443.8
1747749566159,,
1747749566632.0,12441.3,12443.3
1747749566858.0,12441.8,12443.8
1747749575277.0,12441.3,12443.3
1747749575502.0,12441.8,12443.8
1747749575841.0,12441.3,12443.3
1747749576066.0,12441.8,12443.8
1747749576765.0,12441.3,12443.3
1747749580563.0,12441.8,12443.8
1747749580787,,
1747749585111.0,12441.3,12443.3
1747749585680.0,12441.8,12443.8
1747749586130.0,12441.3,12443.3
1747749590363.0,12441.8,12443.8
1747749590602,,
1747749595252,,
1747749600013.0,12441.3,12443.3
1747749604338.0,12440.8,12442.8
1747749604561.0,12439.8,12441.8
1747749605012.0,12438.3,12440.3
1747749607184.0,12437.8,12439.8
1747749607411.0,12438.3,12440.3
1747749607647.0,12438.8,12440.8
1747749607869.0,12439.3,12441.3
1747749613627,,
1747749615046.0,12439.8,12441.8
1747749615269.0,12439.3,12441.3
1747749620588.0,12438.8,12440.8
1747749620814.0,12439.3,12441.3
1747749621594.0,12439.8,12441.8
1747749621822.0,12440.3,12442.3
1747749622054.0,12439.3,12441.3
1747749622863.0,12439.8,12441.8
1747749625022.0,12439.3,12441.3
1747749626081.0,12439.8,12441.8
1747749626305.0,12439.3,12441.3
1747749627369.0,12439.8,12441.8
1747749627593.0,12439.3,12441.3
1747749627817.0,12438.3,12440.3
1747749628223.0,12438.8,12440.8
1747749628447.0,12438.3,12440.3
1747749628671.0,12438.8,12440.8
1747749629191.0,12438.3,12440.3
1747749629415.0,12438.8,12440.8
1747749629784.0,12438.3,12440.3
1747749630233.0,12438.8,12440.8
1747749630511.0,12438.3,12440.3
1747749630735.0,12438.8,12440.8
1747749630961.0,12439.3,12441.3
1747749632049.0,12439.8,12441.8
1747749632252.0,12439.3,12441.3
1747749636554.0,12438.8,12440.8
1747749641367.0,12439.3,12441.3
1747749641589,,
1747749641987,,
1747749642087.0,12439.8,12441.8
1747749642272.0,12439.3,12441.3
1747749643054.0,12439.8,12441.8
1747749643280.0,12440.3,12442.3
1747749643505.0,12439.3,12441.3
1747749643732.0,12439.8,12441.8
1747749643955.0,12439.3,12441.3
1747749644183.0,12439.8,12441.8
1747749644719.0,12440.3,12442.3
1747749646255.0,12440.8,12442.8
1747749646495.0,12440.3,12442.3
1747749647982.0,12439.8,12441.8
1747749648208.0,12440.3,12442.3
1747749649441.0,12439.8,12441.8
1747749649665.0,12440.3,12442.3
1747749650648.0,12440.8,12442.8
1747749650875.0,12439.8,12441.8
1747749651103.0,12440.3,12442.3
1747749654808.0,12440.8,12442.8
1747749656379.0,12440.3,12442.3
1747749656605,,
1747749659890.0,12440.3,12442.3
1747749660143.0,12440.8,12442.8
1747749660337.0,12440.3,12442.3
1747749661295.0,12440.8,12442.8
1747749661745.0,12440.3,12442.3
1747749662038,,
1747749665485.0,12439.8,12441.8
1747749666266.0,12440.3,12442.3
1747749666489,,
1747749667062.0,12439.8,12441.8
1747749667279.0,12440.3,12442.3
1747749668170.0,12439.8,12441.8
1747749668416.0,12439.3,12441.3
1747749668987,,
1747749670217.0,12439.8,12441.8
1747749670441.0,12439.3,12441.3
1747749670890.0,12439.8,12441.8
1747749674981.0,12439.3,12441.3
1747749681241.0,12439.8,12441.8
1747749681465.0,12440.3,12442.3
1747749681914.0,12440.8,12442.8
1747749682140.0,12440.3,12442.3
1747749686021.0,12440.8,12442.8
1747749690357.0,12440.3,12442.3
1747749690581,,
1747749691315.0,12439.8,12441.8
1747749691549.0,12440.3,12442.3
1747749693296.0,12440.8,12442.8
1747749694704.0,12441.3,12443.3
1747749697310.0,12441.8,12443.8
1747749700245.0,12441.3,12443.3
1747749700472,,
1747749706338.0,12441.8,12443.8
1747749706788.0,12441.3,12443.3
1747749716195.0,12441.8,12443.8
1747749717031.0,12441.3,12443.3
1747749717253.0,12441.8,12443.8
1747749719763.0,12441.3,12443.3
1747749719989,,
1747749720537.0,12440.8,12442.8
1747749720763.0,12441.8,12443.8
1747749720988.0,12441.3,12443.3
1747749722945.0,12440.8,12442.8
1747749724198,,
1747749724648.0,12440.3,12442.3
1747749730991.0,12440.8,12442.8
1747749731441.0,12440.8,12442.8
1747749736456,,
1747749736682.0,12441.3,12443.3
1747749741194,,
1747749743887.0,12441.8,12443.8
1747749744846.0,12442.3,12444.3
1747749746514.0,12442.8,12444.8
1747749746740.0,12443.3,12445.3
1747749752984.0,12443.8,12445.8
1747749753209.0,12443.3,12445.3
1747749753432,,
1747749755123.0,12443.8,12445.8
1747749755573,,
1747749758246.0,12444.3,12446.3
1747749758468.0,12444.8,12446.8
1747749759715.0,12444.3,12446.3
1747749759950.0,12444.8,12446.8
1747749760652.0,12445.3,12447.3
1747749761103.0,12444.8,12446.8
1747749761350.0,12444.3,12446.3
1747749763617.0,12444.8,12446.8
1747749763841.0,12444.3,12446.3
1747749765718.0,12443.8,12445.8
1747749766228.0,12444.3,12446.3
1747749766452.0,12443.8,12445.8
1747749767211.0,12444.3,12446.3
1747749767435,,
1747749770956.0,12445.3,12447.3
1747749771841.0,12444.8,12446.8
1747749774306.0,12444.3,12446.3
1747749774789.0,12443.8,12445.8
1747749776105.0,12443.3,12445.3
1747749776432.0,12442.8,12444.8
1747749776658,,
1747749778032.0,12443.3,12445.3
1747749778710.0,12442.8,12444.8
1747749779224.0,12443.3,12445.3
1747749779447,,
1747749779686.0,12443.8,12445.8
1747749780405.0,12444.3,12446.3
1747749784313.0,12444.8,12446.8
1747749784535.0,12445.3,12447.3
1747749785457.0,12444.8,12446.8
1747749788971.0,12443.3,12445.3
1747749789704.0,12443.8,12445.8
1747749789926.0,12443.3,12445.3
1747749796326,,
1747749796684.0,12442.8,12444.8
1747749796908,,
1747749799162,,
1747749800096,,
1747749800321.0,12441.3,12443.3
1747749801822.0,12441.8,12443.8
1747749802045.0,12441.3,12443.3
1747749802842.0,12441.8,12443.8
1747749803295.0,12441.8,12443.8
1747749803823.0,12442.3,12444.3
1747749805202.0,12442.8,12444.8
1747749805649.0,12442.3,12444.3
1747749805873.0,12442.8,12444.8
1747749808057,,
1747749811204,,
1747749814645.0,12442.3,12444.3
1747749814871.0,12442.8,12444.8
1747749815657.0,12442.3,12444.3
1747749815883.0,12442.8,12444.8
1747749820117.0,12442.3,12444.3
1747749820340.0,12441.8,12443.8
1747749821014.0,12442.3,12444.3
1747749821238,,
1747749823464.0,12441.8,12443.8
1747749823690.0,12441.3,12443.3
1747749825377.0,12440.8,12442.8
1747749826172.0,12440.3,12442.3
1747749826398.0,12440.8,12442.8
1747749830004.0,12440.3,12442.3
1747749830249.0,12439.8,12441.8
1747749830473.0,12439.3,12441.3
1747749830720.0,12439.8,12441.8
1747749832071.0,12440.3,12442.3
1747749835252,,
1747749836702.0,12440.8,12442.8
1747749839705.0,12441.3,12443.3
1747749845680.0,12440.8,12442.8
1747749846310.0,12440.3,12442.3
1747749846750.0,12439.8,12441.8
1747749847860.0,12440.3,12442.3
1747749849270.0,12440.8,12442.8
1747749849494.0,12441.8,12443.8
1747749850325.0,12442.8,12444.8
1747749852619.0,12442.3,12444.3
1747749852845.0,12441.3,12443.3
1747749853557.0,12440.8,12442.8
1747749853782.0,12440.3,12442.3
1747749854740.0,12440.8,12442.8
1747749854964.0,12441.3,12443.3
1747749856593.0,12440.8,12442.8
1747749856816.0,12441.3,12443.3
1747749857582.0,12440.8,12442.8
1747749857805.0,12440.3,12442.3
1747749860404.0,12439.8,12441.8
1747749860987.0,12440.3,12442.3
1747749861211,,
1747749866165.0,12440.8,12442.8
1747749866389.0,12440.3,12442.3
1747749868016.0,12440.8,12442.8
1747749869429.0,12440.3,12442.3
1747749869653,,
1747749871816.0,12440.8,12442.8
1747749872041.0,12440.3,12442.3
1747749872266.0,12441.8,12443.8
1747749872491.0,12441.3,12443.3
1747749873168.0,12441.8,12443.8
1747749873797.0,12441.3,12443.3
1747749876909.0,12440.8,12442.8
1747749877137.0,12441.3,12443.3
1747749877620.0,12440.8,12442.8
1747749878453.0,12441.3,12443.3
1747749878904.0,12440.8,12442.8
1747749879494,,
1747749880625.0,12439.8,12441.8
1747749880852.0,12439.3,12441.3
1747749881499.0,12438.8,12440.8
1747749881728.0,12439.3,12441.3
1747749882174.0,12438.8,12440.8
1747749882398.0,12439.3,12441.3
1747749884834.0,12439.8,12441.8
1747749887638.0,12440.3,12442.3
1747749887863,,
1747749888822.0,12440.8,12442.8
1747749890967.0,12441.3,12443.3
1747749892170.0,12440.8,12442.8
1747749892396.0,12441.3,12443.3
1747749892619.0,12440.8,12442.8
1747749893078.0,12441.3,12443.3
1747749893528.0,12440.8,12442.8
1747749893752.0,12441.3,12443.3
1747749894115.0,12440.8,12442.8
1747749894340.0,12441.3,12443.3
1747749897713.0,12441.8,12443.8
1747749897935.0,12441.3,12443.3
1747749900716.0,12439.8,12441.8
1747749900940.0,12439.3,12441.3
1747749901212.0,12439.8,12441.8
1747749901661.0,12440.3,12442.3
1747749907608.0,12440.8,12442.8
1747749908059.0,12440.3,12442.3
1747749908282.0,12439.8,12441.8
1747749909050,,
1747749909843.0,12438.8,12440.8
1747749910068.0,12439.3,12441.3
1747749910862.0,12439.8,12441.8
1747749911090.0,12439.3,12441.3
1747749915588.0,12439.8,12441.8
1747749915812.0,12439.3,12441.3
1747749919724.0,12439.8,12441.8
1747749919949.0,12439.3,12441.3
1747749921646.0,12439.8,12441.8
1747749922787.0,12439.3,12441.3
1747749925474.0,12439.8,12441.8
1747749925702.0,12440.3,12442.3
1747749934265.0,12440.8,12442.8
1747749934493.0,12440.3,12442.3
1747749935938.0,12440.8,12442.8
1747749936184.0,12439.8,12441.8
1747749936753.0,12439.3,12441.3
1747749936978.0,12438.8,12440.8
1747749940327.0,12439.3,12441.3
1747749942402.0,12439.8,12441.8
1747749942625.0,12440.3,12442.3
1747749947449.0,12439.8,12441.8
1747749948985.0,12440.3,12442.3
1747749949209,,
1747749950518.0,12439.8,12441.8
1747749953941,,
1747749955844,,
1747749962096.0,12440.3,12442.3
1747749962322.0,12440.8,12442.8
1747749962786.0,12441.3,12443.3
1747749968019.0,12441.8,12443.8
1747749968244.0,12441.3,12443.3
1747749973028.0,12440.8,12442.8
1747749973845.0,12439.3,12441.3
1747749974070.0,12439.8,12441.8
1747749978417.0,12439.3,12441.3
1747749978643.0,12437.3,12439.3
1747749980199.0,12437.8,12439.8
1747749986155.0,12436.8,12438.8
1747749988067,,
1747749999283.0,12437.8,12439.8
1747749999514.0,12438.3,12440.3
1747750008261.0,12438.8,12440.8
1747750008487.0,12439.3,12441.3
1747750015004.0,12438.8,12440.8
1747750016728.0,12438.3,12440.3
1747750018751.0,12438.8,12440.8
1747750018976.0,12439.3,12441.3
1747750022073.0,12439.8,12441.8
1747750022305.0,12440.8,12442.8
1747750022524.0,12441.3,12443.3
1747750024036.0,12440.8,12442.8
1747750024973.0,12441.3,12443.3
1747750025203.0,12440.8,12442.8
1747750025855.0,12441.3,12443.3
1747750026305.0,12441.3,12443.3
1747750027091.0,12440.8,12442.8
1747750029077.0,12441.3,12443.3
1747750029303,,
1747750030129.0,12440.8,12442.8
1747750031597,,
1747750031820.0,12440.3,12442.3
1747750033684.0,12439.8,12441.8
1747750034962.0,12440.8,12442.8
1747750035187.0,12440.3,12442.3
1747750041018.0,12439.8,12441.8
1747750041244.0,12438.3,12440.3
1747750042328.0,12437.8,12439.8
1747750042549.0,12437.3,12439.3
1747750051249.0,12437.8,12439.8
1747750052245.0,12438.3,12440.3
1747750054678.0,12438.8,12440.8
1747750054898.0,12439.3,12441.3
1747750055473.0,12438.8,12440.8
1747750056728.0,12439.3,12441.3
1747750062583.0,12439.8,12441.8
1747750063633.0,12439.3,12441.3
1747750064370.0,12439.8,12441.8
1747750065066.0,12439.3,12441.3
1747750068407.0,12439.8,12441.8
1747750068627.0,12440.3,12442.3
1747750072644.0,12439.8,12441.8
1747750073321.0,12440.3,12442.3
1747750077116.0,12440.8,12442.8
1747750078567.0,12440.3,12442.3
1747750078793,,
1747750080081.0,12439.8,12441.8
1747750083261,,
1747750084449.0,12439.3,12441.3
1747750084668,,
1747750086349.0,12439.8,12441.8
1747750086873.0,12440.3,12442.3
1747750090919.0,12439.8,12441.8
1747750091140.0,12440.3,12442.3
1747750091590.0,12440.3,12442.3
1747750091814.0,12439.8,12441.8
1747750093640.0,12440.3,12442.3
1747750095117.0,12439.8,12441.8
1747750095568.0,12439.3,12441.3
1747750099681.0,12439.8,12441.8
1747750103642.0,12439.3,12441.3
1747750104746.0,12439.8,12441.8
1747750104973.0,12440.3,12442.3
1747750106743.0,12439.8,12441.8
1747750110652.0,12439.3,12441.3
1747750110876,,
1747750111371.0,12439.8,12441.8
1747750111725.0,12439.3,12441.3
1747750112288.0,12438.8,12440.8
1747750115252.0,12438.3,12440.3
1747750115647.0,12437.8,12439.8
1747750115872,,
1747750116376.0,12438.3,12440.3
1747750118851.0,12438.8,12440.8
1747750119079.0,12438.3,12440.3
1747750119303.0,12438.8,12440.8
1747750120399.0,12439.3,12441.3
1747750121560.0,12438.8,12440.8
1747750121785.0,12438.3,12440.3
1747750122904.0,12437.8,12439.8
1747750123353.0,12437.3,12439.3
1747750124602.0,12436.8,12438.8
1747750126192.0,12437.3,12439.3
1747750126641.0,12437.8,12439.8
1747750128062.0,12438.3,12440.3
1747750130917.0,12437.8,12439.8
1747750131367.0,12437.3,12439.3
1747750135404.0,12436.3,12438.3
1747750136841,,
1747750137218.0,12435.8,12437.8
1747750137442.0,12434.3,12436.3
1747750138480.0,12434.3,12436.3
1747750139014.0,12433.8,12435.8
1747750139252.0,12434.3,12436.3
1747750140066.0,12433.8,12435.8
1747750141695.0,12434.3,12436.3
1747750143427.0,12433.8,12435.8
1747750143876.0,12433.3,12435.3
1747750144467.0,12433.8,12435.8
1747750144691.0,12433.3,12435.3
1747750147081.0,12433.8,12435.8
1747750148166.0,12433.3,12435.3
1747750149208.0,12432.8,12434.8
1747750149432.0,12432.3,12434.3
1747750155817.0,12431.8,12433.8
1747750156855.0,12431.3,12433.3
1747750158558.0,12431.8,12433.8
1747750158791.0,12431.3,12433.3
1747750160321.0,12431.8,12433.8
1747750160546.0,12431.3,12433.3
1747750165130.0,12430.8,12432.8
1747750165353.0,12430.3,12432.3
1747750165579.0,12428.3,12430.3
1747750168310.0,12427.8,12429.8
1747750169029.0,12428.3,12430.3
1747750169478,,
1747750170471.0,12427.8,12429.8
1747750170713.0,12427.3,12429.3
1747750178507.0,12426.8,12428.8
1747750178730.0,12427.3,12429.3
1747750180280,,
1747750180506.0,12426.3,12428.3
1747750183180.0,12425.8,12427.8
1747750183404.0,12426.3,12428.3
1747750184062.0,12425.8,12427.8
1747750185086.0,12425.3,12427.3
1747750186792.0,12424.8,12426.8
1747750187018.0,12424.3,12426.3
1747750187376.0,12423.8,12425.8
1747750188723,,
1747750191404.0,12425.3,12427.3
1747750191630.0,12424.3,12426.3
1747750195252,,
1747750195626.0,12424.8,12426.8
1747750196075.0,12425.3,12427.3
1747750196324.0,12425.8,12427.8
1747750196548.0,12427.3,12429.3
1747750198247.0,12426.8,12428.8
1747750199238.0,12427.3,12429.3
1747750200027.0,12427.4,12429.4
1747750200289.0,12426.9,12428.9
1747750200512.0,12426.4,12428.4
1747750201518.0,12425.9,12427.9
1747750201969.0,12425.4,12427.4
1747750203043.0,12424.4,12426.4
1747750203267.0,12423.4,12425.4
1747750204293.0,12423.9,12425.9
1747750204518.0,12424.4,12426.4
1747750204743.0,12425.4,12427.4
1747750206510.0,12425.9,12427.9
1747750206733.0,12426.4,12428.4
1747750207686.0,12425.9,12427.9
1747750209138.0,12425.4,12427.4
1747750211051.0,12424.9,12426.9
1747750211980.0,12424.4,12426.4
1747750212206.0,12423.9,12425.9
1747750213760.0,12424.4,12426.4
1747750214233.0,12424.9,12426.9
1747750215016.0,12424.4,12426.4
1747750215470.0,12424.9,12426.9
1747750215696.0,12425.4,12427.4
1747750216297.0,12425.9,12427.9
1747750216521.0,12426.4,12428.4
1747750217906.0,12426.9,12428.9
1747750218848.0,12427.9,12429.9
1747750219148.0,12428.4,12430.4
1747750222011.0,12427.9,12429.9
1747750222236.0,12426.9,12428.9
1747750223045.0,12427.4,12429.4
1747750223960.0,12426.4,12428.4
1747750224183.0,12426.9,12428.9
1747750224584.0,12427.4,12429.4
1747750226992.0,12427.9,12429.9
1747750227826.0,12428.4,12430.4
1747750228294.0,12427.9,12429.9
1747750228520.0,12426.9,12428.9
1747750228744.0,12426.4,12428.4
1747750229536.0,12426.9,12428.9
1747750230138.0,12426.4,12428.4
1747750231194.0,12425.9,12427.9
1747750231861.0,12425.4,12427.4
1747750234288.0,12424.9,12426.9
1747750235576.0,12425.4,12427.4
1747750235882.0,12425.9,12427.9
1747750236109.0,12426.4,12428.4
1747750238705.0,12426.9,12428.9
1747750238930.0,12426.4,12428.4
1747750240067.0,12426.9,12428.9
1747750240508.0,12426.4,12428.4
1747750244595,,
1747750246349.0,12426.9,12428.9
1747750248202.0,12427.4,12429.4
1747750250004.0,12426.9,12428.9
1747750250453.0,12426.4,12428.4
1747750252273.0,12426.9,12428.9
1747750252603.0,12427.4,12429.4
1747750255597.0,12427.9,12429.9
1747750258024.0,12427.4,12429.4
1747750258251,,
1747750262137.0,12426.9,12428.9
1747750262353.0,12427.4,12429.4
1747750265532.0,12426.4,12428.4
1747750267144.0,12426.9,12428.9
1747750267371.0,12427.4,12429.4
1747750270112.0,12426.9,12428.9
1747750270335.0,12426.4,12428.4
1747750272812.0,12425.9,12427.9
1747750273058.0,12424.9,12426.9
1747750273327.0,12424.4,12426.4
1747750275136.0,12424.9,12426.9
1747750275342.0,12425.4,12427.4
1747750277374.0,12424.9,12426.9
1747750280485.0,12425.4,12427.4
1747750282421.0,12424.4,12426.4
1747750285369,,
1747750293146.0,12423.9,12425.9
1747750294503.0,12423.4,12425.4
1747750294725,,
1747750298403,,
1747750305307.0,12423.9,12425.9
1747750305531.0,12424.9,12426.9
1747750308755.0,12424.4,12426.4
1747750310671.0,12424.9,12426.9
1747750310897.0,12425.4,12427.4
1747750311122.0,12424.9,12426.9
1747750312348.0,12425.4,12427.4
1747750316040.0,12425.9,12427.9
1747750316265.0,12425.4,12427.4
1747750317250.0,12424.9,12426.9
1747750320082.0,12424.4,12426.4
1747750321544.0,12424.9,12426.9
1747750321769.0,12425.4,12427.4
1747750323614.0,12424.9,12426.9
1747750325397.0,12425.4,12427.4
1747750325620,,
1747750327355.0,12424.9,12426.9
1747750327804.0,12425.4,12427.4
1747750330772.0,12423.9,12425.9
1747750331661.0,12423.4,12425.4
1747750334164.0,12422.9,12424.9
1747750335799.0,12422.4,12424.4
1747750337090.0,12422.9,12424.9
1747750337313.0,12422.4,12424.4
1747750338641.0,12421.9,12423.9
1747750338864.0,12421.4,12423.4
1747750339591.0,12421.9,12423.9
1747750340038.0,12421.4,12423.4
1747750343468.0,12421.9,12423.9
1747750345167.0,12422.4,12424.4
1747750345391,,
1747750346184.0,12422.9,12424.9
1747750346408.0,12422.4,12424.4
1747750346632.0,12421.9,12423.9
1747750347003.0,12421.4,12423.4
1747750356242.0,12421.9,12423.9
1747750356467.0,12421.4,12423.4
1747750357839.0,12420.9,12422.9
1747750359843.0,12421.4,12423.4
1747750360069.0,12422.4,12424.4
1747750361030.0,12422.9,12424.9
1747750361254.0,12423.4,12425.4
1747750361802.0,12423.9,12425.9
1747750362254.0,12423.4,12425.4
1747750371367.0,12423.9,12425.9
1747750372542.0,12423.4,12425.4
1747750374005.0,12423.9,12425.9
1747750374515.0,12423.4,12425.4
1747750375332.0,12424.4,12426.4
1747750377042.0,12424.9,12426.9
1747750377490.0,12425.4,12427.4
1747750380574.0,12424.9,12426.9
1747750380804.0,12423.9,12425.9
1747750381530.0,12423.4,12425.4
1747750385067.0,12422.4,12424.4
1747750391748.0,12421.4,12423.4
1747750392612.0,12420.9,12422.9
1747750392834.0,12421.4,12423.4
1747750394225.0,12420.9,12422.9
1747750394666.0,12421.4,12423.4
1747750399594.0,12420.9,12422.9
1747750400226.0,12420.4,12422.4
1747750405055.0,12420.9,12422.9
1747750405505.0,12421.4,12423.4
1747750408829.0,12420.9,12422.9
1747750413473.0,12420.4,12422.4
1747750415864.0,12419.9,12421.9
1747750416554.0,12419.4,12421.4
1747750418007.0,12418.9,12420.9
1747750418457.0,12418.4,12420.4
1747750423426.0,12417.9,12419.9
1747750425348.0,12418.4,12420.4
1747750430130.0,12418.9,12420.9
1747750430355.0,12419.4,12421.4
1747750432749.0,12418.9,12420.9
1747750432969.0,12419.4,12421.4
1747750433756.0,12418.9,12420.9
1747750433980.0,12418.4,12420.4
1747750434328.0,12418.9,12420.9
1747750434553.0,12419.4,12421.4
1747750435062.0,12418.9,12420.9
1747750435513.0,12419.9,12421.9
1747750435735.0,12420.4,12422.4
1747750437343.0,12420.9,12422.9
1747750441185.0,12421.4,12423.4
1747750441411.0,12422.4,12424.4
1747750442041.0,12422.9,12424.9
1747750442495.0,12422.4,12424.4
1747750444035.0,12421.9,12423.9
1747750445150.0,12421.4,12423.4
1747750446080.0,12420.9,12422.9
1747750446461.0,12420.4,12422.4
1747750446909.0,12419.9,12421.9
1747750447665.0,12419.4,12421.4
1747750448190.0,12418.9,12420.9
1747750451526.0,12417.9,12419.9
1747750452913.0,12418.4,12420.4
1747750453144,,
1747750456709.0,12417.9,12419.9
1747750457945.0,12417.4,12419.4
1747750460017.0,12417.9,12419.9
1747750460708.0,12417.4,12419.4
1747750460932.0,12416.4,12418.4
1747750461910.0,12415.9,12417.9
1747750462134.0,12415.4,12417.4
1747750462963.0,12415.9,12417.9
1747750464440.0,12415.4,12417.4
1747750465976.0,12415.9,12417.9
1747750466432.0,12416.4,12418.4
1747750466657,,
1747750473209.0,12416.9,12418.9
1747750473433.0,12416.4,12418.4
1747750473809.0,12415.9,12417.9
1747750474035.0,12415.4,12417.4
1747750480074.0,12415.9,12417.9
1747750482214.0,12416.4,12418.4
1747750482439,,
1747750485907.0,12417.4,12419.4
1747750497138.0,12417.9,12419.9
1747750500053.0,12417.4,12419.4
1747750500292.0,12416.4,12418.4
1747750503040.0,12416.9,12418.9
1747750507370.0,12416.4,12418.4
1747750507595.0,12415.4,12417.4
1747750521411.0,12414.9,12416.9
1747750523105.0,12415.4,12417.4
1747750529471.0,12415.9,12417.9
1747750529919,,
1747750532241.0,12415.4,12417.4
1747750536355.0,12414.9,12416.9
1747750536798.0,12415.4,12417.4
1747750539864,,
1747750540421.0,12416.4,12418.4
1747750542741.0,12417.4,12419.4
1747750547815.0,12417.9,12419.9
1747750548678.0,12418.4,12420.4
1747750550206.0,12417.9,12419.9
1747750550432.0,12417.4,12419.4
1747750560358.0,12416.4,12418.4
1747750562117.0,12415.9,12417.9
1747750562341.0,12415.4,12417.4
1747750563229.0,12414.9,12416.9
1747750564669.0,12414.4,12416.4
1747750567045.0,12413.9,12415.9
1747750567273.0,12413.4,12415.4
1747750568644,,
1747750574209.0,12412.9,12414.9
1747750574434.0,12412.4,12414.4
1747750574658.0,12411.9,12413.9
1747750574891.0,12411.4,12413.4
1747750576938.0,12412.4,12414.4
1747750578115.0,12412.9,12414.9
1747750578668.0,12412.4,12414.4
1747750582023.0,12413.4,12415.4
1747750585736.0,12413.9,12415.9
1747750585961.0,12413.4,12415.4
1747750586982.0,12412.9,12414.9
1747750587206.0,12412.4,12414.4
1747750589024.0,12413.9,12415.9
1747750589248.0,12413.4,12415.4
1747750591817.0,12412.9,12414.9
1747750592039,,
1747750592265.0,12412.4,12414.4
1747750594249.0,12414.4,12416.4
1747750600070.0,12413.9,12415.9
1747750600297.0,12413.4,12415.4
1747750600632.0,12413.9,12415.9
1747750600856.0,12413.4,12415.4
1747750601277.0,12413.9,12415.9
1747750601502.0,12414.4,12416.4
1747750604024.0,12413.9,12415.9
1747750604249.0,12413.4,12415.4
1747750604716.0,12414.4,12416.4
1747750605254.0,12414.9,12416.9
1747750605703.0,12414.4,12416.4
1747750608803.0,12414.9,12416.9
1747750609429.0,12414.4,12416.4
1747750609652.0,12414.9,12416.9
1747750609877.0,12414.4,12416.4
1747750610352.0,12414.9,12416.9
1747750611665.0,12414.4,12416.4
1747750612119.0,12414.9,12416.9
1747750612345.0,12414.4,12416.4
1747750612817.0,12413.9,12415.9
1747750613049.0,12414.4,12416.4
1747750613490.0,12413.4,12415.4
1747750614664.0,12412.9,12414.9
1747750615627.0,12412.4,12414.4
1747750618853.0,12412.9,12414.9
1747750619079.0,12413.4,12415.4
1747750620653.0,12412.9,12414.9
1747750620878.0,12412.4,12414.4
1747750621863.0,12411.4,12413.4
1747750622629.0,12411.9,12413.9
1747750622854.0,12412.4,12414.4
1747750623556.0,12411.9,12413.9
1747750624094.0,12412.4,12414.4
1747750626102.0,12412.9,12414.9
1747750628995.0,12413.4,12415.4
1747750629217.0,12413.9,12415.9
1747750630945.0,12413.4,12415.4
1747750631167,,
1747750633401.0,12412.9,12414.9
1747750633911.0,12413.4,12415.4
1747750636225.0,12413.9,12415.9
1747750637516.0,12413.4,12415.4
1747750639581.0,12413.9,12415.9
1747750639807.0,12413.4,12415.4
1747750640036.0,12413.9,12415.9
1747750642804.0,12413.4,12415.4
1747750645156.0,12412.9,12414.9
1747750645381.0,12413.4,12415.4
1747750645834.0,12412.9,12414.9
1747750646057.0,12413.4,12415.4
1747750647534.0,12412.9,12414.9
1747750648425.0,12412.4,12414.4
1747750659911.0,12412.9,12414.9
1747750660136.0,12413.4,12415.4
1747750664591.0,12412.9,12414.9
1747750665118.0,12412.4,12414.4
1747750670079.0,12412.9,12414.9
1747750670304.0,12413.4,12415.4
1747750674516.0,12412.9,12414.9
1747750674743.0,12411.9,12413.9
1747750675446.0,12410.9,12412.9
1747750676317.0,12411.4,12413.4
1747750676541,,
1747750679988.0,12410.9,12412.9
1747750681006.0,12410.4,12412.4
1747750681231.0,12411.4,12413.4
1747750686203.0,12410.9,12412.9
1747750686428.0,12410.4,12412.4
1747750687372.0,12409.9,12411.9
1747750687833.0,12410.4,12412.4
1747750689936.0,12409.9,12411.9
1747750690396.0,12409.4,12411.4
1747750693265,,
1747750693857.0,12409.9,12411.9
1747750694077,,
1747750696640.0,12410.4,12412.4
1747750696879.0,12409.4,12411.4
1747750700600.0,12408.9,12410.9
1747750700820.0,12409.4,12411.4
1747750702488.0,12409.9,12411.9
1747750702713.0,12410.4,12412.4
1747750703853.0,12409.9,12411.9
1747750704078.0,12409.4,12411.4
1747750704930.0,12410.4,12412.4
1747750708056.0,12410.9,12412.9
1747750708280.0,12410.4,12412.4
1747750710046.0,12410.9,12412.9
1747750710271.0,12411.4,12413.4
1747750710520.0,12410.9,12412.9
1747750710743.0,12410.4,12412.4
1747750715746.0,12409.9,12411.9
1747750715970.0,12409.4,12411.4
1747750716417.0,12409.9,12411.9
1747750717748.0,12409.4,12411.4
1747750723605.0,12409.9,12411.9
1747750725350.0,12409.4,12411.4
1747750726719.0,12408.9,12410.9
1747750727463.0,12408.4,12410.4
1747750728020.0,12408.9,12410.9
1747750729408.0,12408.4,12410.4
1747750729856.0,12408.9,12410.9
1747750732043.0,12408.4,12410.4
1747750733081.0,12409.9,12411.9
1747750733504.0,12409.4,12411.4
1747750733956.0,12409.9,12411.9
1747750734469.0,12409.4,12411.4
1747750735481.0,12409.9,12411.9
1747750735705.0,12409.4,12411.4
1747750735984.0,12409.9,12411.9
1747750736209.0,12409.4,12411.4
1747750741718.0,12408.9,12410.9
1747750741944.0,12409.4,12411.4
1747750744127.0,12409.9,12411.9
1747750744368.0,12410.9,12412.9
1747750746209.0,12410.4,12412.4
1747750746433.0,12410.9,12412.9
1747750749622.0,12410.4,12412.4
1747750750190.0,12409.9,12411.9
1747750750414.0,12410.4,12412.4
1747750752933.0,12409.9,12411.9
1747750753156.0,12410.4,12412.4
1747750753415.0,12409.9,12411.9
1747750753639.0,12409.4,12411.4
1747750755038.0,12409.9,12411.9
1747750755867.0,12410.4,12412.4
1747750756574.0,12409.9,12411.9
1747750756803.0,12409.4,12411.4
1747750757025.0,12408.4,12410.4
1747750758462.0,12407.9,12409.9
1747750758687.0,12408.4,12410.4
1747750759083.0,12407.9,12409.9
1747750759533.0,12407.4,12409.4
1747750759757.0,12406.9,12408.9
1747750760280.0,12406.4,12408.4
1747750764542.0,12406.9,12408.9
1747750765502.0,12406.4,12408.4
1747750766498.0,12405.9,12407.9
1747750766723.0,12406.4,12408.4
1747750770486.0,12406.9,12408.9
1747750771709.0,12406.4,12408.4
1747750775069.0,12405.4,12407.4
1747750775371.0,12404.9,12406.9
1747750775596.0,12404.4,12406.4
1747750776540.0,12404.9,12406.9
1747750777418.0,12405.4,12407.4
1747750777640,,
1747750784230.0,12405.9,12407.9
1747750784454,,
1747750784918.0,12405.4,12407.4
1747750785144.0,12405.9,12407.9
1747750785415.0,12405.4,12407.4
1747750797873.0,12405.9,12407.9
1747750800017.0,12406.9,12408.9
1747750801270.0,12407.4,12409.4
1747750802385.0,12406.9,12408.9
1747750802619.0,12407.4,12409.4
1747750804348.0,12407.9,12409.9
1747750805025.0,12407.4,12409.4
1747750805876.0,12406.9,12408.9
1747750806099.0,12406.4,12408.4
1747750807205.0,12406.9,12408.9
1747750807643.0,12407.4,12409.4
1747750808148.0,12406.9,12408.9
1747750810307.0,12406.4,12408.4
1747750811005.0,12405.9,12407.9
1747750811227.0,12405.4,12407.4
1747750812497.0,12405.9,12407.9
1747750814721.0,12406.4,12408.4
1747750816603.0,12406.9,12408.9
1747750816826.0,12406.4,12408.4
1747750818041.0,12406.9,12408.9
1747750818921.0,12407.4,12409.4
1747750821614.0,12406.9,12408.9
1747750821839.0,12406.4,12408.4
1747750822065.0,12406.9,12408.9
1747750822495.0,12406.4,12408.4
1747750822944.0,12405.4,12407.4
1747750823204.0,12405.9,12407.9
1747750824104.0,12405.4,12407.4
1747750824974.0,12405.9,12407.9
1747750826037.0,12405.4,12407.4
1747750826261.0,12405.9,12407.9
1747750827830.0,12407.4,12409.4
1747750833010.0,12405.4,12407.4
1747750836345.0,12405.9,12407.9
1747750836570.0,12406.4,12408.4
1747750841742.0,12406.9,12408.9
1747750842191.0,12407.4,12409.4
1747750846108,,
1747750852297,,
1747750855644.0,12407.9,12409.9
1747750855864.0,12407.4,12409.4
1747750859110,,
1747750861144.0,12407.9,12409.9
1747750861369.0,12409.4,12411.4
1747750862111.0,12408.9,12410.9
1747750862562.0,12409.4,12411.4
1747750865846.0,12409.9,12411.9
1747750866068.0,12410.4,12412.4
1747750866742.0,12409.9,12411.9
1747750867244.0,12409.4,12411.4
1747750869403,,
1747750869502.0,12409.9,12411.9
1747750870272.0,12409.4,12411.4
1747750879074.0,12408.9,12410.9
1747750880517.0,12408.4,12410.4
1747750883042.0,12408.9,12410.9
1747750883264.0,12408.4,12410.4
1747750904035.0,12406.9,12408.9
1747750904383.0,12407.4,12409.4
1747750905883.0,12407.9,12409.9
1747750906119.0,12407.4,12409.4
1747750907649.0,12407.9,12409.9
1747750908976.0,12407.4,12409.4
1747750909204.0,12406.9,12408.9
1747750914136.0,12406.4,12408.4
1747750916394.0,12405.9,12407.9
1747750916615.0,12405.4,12407.4
1747750918081.0,12404.9,12406.9
1747750919795.0,12405.4,12407.4
1747750920313.0,12404.9,12406.9
1747750920538.0,12403.9,12405.9
1747750921162.0,12404.4,12406.4
1747750922337.0,12403.9,12405.9
1747750922562.0,12403.4,12405.4
1747750922785.0,12403.9,12405.9
1747750923011.0,12403.4,12405.4
1747750923258.0,12403.9,12405.9
1747750923482.0,12403.4,12405.4
1747750923823.0,12403.9,12405.9
1747750924047.0,12403.4,12405.4
1747750924273.0,12403.9,12405.9
1747750924909,,
1747750925280.0,12403.4,12405.4
1747750928332.0,12402.9,12404.9
1747750929096.0,12402.4,12404.4
1747750934431,,
1747750935218.0,12402.9,12404.9
1747750935443.0,12403.4,12405.4
1747750937953.0,12402.9,12404.9
1747750938178.0,12403.4,12405.4
1747750940710.0,12403.9,12405.9
1747750940933.0,12403.4,12405.4
1747750941709.0,12403.9,12405.9
1747750941935.0,12403.4,12405.4
1747750943980.0,12403.9,12405.9
1747750944203.0,12404.4,12406.4
1747750944712.0,12403.9,12405.9
1747750945638.0,12404.4,12406.4
1747750946410.0,12403.9,12405.9
1747750948098.0,12404.4,12406.4
1747750948637.0,12404.9,12406.9
1747750948864.0,12404.4,12406.4
1747750951744.0,12403.9,12405.9
1747750955411.0,12404.4,12406.4
1747750955635,,
1747750956526.0,12404.9,12406.9
1747750956751.0,12404.4,12406.4
1747750960231.0,12403.9,12405.9
1747750960675.0,12404.4,12406.4
1747750963858.0,12404.9,12406.9
1747750964375.0,12404.4,12406.4
1747750967052.0,12403.9,12405.9
1747750972348.0,12404.4,12406.4
1747750972571,,
1747750973251.0,12404.9,12406.9
1747750973475.0,12405.4,12407.4
1747750974244.0,12404.9,12406.9
1747750974470.0,12405.4,12407.4
1747750975039.0,12405.9,12407.9
1747750975266.0,12405.4,12407.4
1747750976641.0,12404.9,12406.9
1747750976865.0,12404.4,12406.4
1747750982453.0,12404.9,12406.9
1747750983306.0,12404.4,12406.4
1747750985127.0,12404.9,12406.9
1747750985843.0,12404.4,12406.4
1747750986774.0,12403.4,12405.4
1747750989937.0,12402.9,12404.9
1747750990429.0,12402.4,12404.4
1747750991419,,
1747750992596.0,12402.9,12404.9
1747750992821.0,12402.4,12404.4
1747750994068.0,12402.9,12404.9
1747750994293.0,12403.4,12405.4
1747750995323.0,12402.9,12404.9
1747750995774.0,12403.4,12405.4
1747750996671.0,12402.9,12404.9
1747750997558.0,12402.4,12404.4
1747750999468.0,12403.4,12405.4
1747750999988.0,12402.4,12404.4
1747751004031.0,12401.4,12403.4
1747751007538.0,12401.9,12403.9
1747751007762,,
1747751008963.0,12401.4,12403.4
1747751009663.0,12401.9,12403.9
1747751009889.0,12401.4,12403.4
1747751010510.0,12401.9,12403.9
1747751012081.0,12401.4,12403.4
1747751013660.0,12401.9,12403.9
1747751013885.0,12401.4,12403.4
1747751014932.0,12401.9,12403.9
1747751017314.0,12401.4,12403.4
1747751017540.0,12400.9,12402.9
1747751017817.0,12401.4,12403.4
1747751018942,,
1747751019693.0,12401.9,12403.9
1747751019918.0,12401.4,12403.4
1747751024091.0,12402.4,12404.4
1747751024603.0,12402.9,12404.9
1747751024826.0,12402.4,12404.4
1747751025647.0,12402.9,12404.9
1747751025870.0,12402.4,12404.4
1747751029918.0,12402.9,12404.9
1747751030147.0,12402.4,12404.4
1747751031577.0,12401.9,12403.9
1747751031805.0,12402.4,12404.4
1747751033754.0,12401.9,12403.9
1747751033980.0,12401.4,12403.4
1747751042422.0,12401.9,12403.9
1747751042648.0,12402.4,12404.4
1747751049939.0,12402.9,12404.9
1747751051185.0,12403.9,12405.9
1747751051794.0,12403.4,12405.4
1747751053737.0,12402.9,12404.9
1747751053960.0,12402.4,12404.4
1747751057206.0,12403.4,12405.4
1747751068041.0,12404.4,12406.4
1747751068516.0,12404.9,12406.9
1747751070371.0,12404.4,12406.4
1747751071013.0,12404.9,12406.9
1747751071844.0,12404.4,12406.4
1747751074438.0,12403.9,12405.9
1747751074661.0,12403.4,12405.4
1747751074886.0,12402.9,12404.9
1747751075704.0,12402.4,12404.4
1747751079828.0,12403.9,12405.9
1747751080052.0,12402.9,12404.9
1747751080278.0,12402.4,12404.4
1747751081642.0,12402.9,12404.9
1747751081867.0,12402.4,12404.4
1747751086123.0,12401.9,12403.9
1747751086348.0,12402.4,12404.4
1747751087714.0,12401.9,12403.9
1747751089903.0,12401.4,12403.4
1747751090749.0,12400.9,12402.9
1747751094718.0,12401.4,12403.4
1747751094941,,
1747751098153.0,12400.9,12402.9
1747751099536.0,12401.4,12403.4
1747751101237.0,12400.9,12402.9
1747751101464.0,12401.4,12403.4
1747751102319.0,12400.9,12402.9
1747751102545.0,12400.4,12402.4
1747751103026.0,12400.9,12402.9
1747751103250.0,12400.4,12402.4
1747751103611.0,12400.9,12402.9
1747751103853.0,12401.4,12403.4
1747751104204.0,12400.9,12402.9
1747751104428.0,12400.4,12402.4
1747751108354.0,12399.9,12401.9
1747751108805.0,12400.4,12402.4
1747751109315.0,12400.9,12402.9
1747751109968.0,12400.4,12402.4
1747751110195.0,12400.9,12402.9
1747751110418.0,12400.4,12402.4
1747751110652.0,12400.9,12402.9
1747751110872.0,12401.4,12403.4
1747751111095.0,12401.9,12403.9
1747751111581.0,12402.4,12404.4
1747751112389.0,12401.9,12403.9
1747751112614.0,12401.4,12403.4
1747751115704.0,12400.9,12402.9
1747751116911.0,12400.4,12402.4
1747751122086.0,12400.9,12402.9
1747751122312.0,12401.4,12403.4
1747751123968.0,12401.9,12403.9
1747751124194.0,12402.4,12404.4
1747751124817.0,12402.9,12404.9
1747751125896.0,12403.4,12405.4
1747751129590.0,12402.9,12404.9
1747751129818,,
1747751130473.0,12402.4,12404.4
1747751131593.0,12402.9,12404.9
1747751132461.0,12402.4,12404.4
1747751133716.0,12402.9,12404.9
1747751133941.0,12403.4,12405.4
1747751139558,,
1747751141756.0,12403.9,12405.9
1747751141981.0,12403.4,12405.4
1747751144548.0,12402.9,12404.9
1747751144772.0,12402.4,12404.4
1747751145064.0,12401.9,12403.9
1747751145289.0,12402.4,12404.4
1747751157952.0,12402.9,12404.9
1747751158176.0,12402.4,12404.4
1747751159016.0,12402.9,12404.9
1747751162584.0,12403.4,12405.4
1747751164189.0,12402.9,12404.9
1747751164413.0,12402.4,12404.4
1747751168672.0,12402.9,12404.9
1747751168911.0,12403.4,12405.4
1747751174050.0,12402.9,12404.9
1747751174276.0,12403.4,12405.4
1747751177818.0,12403.9,12405.9
1747751178035.0,12404.4,12406.4
1747751178913,,
1747751179137.0,12403.4,12405.4
1747751181768.0,12402.9,12404.9
1747751181993.0,12402.4,12404.4
1747751182218.0,12402.9,12404.9
1747751182443.0,12402.4,12404.4
1747751182814.0,12403.9,12405.9
1747751183040.0,12403.4,12405.4
1747751183263.0,12402.9,12404.9
1747751183488.0,12402.4,12404.4
1747751185183.0,12402.9,12404.9
1747751186323.0,12403.4,12405.4
1747751187112.0,12402.9,12404.9
1747751187346.0,12403.4,12405.4
1747751187858.0,12402.9,12404.9
1747751188083.0,12402.4,12404.4
1747751189594.0,12401.9,12403.9
1747751190866.0,12402.4,12404.4
1747751191102,,
1747751191917.0,12401.9,12403.9
1747751192142.0,12401.4,12403.4
1747751192450.0,12400.9,12402.9
1747751192674.0,12400.4,12402.4
1747751204745.0,12400.9,12402.9
1747751204969.0,12400.4,12402.4
1747751206850.0,12399.9,12401.9
1747751209074.0,12401.4,12403.4
1747751212323.0,12401.9,12403.9
1747751212546.0,12402.4,12404.4
1747751216442.0,12402.9,12404.9
1747751218085.0,12403.9,12405.9
1747751219961.0,12404.4,12406.4
1747751226370.0,12403.4,12405.4
1747751226697.0,12402.9,12404.9
1747751226915.0,12403.4,12405.4
1747751227364.0,12402.9,12404.9
1747751227606.0,12402.4,12404.4
1747751228142.0,12401.9,12403.9
1747751229105.0,12402.4,12404.4
1747751229330.0,12401.9,12403.9
1747751229555.0,12401.4,12403.4
1747751230298.0,12400.9,12402.9
1747751230514.0,12400.4,12402.4
1747751232715,,
1747751234272.0,12400.9,12402.9
1747751234496.0,12401.9,12403.9
1747751235033.0,12402.4,12404.4
1747751245266.0,12401.9,12403.9
1747751246869.0,12400.4,12402.4
1747751248770.0,12400.9,12402.9
1747751248994.0,12401.4,12403.4
1747751252578.0,12400.9,12402.9
1747751256818.0,12400.4,12402.4
1747751257494.0,12399.4,12401.4
1747751257716.0,12399.9,12401.9
1747751258517.0,12400.4,12402.4
1747751259889.0,12400.9,12402.9
1747751260114,,
1747751261666,,
1747751263111,,
1747751265434.0,12401.4,12403.4
1747751267171.0,12401.9,12403.9
1747751269393.0,12401.4,12403.4
1747751269616,,
1747751270347.0,12401.9,12403.9
1747751274162.0,12401.4,12403.4
1747751274385,,
1747751274837.0,12401.9,12403.9
1747751280121.0,12402.4,12404.4
1747751281022.0,12402.9,12404.9
1747751284616.0,12402.4,12404.4
1747751284840,,
1747751287520.0,12402.9,12404.9
1747751287745.0,12403.4,12405.4
1747751288317.0,12403.9,12405.9
1747751288766.0,12403.4,12405.4
1747751290735.0,12402.9,12404.9
1747751292268.0,12402.4,12404.4
1747751293827.0,12401.9,12403.9
1747751296297.0,12401.4,12403.4
1747751300546.0,12401.9,12403.9
1747751302354.0,12401.4,12403.4
1747751304064.0,12400.9,12402.9
1747751304559.0,12400.4,12402.4
1747751305845.0,12399.9,12401.9
1747751307891,,
1747751308435.0,12400.4,12402.4
1747751310183.0,12400.9,12402.9
1747751310633.0,12401.4,12403.4
1747751310881.0,12400.9,12402.9
1747751311463.0,12401.4,12403.4
1747751311914.0,12400.4,12402.4
1747751316192.0,12400.9,12402.9
1747751316410.0,12401.4,12403.4
1747751320345.0,12401.9,12403.9
1747751320570.0,12402.4,12404.4
1747751325843.0,12402.9,12404.9
1747751326908.0,12402.4,12404.4
1747751332771.0,12402.9,12404.9
1747751335085,,
1747751335854.0,12403.4,12405.4
1747751336081.0,12402.9,12404.9
1747751338444.0,12402.4,12404.4
1747751339118.0,12402.9,12404.9
1747751339344.0,12402.4,12404.4
1747751340644.0,12402.9,12404.9
1747751340868.0,12402.4,12404.4
1747751347194.0,12402.9,12404.9
1747751347418,,
1747751347643.0,12403.4,12405.4
1747751351593.0,12404.9,12406.9
1747751352033.0,12404.4,12406.4
1747751353132.0,12404.9,12406.9
1747751353581.0,12404.4,12406.4
1747751354625.0,12403.9,12405.9
1747751354851.0,12404.4,12406.4
1747751357647.0,12404.9,12406.9
1747751357870.0,12404.4,12406.4
1747751358313.0,12404.9,12406.9
1747751359521.0,12404.4,12406.4
1747751359742,,
1747751360184.0,12404.9,12406.9
1747751360407.0,12404.4,12406.4
1747751363515.0,12404.9,12406.9
1747751363737.0,12404.4,12406.4
1747751364179.0,12404.9,12406.9
1747751364403.0,12404.4,12406.4
1747751364843.0,12404.9,12406.9
1747751365563.0,12404.4,12406.4
1747751365802,,
1747751366012,,
1747751366238.0,12404.9,12406.9
1747751368292.0,12404.4,12406.4
1747751370957.0,12403.9,12405.9
1747751372017.0,12404.4,12406.4
1747751372244,,
1747751373517.0,12404.9,12406.9
1747751373741.0,12404.4,12406.4
1747751378222.0,12404.9,12406.9
1747751387950.0,12405.4,12407.4
1747751388507.0,12405.9,12407.9
1747751393645.0,12405.4,12407.4
1747751393867,,
1747751394103.0,12404.9,12406.9
1747751395663.0,12404.4,12406.4
1747751397790.0,12404.9,12406.9
1747751398606.0,12405.4,12407.4
1747751400011.0,12404.4,12406.4
1747751404036.0,12403.9,12405.9
1747751404486.0,12404.4,12406.4
1747751406361.0,12403.9,12405.9
1747751406853.0,12403.4,12405.4
1747751408795.0,12403.9,12405.9
1747751412879.0,12404.4,12406.4
1747751413103,,
1747751415774.0,12404.9,12406.9
1747751416822.0,12405.4,12407.4
1747751419014.0,12404.9,12406.9
1747751419248.0,12404.4,12406.4
1747751422773.0,12403.9,12405.9
1747751426320.0,12403.4,12405.4
1747751426566.0,12402.9,12404.9
1747751430408.0,12403.4,12405.4
1747751430641,,
1747751436010.0,12402.9,12404.9
1747751436235.0,12403.4,12405.4
1747751436736.0,12402.9,12404.9
1747751437804.0,12403.4,12405.4
1747751438025.0,12402.9,12404.9
1747751438318.0,12403.4,12405.4
1747751444013.0,12402.9,12404.9
1747751444464.0,12402.4,12404.4
1747751448428.0,12402.9,12404.9
1747751448654.0,12403.4,12405.4
1747751449087.0,12403.9,12405.9
1747751449311.0,12404.4,12406.4
1747751453928.0,12403.9,12405.9
1747751454720.0,12403.4,12405.4
1747751460793.0,12403.9,12405.9
1747751461018.0,12404.9,12406.9
1747751461333.0,12405.4,12407.4
1747751461555,,
1747751463979.0,12404.9,12406.9
1747751464672.0,12404.4,12406.4
1747751465799.0,12404.9,12406.9
1747751467578.0,12404.4,12406.4
1747751470370.0,12404.9,12406.9
1747751471873.0,12404.4,12406.4
1747751473023.0,12403.9,12405.9
1747751473246.0,12404.4,12406.4
1747751473534.0,12404.9,12406.9
1747751473984.0,12405.4,12407.4
1747751474882.0,12405.9,12407.9
1747751475332.0,12405.9,12407.9
1747751475570.0,12405.4,12407.4
1747751476211.0,12405.9,12407.9
1747751476438.0,12405.4,12407.4
1747751478421.0,12404.9,12406.9
1747751479659.0,12405.4,12407.4
1747751488161.0,12404.9,12406.9
1747751490411.0,12405.4,12407.4
1747751490636,,
1747751494579.0,12405.9,12407.9
1747751496404.0,12406.4,12408.4
1747751500378.0,12406.9,12408.9
1747751501832.0,12406.4,12408.4
1747751503280.0,12406.9,12408.9
1747751505559.0,12407.9,12409.9
1747751507031.0,12408.4,12410.4
1747751508031.0,12408.9,12410.9
1747751508934.0,12409.4,12411.4
1747751509512.0,12408.9,12410.9
1747751509994.0,12409.4,12411.4
1747751518364.0,12408.9,12410.9
1747751518578,,
1747751520080.0,12408.4,12410.4
1747751520612.0,12407.9,12409.9
1747751525039.0,12408.4,12410.4
1747751530713.0,12407.4,12409.4
1747751536459.0,12407.9,12409.9
1747751539219.0,12407.4,12409.4
1747751539430,,
1747751539695.0,12406.9,12408.9
1747751541204.0,12407.4,12409.4
1747751544488.0,12407.9,12409.9
1747751544713.0,12408.9,12410.9
1747751545715.0,12409.4,12411.4
1747751546166.0,12408.9,12410.9
1747751547424.0,12409.4,12411.4
1747751549607.0,12408.9,12410.9
1747751550059.0,12409.4,12411.4
1747751551702,,
1747751552629.0,12408.9,12410.9
1747751554737.0,12407.4,12409.4
1747751554961.0,12407.9,12409.9
1747751555331.0,12407.4,12409.4
1747751556625.0,12407.9,12409.9
1747751556862.0,12408.4,12410.4
1747751557456.0,12408.9,12410.9
1747751558016.0,12408.4,12410.4
1747751558228.0,12408.9,12410.9
1747751558882.0,12408.4,12410.4
1747751559616.0,12408.9,12410.9
1747751560340.0,12409.4,12411.4
1747751561138.0,12408.9,12410.9
1747751561876.0,12408.4,12410.4
1747751563442.0,12407.9,12409.9
1747751563665,,
1747751566197,,
1747751568161.0,12408.4,12410.4
1747751576733.0,12407.9,12409.9
1747751582086.0,12408.4,12410.4
1747751582309,,
1747751584478.0,12407.9,12409.9
1747751584703.0,12407.4,12409.4
1747751585502.0,12406.9,12408.9
1747751585949.0,12407.4,12409.4
1747751586655.0,12406.9,12408.9
1747751586882.0,12407.4,12409.4
1747751590606.0,12406.9,12408.9
1747751593461.0,12406.4,12408.4
1747751595102.0,12406.9,12408.9
1747751595684.0,12406.4,12408.4
1747751598327.0,12405.9,12407.9
1747751598773.0,12405.9,12407.9
1747751599976.0,12405.4,12407.4
1747751602841.0,12405.9,12407.9
1747751604442.0,12406.4,12408.4
1747751608137.0,12405.9,12407.9
1747751608602.0,12406.4,12408.4
1747751611122.0,12405.9,12407.9
1747751615718.0,12406.4,12408.4
1747751615943,,
1747751616313.0,12406.9,12408.9
1747751619165.0,12406.4,12408.4
1747751619389,,
1747751626991.0,12406.9,12408.9
1747751628744.0,12407.4,12409.4
1747751629995.0,12406.9,12408.9
1747751630221.0,12407.4,12409.4
1747751633830.0,12406.9,12408.9
1747751636723.0,12407.4,12409.4
1747751636951,,
1747751637846.0,12407.9,12409.9
1747751638556.0,12407.4,12409.4
1747751638782,,
1747751640214.0,12406.9,12408.9
1747751655379.0,12406.4,12408.4
1747751656914.0,12405.9,12407.9
1747751657159.0,12405.4,12407.4
1747751657992.0,12405.9,12407.9
1747751658442.0,12405.4,12407.4
1747751658668.0,12405.9,12407.9
1747751659213.0,12405.4,12407.4
1747751659437,,
1747751662007.0,12405.9,12407.9
1747751663316.0,12406.4,12408.4
1747751666688.0,12405.9,12407.9
1747751667348.0,12405.4,12407.4
1747751668060.0,12405.9,12407.9
1747751669606.0,12406.4,12408.4
1747751673826,,
1747751680079.0,12405.9,12407.9
1747751680296,,
1747751680521.0,12406.4,12408.4
1747751681633.0,12406.9,12408.9
1747751685852.0,12407.4,12409.4
1747751686515.0,12407.9,12409.9
1747751689695.0,12408.4,12410.4
1747751693382.0,12408.9,12410.9
1747751694229.0,12409.4,12411.4
1747751696045.0,12409.9,12411.9
1747751696873.0,12410.4,12412.4
1747751699108.0,12409.9,12411.9
1747751699614.0,12410.4,12412.4
1747751701987.0,12410.9,12412.9
1747751702438.0,12411.4,12413.4
1747751703681.0,12411.9,12413.9
1747751703907.0,12412.4,12414.4
1747751704426.0,12412.9,12414.9
1747751704650.0,12412.4,12414.4
1747751705387.0,12411.9,12413.9
1747751707238.0,12410.9,12412.9
1747751707623.0,12410.4,12412.4
1747751710703.0,12409.9,12411.9
1747751713456.0,12409.4,12411.4
1747751714372.0,12409.4,12411.4
1747751718426.0,12408.9,12410.9
1747751721927.0,12408.4,12410.4
1747751723227.0,12408.9,12410.9
1747751724163.0,12409.4,12411.4
1747751728447.0,12409.9,12411.9
1747751728672.0,12409.4,12411.4
1747751730207.0,12408.9,12410.9
1747751731323.0,12408.4,12410.4
1747751734298.0,12408.9,12410.9
1747751734524.0,12408.4,12410.4
1747751736575.0,12408.9,12410.9
1747751740152.0,12409.4,12411.4
1747751740370,,
1747751743033.0,12408.9,12410.9
1747751743256.0,12409.4,12411.4
1747751762246.0,12408.9,12410.9
1747751762473.0,12408.4,12410.4
1747751768114.0,12408.9,12410.9
1747751768564.0,12409.4,12411.4
1747751770027.0,12409.9,12411.9
1747751770254.0,12410.4,12412.4
1747751780661.0,12409.9,12411.9
1747751783498.0,12410.4,12412.4
1747751787885.0,12409.9,12411.9
1747751788558.0,12409.4,12411.4
1747751792042.0,12408.9,12410.9
1747751792270.0,12408.4,12410.4
1747751811221.0,12407.9,12409.9
1747751811446.0,12408.4,12410.4
1747751816559.0,12408.9,12410.9
1747751817009.0,12409.4,12411.4
1747751818555,,
1747751819402.0,12409.9,12411.9
1747751819627.0,12410.4,12412.4
1747751828076.0,12409.9,12411.9
1747751828299,,
1747751833052.0,12410.4,12412.4
1747751833783.0,12410.9,12412.9
1747751834602.0,12410.4,12412.4
1747751841145.0,12409.9,12411.9
1747751841368.0,12410.4,12412.4
1747751842313.0,12409.9,12411.9
1747751842536.0,12410.4,12412.4
1747751849721.0,12409.4,12411.4
1747751868576.0,12408.9,12410.9
1747751871290.0,12409.4,12411.4
1747751873517.0,12409.9,12411.9
1747751873742.0,12410.4,12412.4
1747751874545,,
1747751876435.0,12410.9,12412.9
1747751877122.0,12410.4,12412.4
1747751877348.0,12409.9,12411.9
1747751878485.0,12410.4,12412.4
1747751881174,,
1747751882375.0,12409.9,12411.9
1747751884300.0,12409.4,12411.4
1747751888788.0,12409.9,12411.9
1747751889246.0,12409.4,12411.4
1747751890210.0,12409.9,12411.9
1747751891971.0,12409.4,12411.4
1747751892447.0,12409.9,12411.9
1747751893220,,
1747751893443.0,12410.4,12412.4
1747751894274.0,12409.9,12411.9
1747751894498.0,12410.4,12412.4
1747751896688.0,12410.9,12412.9
1747751896912.0,12410.4,12412.4
1747751898102.0,12410.9,12412.9
1747751903302.0,12411.4,12413.4
1747751906169.0,12411.9,12413.9
1747751906786.0,12411.4,12413.4
1747751908102.0,12411.9,12413.9
1747751908895.0,12412.4,12414.4
1747751909119.0,12413.4,12415.4
1747751913104.0,12413.9,12415.9
1747751916080.0,12414.4,12416.4
1747751916330.0,12414.9,12416.9
1747751917246.0,12414.4,12416.4
1747751917468,,
1747751918016.0,12413.9,12415.9
1747751918241.0,12414.4,12416.4
1747751921036.0,12413.9,12415.9
1747751925770.0,12412.4,12414.4
1747751934348.0,12412.9,12414.9
1747751936339.0,12412.4,12414.4
1747751939911,,
1747751940405.0,12411.9,12413.9
1747751943198.0,12412.4,12414.4
1747751944689.0,12412.9,12414.9
1747751944930.0,12413.4,12415.4
1747751950512.0,12412.9,12414.9
1747751950736.0,12413.4,12415.4
1747751957872.0,12413.9,12415.9
1747751958605.0,12413.4,12415.4
1747751958828,,
1747751960141.0,12413.9,12415.9
1747751960358.0,12415.4,12417.4
1747751960673.0,12414.9,12416.9
1747751961154.0,12415.4,12417.4
1747751961380.0,12414.4,12416.4
1747751962415.0,12414.9,12416.9
1747751962641.0,12415.4,12417.4
1747751964555.0,12414.9,12416.9
1747751965447.0,12414.4,12416.4
1747751965898.0,12414.9,12416.9
1747751966266.0,12414.4,12416.4
1747751968130.0,12414.9,12416.9
1747751969834.0,12415.4,12417.4
1747751970059.0,12414.9,12416.9
1747751970381.0,12414.4,12416.4
1747751971133.0,12414.9,12416.9
1747751971744.0,12414.4,12416.4
1747751975617.0,12413.9,12415.9
1747751975842.0,12414.4,12416.4
1747751978442,,
1747751999282.0,12414.9,12416.9
1747751999508.0,12415.4,12417.4
1747752000021.0,12415.0,12417.0
1747752006128.0,12414.0,12416.0
1747752006450.0,12414.5,12416.5
1747752006676.0,12414.0,12416.0
1747752007198.0,12414.5,12416.5
1747752008127.0,12414.0,12416.0
1747752008344,,
1747752015536.0,12414.5,12416.5
1747752015985.0,12414.0,12416.0
1747752018319.0,12414.5,12416.5
1747752022471.0,12414.0,12416.0
1747752023229.0,12414.5,12416.5
1747752025797.0,12414.0,12416.0
1747752040585.0,12416.0,12418.0
1747752040808.0,12415.0,12417.0
1747752050071.0,12414.5,12416.5
1747752050538.0,12414.0,12416.0
1747752052897.0,12414.5,12416.5
1747752053347.0,12414.0,12416.0
1747752058880.0,12413.5,12415.5
1747752059105.0,12414.0,12416.0
1747752064513.0,12414.5,12416.5
1747752064737.0,12414.0,12416.0
1747752064962.0,12414.5,12416.5
1747752065187.0,12414.0,12416.0
1747752071588,,
1747752073792.0,12414.5,12416.5
1747752074014.0,12415.0,12417.0
1747752074241.0,12414.5,12416.5
1747752074466.0,12414.0,12416.0
1747752076215.0,12413.5,12415.5
1747752076918.0,12414.0,12416.0
1747752077142,,
1747752080142.0,12414.5,12416.5
1747752080815.0,12414.0,12416.0
1747752081229.0,12414.5,12416.5
1747752081455.0,12414.0,12416.0
1747752084934.0,12414.5,12416.5
1747752087888.0,12414.0,12416.0
1747752088111,,
1747752092680.0,12413.5,12415.5
1747752093188.0,12414.0,12416.0
1747752094970.0,12413.5,12415.5
1747752112768.0,12413.0,12415.0
1747752113099.0,12412.5,12414.5
1747752115806.0,12412.0,12414.0
1747752117295.0,12411.5,12413.5
1747752117520.0,12412.0,12414.0
1747752125450.0,12411.5,12413.5
1747752125675.0,12412.0,12414.0
1747752125899.0,12411.5,12413.5
1747752128348.0,12411.0,12413.0
1747752128573.0,12412.0,12414.0
1747752130043.0,12412.5,12414.5
1747752130744.0,12412.0,12414.0
1747752130971,,
1747752131196.0,12411.5,12413.5
1747752131727.0,12412.0,12414.0
1747752134377.0,12411.5,12413.5
1747752134828.0,12412.0,12414.0
1747752136048.0,12412.5,12414.5
1747752136273.0,12413.0,12415.0
1747752137380.0,12412.5,12414.5
1747752139273.0,12413.0,12415.0
1747752141142.0,12413.5,12415.5
1747752141376.0,12413.0,12415.0
1747752144618.0,12412.5,12414.5
1747752144840.0,12413.0,12415.0
1747752145306.0,12412.5,12414.5
1747752145532.0,12412.0,12414.0
1747752149219,,
1747752149516.0,12411.5,12413.5
1747752150224.0,12411.0,12413.0
1747752150795.0,12410.5,12412.5
1747752151021.0,12410.0,12412.0
1747752153110.0,12410.5,12412.5
1747752153334.0,12411.0,12413.0
1747752157208.0,12411.5,12413.5
1747752159770.0,12411.0,12413.0
1747752166451.0,12411.5,12413.5
1747752166674.0,12412.0,12414.0
1747752171366.0,12412.5,12414.5
1747752173773.0,12413.0,12415.0
1747752175907.0,12413.5,12415.5
1747752180127.0,12413.0,12415.0
1747752180352,,
1747752183474.0,12412.5,12414.5
1747752184713.0,12413.0,12415.0
1747752185921.0,12412.5,12414.5
1747752186606.0,12412.0,12414.0
1747752188462.0,12412.5,12414.5
1747752188927.0,12412.0,12414.0
1747752191475.0,12412.5,12414.5
1747752191698.0,12413.0,12415.0
1747752191923.0,12412.5,12414.5
1747752192535.0,12413.0,12415.0
1747752193908.0,12412.5,12414.5
1747752196856.0,12412.0,12414.0
1747752197564.0,12412.5,12414.5
1747752198309.0,12413.0,12415.0
1747752202274.0,12412.5,12414.5
1747752203561.0,12412.0,12414.0
1747752204537.0,12411.5,12413.5
1747752204762.0,12411.0,12413.0
1747752211366,,
1747752216458.0,12410.5,12412.5
1747752216677.0,12411.0,12413.0
1747752217291.0,12410.5,12412.5
1747752221862.0,12411.0,12413.0
1747752237353.0,12411.5,12413.5
1747752237578.0,12412.0,12414.0
1747752240526.0,12412.5,12414.5
1747752240751.0,12412.0,12414.0
1747752241189.0,12412.5,12414.5
1747752241413.0,12412.0,12414.0
1747752241852.0,12412.5,12414.5
1747752242077.0,12412.0,12414.0
1747752242517.0,12412.5,12414.5
1747752242742.0,12412.0,12414.0
1747752243006.0,12411.5,12413.5
1747752243231.0,12411.0,12413.0
1747752245904.0,12411.5,12413.5
1747752246379.0,12411.0,12413.0
1747752246940.0,12411.5,12413.5
1747752247164.0,12412.0,12414.0
1747752257474.0,12411.5,12413.5
1747752257699.0,12410.5,12412.5
1747752258153.0,12410.0,12412.0
1747752259793.0,12409.5,12411.5
1747752263863.0,12410.0,12412.0
1747752264085,,
1747752268112.0,12410.5,12412.5
1747752268336.0,12410.0,12412.0
1747752268693.0,12410.5,12412.5
1747752272371.0,12410.0,12412.0
1747752278675.0,12410.5,12412.5
1747752280313.0,12411.0,12413.0
1747752285039.0,12410.5,12412.5
1747752285260.0,12411.0,12413.0
1747752285556,,
1747752285711.0,12410.5,12412.5
1747752300322.0,12410.0,12412.0
1747752305472.0,12410.5,12412.5
1747752305925.0,12411.0,12413.0
1747752310388.0,12410.0,12412.0
1747752312283.0,12409.5,12411.5
1747752312508.0,12410.0,12412.0
1747752312733.0,12409.0,12411.0
1747752314339.0,12408.5,12410.5
1747752314563.0,12408.0,12410.0
1747752315213.0,12408.5,12410.5
1747752316142.0,12409.5,12411.5
1747752316367.0,12409.0,12411.0
1747752316788.0,12409.5,12411.5
1747752327719.0,12409.0,12411.0
1747752328975.0,12409.5,12411.5
1747752329444.0,12409.0,12411.0
1747752329648.0,12408.5,12410.5
1747752334477,,
1747752335441.0,12408.0,12410.0
1747752335931.0,12408.5,12410.5
1747752337057.0,12409.0,12411.0
1747752341715.0,12409.5,12411.5
1747752341940.0,12409.0,12411.0
1747752344657.0,12408.5,12410.5
1747752344880.0,12409.0,12411.0
1747752346567.0,12409.5,12411.5
1747752347358.0,12410.0,12412.0
1747752353424.0,12410.5,12412.5
1747752354396.0,12410.0,12412.0
1747752358324.0,12409.5,12411.5
1747752358775.0,12410.0,12412.0
1747752360250.0,12410.5,12412.5
1747752361689.0,12410.0,12412.0
1747752368228,,
1747752369477.0,12409.5,12411.5
1747752369703.0,12409.0,12411.0
1747752370256.0,12409.5,12411.5
1747752370706.0,12410.0,12412.0
1747752372456.0,12409.5,12411.5
1747752374412.0,12409.0,12411.0
1747752375190.0,12408.5,12410.5
1747752375416.0,12409.0,12411.0
1747752376903.0,12409.5,12411.5
1747752377127.0,12409.0,12411.0
1747752382541.0,12408.5,12410.5
1747752382766.0,12409.0,12411.0
1747752394923.0,12408.5,12410.5
1747752398759.0,12408.0,12410.0
1747752398980.0,12407.0,12409.0
1747752399205.0,12407.5,12409.5
1747752399685.0,12407.0,12409.0
1747752400135.0,12407.5,12409.5
1747752400710.0,12407.0,12409.0
1747752408651.0,12407.5,12409.5
1747752409939.0,12408.0,12410.0
1747752410165,,
1747752411582,,
1747752412138.0,12407.5,12409.5
1747752413443.0,12407.0,12409.0
1747752413666.0,12407.5,12409.5
1747752419323.0,12408.0,12410.0
1747752423050.0,12407.5,12409.5
1747752424730.0,12407.0,12409.0
1747752438631.0,12406.5,12408.5
1747752438855.0,12407.0,12409.0
1747752440464.0,12406.5,12408.5
1747752440912.0,12406.0,12408.0
1747752450645.0,12406.5,12408.5
1747752452146.0,12407.0,12409.0
1747752452370,,
1747752454154.0,12406.5,12408.5
1747752454379.0,12406.0,12408.0
1747752457913.0,12405.5,12407.5
1747752458416.0,12406.0,12408.0
1747752461364.0,12405.5,12407.5
1747752461963.0,12405.0,12407.0
1747752463910.0,12405.5,12407.5
1747752464154.0,12406.0,12408.0
1747752466474.0,12405.5,12407.5
1747752466700.0,12406.0,12408.0
1747752469981.0,12406.5,12408.5
1747752470206.0,12406.0,12408.0
1747752472727.0,12406.5,12408.5
1747752473178.0,12406.0,12408.0
1747752473749.0,12406.5,12408.5
1747752473973.0,12406.0,12408.0
1747752474695.0,12406.5,12408.5
1747752475145.0,12406.0,12408.0
1747752478952.0,12406.5,12408.5
1747752482302.0,12406.0,12408.0
1747752491042.0,12406.5,12408.5
1747752491269.0,12406.0,12408.0
1747752492702.0,12406.5,12408.5
1747752492926.0,12406.0,12408.0
1747752496593,,
1747752504444.0,12407.5,12409.5
1747752504669.0,12407.0,12409.0
1747752505363.0,12407.5,12409.5
1747752507761.0,12407.0,12409.0
1747752510494.0,12406.5,12408.5
1747752510719.0,12407.0,12409.0
1747752512055.0,12407.5,12409.5
1747752515021.0,12407.0,12409.0
1747752515245.0,12407.5,12409.5
1747752515470.0,12408.0,12410.0
1747752518355.0,12408.5,12410.5
1747752518579.0,12407.5,12409.5
1747752521988.0,12408.0,12410.0
1747752522225,,
1747752523617.0,12408.5,12410.5
1747752523842.0,12409.0,12411.0
1747752527517.0,12408.5,12410.5
1747752527742.0,12409.0,12411.0
1747752530287.0,12408.5,12410.5
1747752531738.0,12408.0,12410.0
1747752535217.0,12408.5,12410.5
1747752538398.0,12409.0,12411.0
1747752543018.0,12408.5,12410.5
1747752546260.0,12408.0,12410.0
1747752547621.0,12407.5,12409.5
1747752547845.0,12408.0,12410.0
1747752558017.0,12408.5,12410.5
1747752562680.0,12408.0,12410.0
1747752577062.0,12408.5,12410.5
1747752581753.0,12408.0,12410.0
1747752585038.0,12407.5,12409.5
1747752585262.0,12407.0,12409.0
1747752591259.0,12407.5,12409.5
1747752592165.0,12408.0,12410.0
1747752597943.0,12407.5,12409.5
1747752598169.0,12408.0,12410.0
1747752600024.0,12408.1,12410.1
1747752605787.0,12407.6,12409.6
1747752606894.0,12407.1,12409.1
1747752607115.0,12406.1,12408.1
1747752609741.0,12405.6,12407.6
1747752612377.0,12405.1,12407.1
1747752612936.0,12404.6,12406.6
1747752613161.0,12403.6,12405.6
1747752613386.0,12403.1,12405.1
1747752613968.0,12403.6,12405.6
1747752614191.0,12404.1,12406.1
1747752614425.0,12404.6,12406.6
1747752614784.0,12404.1,12406.1
1747752615010.0,12404.6,12406.6
1747752615567.0,12404.1,12406.1
1747752616716.0,12404.6,12406.6
1747752616934.0,12404.1,12406.1
1747752618143.0,12404.6,12406.6
1747752618368.0,12405.1,12407.1
1747752618905.0,12405.6,12407.6
1747752619355.0,12405.1,12407.1
1747752620052.0,12405.6,12407.6
1747752621924.0,12405.1,12407.1
1747752622165.0,12405.6,12407.6
1747752623527.0,12405.1,12407.1
1747752623752,,
1747752629019.0,12405.6,12407.6
1747752634402.0,12405.1,12407.1
1747752634626,,
1747752635916.0,12405.6,12407.6
1747752638407.0,12406.1,12408.1
1747752644858.0,12404.6,12406.6
1747752648297.0,12404.1,12406.1
1747752651327.0,12405.1,12407.1
1747752654233.0,12405.6,12407.6
1747752655834.0,12405.1,12407.1
1747752656058,,
1747752669414.0,12405.6,12407.6
1747752669639.0,12405.1,12407.1
1747752670274.0,12405.6,12407.6
1747752670498,,
1747752671692.0,12405.1,12407.1
1747752678602,,
1747752680864,,
1747752681089.0,12407.1,12409.1
1747752682470.0,12406.1,12408.1
1747752682695.0,12406.6,12408.6
1747752683959.0,12406.1,12408.1
1747752686774,,
1747752687488.0,12405.6,12407.6
1747752687728.0,12406.1,12408.1
1747752687951.0,12405.6,12407.6
1747752689943.0,12406.1,12408.1
1747752690166,,
1747752692434.0,12405.6,12407.6
1747752692657.0,12405.1,12407.1
1747752695651.0,12404.6,12406.6
1747752695878.0,12405.1,12407.1
1747752697016.0,12405.6,12407.6
1747752700919.0,12406.1,12408.1
1747752701143,,
1747752703312.0,12405.6,12407.6
1747752708158.0,12405.1,12407.1
1747752708607.0,12405.6,12407.6
1747752710567.0,12406.1,12408.1
1747752716465.0,12405.6,12407.6
1747752716691.0,12406.1,12408.1
1747752717270.0,12405.6,12407.6
1747752717845.0,12405.1,12407.1
1747752721038.0,12405.6,12407.6
1747752722578.0,12405.1,12407.1
1747752734533.0,12404.6,12406.6
1747752737113.0,12405.1,12407.1
1747752737390.0,12405.6,12407.6
1747752737840.0,12406.1,12408.1
1747752740332.0,12406.6,12408.6
1747752740555.0,12406.1,12408.1
1747752741842.0,12405.6,12407.6
1747752742067.0,12405.1,12407.1
1747752742289.0,12405.6,12407.6
1747752742515.0,12405.1,12407.1
1747752746083.0,12405.6,12407.6
1747752746602.0,12406.1,12408.1
1747752746824.0,12406.6,12408.6
1747752748329.0,12407.1,12409.1
1747752752065.0,12406.6,12408.6
1747752752290.0,12406.1,12408.1
1747752753509.0,12406.6,12408.6
1747752753958.0,12406.1,12408.1
1747752759737.0,12405.6,12407.6
1747752760915.0,12405.1,12407.1
1747752761537.0,12405.6,12407.6
1747752767662.0,12405.1,12407.1
1747752768661.0,12405.6,12407.6
1747752769421.0,12405.1,12407.1
1747752782778.0,12404.1,12406.1
1747752783240,,
1747752786570.0,12403.6,12405.6
1747752786796.0,12403.1,12405.1
1747752795162.0,12402.6,12404.6
1747752795377.0,12402.1,12404.1
1747752799916.0,12402.6,12404.6
1747752800141.0,12403.1,12405.1
1747752804007.0,12402.6,12404.6
1747752804457.0,12403.1,12405.1
1747752805387.0,12402.6,12404.6
1747752805612.0,12403.1,12405.1
1747752806295.0,12402.6,12404.6
1747752806901.0,12402.1,12404.1
1747752807126,,
1747752808317.0,12402.1,12404.1
1747752808926.0,12401.6,12403.6
1747752809149,,
1747752810023,,
1747752810423.0,12402.1,12404.1
1747752814041.0,12402.6,12404.6
1747752814265.0,12402.1,12404.1
1747752845419.0,12401.6,12403.6
1747752847769.0,12401.1,12403.1
1747752849874.0,12400.6,12402.6
1747752850097.0,12400.1,12402.1
1747752853417.0,12399.6,12401.6
1747752853641.0,12399.1,12401.1
1747752854076.0,12399.6,12401.6
1747752856350.0,12399.1,12401.1
1747752856574,,
1747752860439.0,12399.6,12401.6
1747752860662.0,12399.1,12401.1
1747752864055,,
1747752874638.0,12399.6,12401.6
1747752874863.0,12399.1,12401.1
1747752876485.0,12399.6,12401.6
1747752876933,,
1747752877258.0,12400.1,12402.1
1747752877484.0,12399.6,12401.6
1747752877709,,
1747752880079.0,12399.1,12401.1
1747752880304,,
1747752881834.0,12399.6,12401.6
1747752883405.0,12400.1,12402.1
1747752886186.0,12400.1,12402.1
1747752886707.0,12400.6,12402.6
1747752886932.0,12400.1,12402.1
1747752888246.0,12400.6,12402.6
1747752888471.0,12400.1,12402.1
1747752889443.0,12400.6,12402.6
1747752890308.0,12401.1,12403.1
1747752891314.0,12401.6,12403.6
1747752891538.0,12401.1,12403.1
1747752895356.0,12400.1,12402.1
1747752897977.0,12399.6,12401.6
1747752898202.0,12399.1,12401.1
1747752900020.0,12398.6,12400.6
1747752900244.0,12399.1,12401.1
1747752908997.0,12398.6,12400.6
1747752909220.0,12398.1,12400.1
1747752911887.0,12398.6,12400.6
1747752913135.0,12398.1,12400.1
1747752913359,,
1747752913585.0,12399.1,12401.1
1747752916732.0,12399.6,12401.6
1747752916958.0,12400.6,12402.6
1747752917182.0,12400.1,12402.1
1747752918649.0,12399.6,12401.6
1747752920186.0,12399.1,12401.1
1747752922003.0,12399.1,12401.1
1747752929582.0,12400.6,12402.6
1747752929806.0,12400.1,12402.1
1747752932478.0,12400.6,12402.6
1747752932703.0,12401.1,12403.1
1747752935462.0,12401.6,12403.6
1747752935687.0,12402.1,12404.1
1747752936716.0,12401.6,12403.6
1747752936941.0,12401.1,12403.1
1747752937627.0,12401.6,12403.6
1747752938425.0,12401.1,12403.1
1747752942320.0,12400.6,12402.6
1747752942544.0,12400.1,12402.1
1747752946994.0,12399.6,12401.6
1747752947219.0,12399.1,12401.1
1747752956110.0,12398.6,12400.6
1747752957767.0,12398.1,12400.1
1747752960830.0,12398.6,12400.6
1747752961276.0,12398.1,12400.1
1747752963250.0,12397.6,12399.6
1747752963489.0,12398.1,12400.1
1747752963715.0,12398.6,12400.6
1747752963924.0,12398.1,12400.1
1747752966303.0,12398.6,12400.6
1747752970211.0,12398.1,12400.1
1747752970434,,
1747752970956.0,12397.6,12399.6
1747752971181.0,12398.1,12400.1
1747752972041.0,12398.6,12400.6
1747752972263.0,12398.1,12400.1
1747752974015.0,12397.6,12399.6
1747752974245.0,12397.1,12399.1
1747752977810,,
1747752978035.0,12398.6,12400.6
1747752979077.0,12398.1,12400.1
1747752979303,,
1747752980466.0,12398.6,12400.6
1747752980693.0,12398.1,12400.1
1747752980917.0,12399.1,12401.1
1747752984532.0,12399.6,12401.6
1747752986181.0,12400.1,12402.1
1747752989596.0,12399.6,12401.6
1747752989835,,
1747752991247.0,12400.1,12402.1
1747752991469,,
1747752992284.0,12400.6,12402.6
1747752992509.0,12401.1,12403.1
1747752993484.0,12400.6,12402.6
1747752993705.0,12400.1,12402.1
1747752994073.0,12400.6,12402.6
1747752994298.0,12400.1,12402.1
1747753001612.0,12400.6,12402.6
1747753001838.0,12401.1,12403.1
1747753002225.0,12400.6,12402.6
1747753002448.0,12400.1,12402.1
1747753012370.0,12399.6,12401.6
1747753013588.0,12400.1,12402.1
1747753014315.0,12399.6,12401.6
1747753015478.0,12400.1,12402.1
1747753016815.0,12400.6,12402.6
1747753017037.0,12401.1,12403.1
1747753017259.0,12400.6,12402.6
1747753018582.0,12401.1,12403.1
1747753018808,,
1747753019053.0,12400.6,12402.6
1747753019293.0,12399.6,12401.6
1747753019502.0,12399.1,12401.1
1747753020098.0,12398.6,12400.6
1747753020313.0,12399.1,12401.1
1747753020943.0,12398.1,12400.1
1747753025597.0,12398.6,12400.6
1747753025821.0,12398.1,12400.1
1747753027462.0,12398.6,12400.6
1747753027687.0,12399.1,12401.1
1747753034475.0,12400.1,12402.1
1747753034701.0,12401.1,12403.1
1747753035620.0,12400.6,12402.6
1747753035845.0,12401.1,12403.1
1747753036294.0,12400.6,12402.6
1747753036890.0,12400.1,12402.1
1747753037313.0,12399.6,12401.6
1747753038266.0,12400.1,12402.1
1747753040100.0,12400.6,12402.6
1747753041963.0,12401.1,12403.1
1747753043018,,
1747753048958.0,12401.6,12403.6
1747753051143.0,12402.1,12404.1
1747753051491.0,12401.6,12403.6
1747753051716.0,12402.1,12404.1
1747753052023.0,12401.6,12403.6
1747753054337.0,12401.1,12403.1
1747753060160.0,12400.6,12402.6
1747753060904,,
1747753061295.0,12400.1,12402.1
1747753061518,,
1747753062718.0,12399.6,12401.6
1747753062941.0,12400.1,12402.1
1747753063393.0,12399.6,12401.6
1747753063759.0,12399.1,12401.1
1747753064566.0,12399.6,12401.6
1747753064791.0,12399.1,12401.1
1747753065927.0,12399.6,12401.6
1747753066151.0,12400.6,12402.6
1747753066744.0,12400.1,12402.1
1747753067069.0,12400.6,12402.6
1747753068022.0,12400.1,12402.1
1747753068303.0,12399.6,12401.6
1747753068526.0,12400.1,12402.1
1747753069211.0,12399.6,12401.6
1747753069434.0,12400.1,12402.1
1747753069660.0,12399.6,12401.6
1747753069868.0,12399.1,12401.1
1747753070607.0,12399.6,12401.6
1747753071125.0,12399.1,12401.1
1747753071349,,
1747753073137.0,12399.6,12401.6
1747753074044.0,12400.1,12402.1
1747753079316.0,12399.6,12401.6
1747753079557.0,12399.1,12401.1
1747753084754.0,12398.6,12400.6
1747753087913.0,12398.1,12400.1
1747753089244,,
1747753096522.0,12397.6,12399.6
1747753096749.0,12398.1,12400.1
1747753098518.0,12397.1,12399.1
1747753101227.0,12398.6,12400.6
1747753101914.0,12399.1,12401.1
1747753102555,,
1747753105046,,
1747753105208.0,12398.6,12400.6
1747753105829.0,12398.1,12400.1
1747753106710.0,12398.6,12400.6
1747753106935.0,12398.1,12400.1
1747753114003.0,12397.6,12399.6
1747753114450.0,12397.6,12399.6
1747753116786.0,12398.1,12400.1
1747753117010,,
1747753118636.0,12397.6,12399.6
1747753118864.0,12397.1,12399.1
1747753119623.0,12396.6,12398.6
1747753120070.0,12396.1,12398.1
1747753124818.0,12395.6,12397.6
1747753125043.0,12396.1,12398.1
1747753132917.0,12396.6,12398.6
1747753133943.0,12396.1,12398.1
1747753137877.0,12396.6,12398.6
1747753138326.0,12397.1,12399.1
1747753140628.0,12398.1,12400.1
1747753143181.0,12399.1,12401.1
1747753143452.0,12398.6,12400.6
1747753143676.0,12398.1,12400.1
1747753143903.0,12397.6,12399.6
1747753144127.0,12398.1,12400.1
1747753144350.0,12397.6,12399.6
1747753146501.0,12398.1,12400.1
1747753150216.0,12398.6,12400.6
1747753150443.0,12399.1,12401.1
1747753155668.0,12399.6,12401.6
1747753157236.0,12399.1,12401.1
1747753157462.0,12399.6,12401.6
1747753157685.0,12400.1,12402.1
1747753159363.0,12399.6,12401.6
1747753159587.0,12400.1,12402.1
1747753163086.0,12399.6,12401.6
1747753163311.0,12400.1,12402.1
1747753164705.0,12399.6,12401.6
1747753166102.0,12400.1,12402.1
1747753171675.0,12399.6,12401.6
1747753171899.0,12400.1,12402.1
1747753172125.0,12399.6,12401.6
1747753173975,,
1747753174950.0,12400.1,12402.1
1747753178295.0,12399.6,12401.6
1747753178518.0,12400.1,12402.1
1747753179228.0,12399.6,12401.6
1747753179452.0,12399.1,12401.1
1747753185036.0,12398.6,12400.6
1747753185262.0,12398.1,12400.1
1747753186925.0,12398.6,12400.6
1747753187151.0,12398.1,12400.1
1747753188042.0,12398.6,12400.6
1747753188266.0,12398.1,12400.1
1747753189107.0,12397.6,12399.6
1747753189558.0,12397.1,12399.1
1747753191376.0,12397.6,12399.6
1747753194290.0,12398.6,12400.6
1747753194874.0,12399.1,12401.1
1747753196118.0,12398.6,12400.6
1747753197755.0,12398.1,12400.1
1747753197978,,
1747753200010.0,12398.0,12400.0
1747753201325.0,12397.5,12399.5
1747753201550.0,12398.0,12400.0
1747753202276.0,12397.5,12399.5
1747753202951.0,12397.0,12399.0
1747753204180.0,12396.5,12398.5
1747753204406.0,12396.0,12398.0
1747753204708.0,12396.5,12398.5
1747753204933.0,12397.0,12399.0
1747753205743.0,12397.5,12399.5
1747753205968.0,12397.0,12399.0
1747753206550.0,12396.5,12398.5
1747753206998.0,12396.0,12398.0
1747753207589,,
1747753209409.0,12395.5,12397.5
1747753209634.0,12396.0,12398.0
1747753219074.0,12395.5,12397.5
1747753219296.0,12396.0,12398.0
1747753222774.0,12395.5,12397.5
1747753222998.0,12395.0,12397.0
1747753223586.0,12394.5,12396.5
1747753224623.0,12395.0,12397.0
1747753224846,,
1747753227845.0,12395.5,12397.5
1747753229211.0,12395.0,12397.0
1747753229435,,
1747753230267,,
1747753234503.0,12395.5,12397.5
1747753234727.0,12396.0,12398.0
1747753241041.0,12396.5,12398.5
1747753241735.0,12398.0,12400.0
1747753244281.0,12398.5,12400.5
1747753251630.0,12397.5,12399.5
1747753251856.0,12397.0,12399.0
1747753254042.0,12397.5,12399.5
1747753255553.0,12398.5,12400.5
1747753256033.0,12399.0,12401.0
1747753256898.0,12399.5,12401.5
1747753257122.0,12399.0,12401.0
1747753257755.0,12399.5,12401.5
1747753262686.0,12399.0,12401.0
1747753262911.0,12399.5,12401.5
1747753264766.0,12399.0,12401.0
1747753264990.0,12399.5,12401.5
1747753266449.0,12399.0,12401.0
1747753266666,,
1747753266910.0,12398.5,12400.5
1747753267133.0,12398.0,12400.0
1747753269847.0,12398.5,12400.5
1747753270056.0,12399.0,12401.0
1747753270747.0,12399.0,12401.0
1747753270970.0,12399.5,12401.5
1747753271195.0,12399.0,12401.0
1747753273648.0,12398.5,12400.5
1747753274124.0,12398.0,12400.0
1747753283041.0,12397.5,12399.5
1747753283267.0,12397.0,12399.0
1747753285202.0,12396.5,12398.5
1747753285427.0,12396.0,12398.0
1747753294576.0,12396.5,12398.5
1747753296044.0,12396.0,12398.0
1747753296631.0,12396.5,12398.5
1747753296851.0,12397.0,12399.0
1747753305196.0,12396.5,12398.5
1747753306163.0,12397.0,12399.0
1747753306388,,
1747753307830.0,12396.5,12398.5
1747753309403.0,12397.0,12399.0
1747753312459,,
1747753313987,,
1747753316463.0,12397.5,12399.5
1747753316688.0,12397.0,12399.0
1747753318751.0,12397.5,12399.5
1747753318975.0,12397.0,12399.0
1747753322067.0,12396.5,12398.5
1747753322925.0,12397.0,12399.0
1747753324035.0,12396.5,12398.5
1747753324261.0,12397.0,12399.0
1747753325054.0,12396.5,12398.5
1747753325534.0,12397.0,12399.0
1747753327038.0,12396.5,12398.5
1747753327455.0,12397.0,12399.0
1747753328115.0,12396.5,12398.5
1747753329575.0,12397.0,12399.0
1747753329802,,
1747753332577.0,12397.5,12399.5
1747753332802.0,12397.0,12399.0
1747753333026.0,12397.5,12399.5
1747753333639.0,12398.0,12400.0
1747753337111.0,12397.5,12399.5
1747753339306.0,12397.0,12399.0
1747753347161.0,12397.5,12399.5
1747753347385.0,12398.0,12400.0
1747753348876.0,12397.5,12399.5
1747753350253.0,12398.0,12400.0
1747753350479.0,12397.5,12399.5
1747753351794.0,12397.0,12399.0
1747753352276.0,12397.5,12399.5
1747753352502.0,12397.0,12399.0
1747753357028.0,12396.5,12398.5
1747753357253.0,12397.0,12399.0
1747753360209.0,12397.5,12399.5
1747753360433.0,12397.0,12399.0
1747753360754.0,12397.5,12399.5
1747753361836.0,12398.0,12400.0
1747753363964.0,12397.5,12399.5
1747753371052.0,12398.0,12400.0
1747753371277,,
1747753374041.0,12398.5,12400.5
1747753376002.0,12398.0,12400.0
1747753377043.0,12398.5,12400.5
1747753381740.0,12399.0,12401.0
1747753383685.0,12398.5,12400.5
1747753386779.0,12398.0,12400.0
1747753387005.0,12397.5,12399.5
1747753387999.0,12397.0,12399.0
1747753388348.0,12396.5,12398.5
1747753389239.0,12396.0,12398.0
1747753390503.0,12396.5,12398.5
1747753390965.0,12396.0,12398.0
1747753393567.0,12396.5,12398.5
1747753393784.0,12398.0,12400.0
1747753394342.0,12397.5,12399.5
1747753394566.0,12397.0,12399.0
1747753395264.0,12397.5,12399.5
1747753395488.0,12397.0,12399.0
1747753397375.0,12397.5,12399.5
1747753397825.0,12397.0,12399.0
1747753399954.0,12397.5,12399.5
1747753400177.0,12397.0,12399.0
1747753403437.0,12397.5,12399.5
1747753403660.0,12397.0,12399.0
1747753407746.0,12397.5,12399.5
1747753407973.0,12398.0,12400.0
1747753411325.0,12398.5,12400.5
1747753417092.0,12398.0,12400.0
1747753420119.0,12397.5,12399.5
1747753421213.0,12397.0,12399.0
1747753422684.0,12397.5,12399.5
1747753423144.0,12397.0,12399.0
1747753423874.0,12397.5,12399.5
1747753424325.0,12398.0,12400.0
1747753425558,,
1747753425785.0,12398.5,12400.5
1747753427422.0,12399.0,12401.0
1747753427647,,
1747753428991.0,12398.5,12400.5
1747753429218.0,12399.0,12401.0
1747753431466.0,12399.5,12401.5
1747753434105.0,12399.0,12401.0
1747753444469.0,12398.5,12400.5
1747753444918.0,12399.0,12401.0
1747753447809.0,12398.5,12400.5
1747753448260.0,12399.0,12401.0
1747753450738.0,12398.5,12400.5
1747753451486.0,12399.0,12401.0
1747753451713,,
1747753457932.0,12398.5,12400.5
1747753460933.0,12399.0,12401.0
1747753461158,,
1747753462736.0,12399.5,12401.5
1747753474862.0,12400.0,12402.0
1747753476889.0,12400.5,12402.5
1747753477135.0,12400.0,12402.0
1747753480215.0,12399.5,12401.5
1747753487823.0,12400.0,12402.0
1747753502276.0,12400.5,12402.5
1747753502503.0,12400.0,12402.0
1747753508191.0,12399.5,12401.5
1747753508975.0,12400.0,12402.0
1747753509196.0,12400.5,12402.5
1747753509423,,
1747753509648.0,12402.0,12404.0
1747753511018.0,12401.5,12403.5
1747753511244.0,12402.0,12404.0
1747753512208.0,12402.5,12404.5
1747753512432.0,12402.0,12404.0
1747753512657.0,12402.5,12404.5
1747753512883.0,12402.0,12404.0
1747753519602,,
1747753522024,,
1747753524239.0,12401.5,12403.5
1747753524465.0,12401.0,12403.0
1747753529969.0,12401.5,12403.5
1747753530432.0,12401.0,12403.0
1747753532115.0,12400.5,12402.5
1747753532339.0,12401.0,12403.0
1747753533291.0,12400.5,12402.5
1747753533524.0,12400.0,12402.0
1747753536755.0,12399.5,12401.5
1747753543763.0,12400.0,12402.0
1747753546077.0,12399.5,12401.5
1747753546298,,
1747753548067.0,12400.0,12402.0
1747753549849.0,12400.5,12402.5
1747753550073.0,12400.0,12402.0
1747753550299.0,12400.5,12402.5
1747753551680.0,12401.0,12403.0
1747753553546.0,12400.5,12402.5
1747753561839.0,12400.0,12402.0
1747753562289.0,12400.5,12402.5
1747753563102.0,12400.0,12402.0
1747753563552.0,12400.5,12402.5
1747753564482.0,12401.0,12403.0
1747753569444.0,12400.5,12402.5
1747753570134.0,12401.0,12403.0
1747753570357.0,12400.5,12402.5
1747753570816.0,12401.0,12403.0
1747753573436.0,12401.5,12403.5
1747753573661.0,12402.0,12404.0
1747753577374,,
1747753579474.0,12402.5,12404.5
1747753579696.0,12402.0,12404.0
1747753585604.0,12402.5,12404.5
1747753585830.0,12403.0,12405.0
1747753586604.0,12402.5,12404.5
1747753587055.0,12403.0,12405.0
1747753590877.0,12403.5,12405.5
1747753592344.0,12403.0,12405.0
1747753592568,,
1747753595833.0,12402.5,12404.5
1747753596057.0,12402.0,12404.0
1747753596702.0,12401.5,12403.5
1747753597152.0,12402.0,12404.0
1747753607958.0,12401.5,12403.5
1747753608184.0,12401.0,12403.0
1747753608408.0,12400.5,12402.5
1747753608834.0,12400.0,12402.0
1747753609935.0,12399.5,12401.5
1747753610151.0,12399.0,12401.0
1747753610373.0,12398.0,12400.0
1747753612585.0,12397.5,12399.5
1747753613061.0,12398.0,12400.0
1747753613554.0,12397.5,12399.5
1747753613777.0,12398.0,12400.0
1747753614241.0,12397.5,12399.5
1747753615190.0,12398.0,12400.0
1747753617055.0,12397.5,12399.5
1747753618047.0,12398.0,12400.0
1747753619422.0,12397.5,12399.5
1747753620239.0,12397.0,12399.0
1747753620742.0,12396.5,12398.5
1747753620967.0,12396.0,12398.0
1747753624690.0,12395.5,12397.5
1747753627179.0,12395.0,12397.0
1747753633308.0,12396.0,12398.0
1747753636861.0,12396.5,12398.5
1747753637087.0,12397.0,12399.0
1747753638130.0,12397.5,12399.5
1747753639479.0,12397.0,12399.0
1747753639704.0,12396.5,12398.5
1747753641047.0,12397.0,12399.0
1747753642175.0,12396.5,12398.5
1747753642625.0,12397.0,12399.0
1747753643465.0,12397.5,12399.5
1747753646927.0,12397.0,12399.0
1747753647150,,
1747753651394.0,12397.5,12399.5
1747753652248.0,12398.0,12400.0
1747753652952,,
1747753654858.0,12398.5,12400.5
1747753657412.0,12399.0,12401.0
1747753660170.0,12398.5,12400.5
1747753660618.0,12399.0,12401.0
1747753668055.0,12399.5,12401.5
1747753671109.0,12399.0,12401.0
1747753671333,,
1747753680230.0,12398.5,12400.5
1747753684281.0,12398.0,12400.0
1747753685280.0,12397.0,12399.0
1747753700355.0,12397.5,12399.5
1747753700580.0,12398.0,12400.0
1747753702697.0,12398.5,12400.5
1747753708083.0,12399.0,12401.0
1747753708605.0,12399.5,12401.5
1747753710487.0,12399.0,12401.0
1747753710707,,
1747753711261.0,12398.5,12400.5
1747753711486.0,12398.0,12400.0
1747753714361.0,12397.5,12399.5
1747753714916.0,12398.0,12400.0
1747753715140.0,12397.5,12399.5
1747753716073.0,12398.0,12400.0
1747753716669.0,12398.5,12400.5
1747753719157.0,12399.0,12401.0
1747753719381,,
1747753720240,,
1747753725379.0,12399.5,12401.5
1747753733595.0,12400.5,12402.5
1747753733819.0,12401.0,12403.0
1747753737976.0,12400.5,12402.5
1747753744083.0,12401.0,12403.0
1747753744309,,
1747753760858.0,12401.5,12403.5
1747753763988.0,12402.0,12404.0
1747753770164.0,12402.5,12404.5
1747753775888.0,12402.0,12404.0
1747753776113.0,12401.5,12403.5
1747753783107,,
1747753785242.0,12401.0,12403.0
1747753788728.0,12400.5,12402.5
1747753789211.0,12401.0,12403.0
1747753789435,,
1747753800009.0,12400.6,12402.6
1747753801803.0,12401.1,12403.1
1747753802253.0,12400.6,12402.6
1747753803360.0,12401.1,12403.1
1747753803808.0,12400.6,12402.6
1747753807943.0,12401.1,12403.1
1747753808166.0,12401.6,12403.6
1747753823355.0,12401.1,12403.1
1747753823599.0,12401.6,12403.6
1747753823823.0,12401.1,12403.1
1747753825602,,
1747753825737.0,12400.6,12402.6
1747753826738.0,12401.1,12403.1
1747753826963.0,12401.6,12403.6
1747753828230.0,12402.1,12404.1
1747753831691.0,12403.1,12405.1
1747753832009.0,12402.6,12404.6
1747753832818.0,12402.1,12404.1
1747753833043.0,12402.6,12404.6
1747753833563.0,12402.1,12404.1
1747753833788.0,12402.6,12404.6
1747753837651.0,12402.1,12404.1
1747753842948.0,12402.6,12404.6
1747753843172,,
1747753844024,,
1747753845753,,
1747753852226.0,12402.1,12404.1
1747753853762.0,12402.6,12404.6
1747753854227,,
1747753856045.0,12402.1,12404.1
1747753857643,,
1747753858475.0,12402.6,12404.6
1747753858699,,
1747753859718.0,12402.1,12404.1
1747753861002.0,12402.6,12404.6
1747753864099.0,12403.1,12405.1
1747753865013.0,12402.6,12404.6
1747753865238.0,12402.1,12404.1
1747753867268.0,12401.6,12403.6
1747753873505.0,12402.1,12404.1
1747753879881.0,12401.6,12403.6
1747753880108,,
1747753886339.0,12402.1,12404.1
1747753888721.0,12402.6,12404.6
1747753896523.0,12403.1,12405.1
1747753896971.0,12405.6,12407.6
1747753897245,,
1747753898025.0,12404.6,12406.6
1747753898877.0,12404.1,12406.1
1747753902767.0,12403.6,12405.6
1747753903278.0,12404.1,12406.1
1747753904711.0,12404.6,12406.6
1747753924035.0,12404.1,12406.1
1747753924261.0,12404.6,12406.6
1747753927885.0,12405.1,12407.1
1747753931555.0,12404.6,12406.6
1747753931779,,
1747753941995.0,12405.1,12407.1
1747753948428.0,12405.6,12407.6
1747753954066.0,12406.6,12408.6
1747753954369.0,12406.1,12408.1
1747753954593.0,12406.6,12408.6
1747753956327.0,12407.1,12409.1
1747753957310.0,12407.6,12409.6
1747753957533.0,12407.1,12409.1
1747753960340.0,12407.6,12409.6
1747753960563.0,12407.1,12409.1
1747753973082.0,12406.1,12408.1
1747753977025,,
1747753980150.0,12406.6,12408.6
1747753980374.0,12407.1,12409.1
1747753982245.0,12406.6,12408.6
1747753982469,,
1747753990432.0,12407.1,12409.1
1747753990659.0,12406.6,12408.6
1747753992486.0,12407.1,12409.1
1747753994317.0,12407.6,12409.6
1747753995151.0,12408.1,12410.1
1747753996164.0,12408.6,12410.6
1747753996480.0,12409.1,12411.1
1747753997845.0,12408.6,12410.6
1747753998069,,
1747753998509.0,12409.1,12411.1
1747754002667.0,12410.6,12412.6
1747754003189.0,12411.1,12413.1
1747754003414.0,12410.6,12412.6
1747754003853.0,12411.1,12413.1
1747754004076.0,12410.6,12412.6
1747754014989,,
1747754027017.0,12411.1,12413.1
1747754027233.0,12412.1,12414.1
1747754028252.0,12412.6,12414.6
1747754030562.0,12413.1,12415.1
1747754031304,,
1747754033054.0,12413.6,12415.6
1747754033282,,
1747754033959.0,12414.1,12416.1
1747754034182.0,12413.1,12415.1
1747754036438.0,12412.6,12414.6
1747754039895.0,12413.6,12415.6
1747754053568.0,12414.1,12416.1
1747754053792,,
1747754058061.0,12414.6,12416.6
1747754058287.0,12414.1,12416.1
1747754058512.0,12413.6,12415.6
1747754058736.0,12414.1,12416.1
1747754060079.0,12413.6,12415.6
1747754060308,,
1747754064124.0,12413.1,12415.1
1747754065242.0,12413.6,12415.6
1747754065467.0,12414.1,12416.1
1747754070747.0,12413.6,12415.6
1747754070966.0,12413.1,12415.1
1747754071219.0,12413.6,12415.6
1747754071443,,
1747754075602.0,12414.1,12416.1
1747754079217.0,12413.6,12415.6
1747754079441,,
1747754080654.0,12414.1,12416.1
1747754081772.0,12413.6,12415.6
1747754082726.0,12413.1,12415.1
1747754082961.0,12412.6,12414.6
1747754083891.0,12412.1,12414.1
1747754084115.0,12412.6,12414.6
1747754084341.0,12413.6,12415.6
1747754085324.0,12414.1,12416.1
1747754088033.0,12413.6,12415.6
1747754088519.0,12414.1,12416.1
1747754089848.0,12414.6,12416.6
1747754091762.0,12415.1,12417.1
1747754093784.0,12415.6,12417.6
1747754095587.0,12416.1,12418.1
1747754095811.0,12415.6,12417.6
1747754097816.0,12416.1,12418.1
1747754098059.0,12415.6,12417.6
1747754101357.0,12416.1,12418.1
1747754104115.0,12416.6,12418.6
1747754106437.0,12416.1,12418.1
1747754106661,,
1747754107446.0,12415.6,12417.6
1747754107671,,
1747754108617.0,12415.1,12417.1
1747754110016.0,12414.6,12416.6
1747754112896.0,12414.1,12416.1
1747754113123.0,12413.6,12415.6
1747754113346.0,12415.1,12417.1
1747754114095.0,12414.6,12416.6
1747754115459.0,12415.1,12417.1
1747754118579.0,12414.6,12416.6
1747754118803,,
1747754120192.0,12414.1,12416.1
1747754120641.0,12413.6,12415.6
1747754130183.0,12413.1,12415.1
1747754130407.0,12413.6,12415.6
1747754135719.0,12414.1,12416.1
1747754135944.0,12414.6,12416.6
1747754139122.0,12415.1,12417.1
1747754139346.0,12414.6,12416.6
1747754150584.0,12415.1,12417.1
1747754150810.0,12415.6,12417.6
1747754162495.0,12415.1,12417.1
1747754162719.0,12414.6,12416.6
1747754163798.0,12415.1,12417.1
1747754164022.0,12415.6,12417.6
1747754164280.0,12415.1,12417.1
1747754170565.0,12415.6,12417.6
1747754170790,,
1747754172826.0,12416.1,12418.1
1747754178910.0,12415.6,12417.6
1747754179135,,
1747754185831,,
1747754186657.0,12416.6,12418.6
1747754187440.0,12417.1,12419.1
1747754189330.0,12416.6,12418.6
1747754189553,,
1747754203759.0,12416.1,12418.1
1747754205818.0,12416.6,12418.6
1747754208846.0,12416.1,12418.1
1747754209690.0,12416.6,12418.6
1747754209914,,
1747754212937.0,12417.1,12419.1
1747754219647.0,12416.6,12418.6
1747754219870.0,12415.6,12417.6
1747754232483,,
1747754236668.0,12416.1,12418.1
1747754236892,,
1747754239054.0,12415.6,12417.6
1747754239277,,
1747754243813,,
1747754250988.0,12416.1,12418.1
1747754251232.0,12416.6,12418.6
1747754255883.0,12417.1,12419.1
1747754257443.0,12417.6,12419.6
1747754259176.0,12418.6,12420.6
1747754260155.0,12418.1,12420.1
1747754260371.0,12418.6,12420.6
1747754264999.0,12419.1,12421.1
1747754266611,,
1747754272991.0,12418.6,12420.6
1747754275166.0,12418.1,12420.1
1747754275391.0,12418.6,12420.6
1747754280829.0,12419.1,12421.1
1747754286090.0,12418.6,12420.6
1747754286316,,
1747754290220.0,12418.1,12420.1
1747754291825.0,12418.6,12420.6
1747754292048,,
1747754296491.0,12419.1,12421.1
1747754296715.0,12418.6,12420.6
1747754303505,,
1747754313284.0,12420.1,12422.1
1747754314299,,
1747754316197.0,12420.6,12422.6
1747754316422,,
1747754321371.0,12419.6,12421.6
1747754322996.0,12420.1,12422.1
1747754324315.0,12420.6,12422.6
1747754339590.0,12421.1,12423.1
1747754340268,,
1747754340494.0,12421.6,12423.6
1747754344259.0,12420.6,12422.6
1747754345054.0,12420.1,12422.1
1747754345279.0,12420.6,12422.6
1747754346511.0,12420.1,12422.1
1747754346736.0,12419.6,12421.6
1747754348203,,
1747754353950.0,12419.1,12421.1
1747754354175.0,12419.6,12421.6
1747754354910.0,12419.1,12421.1
1747754355360.0,12419.6,12421.6
1747754357888,,
1747754359772.0,12419.1,12421.1
1747754359998.0,12419.6,12421.6
1747754362601.0,12420.1,12422.1
1747754362823,,
1747754363048.0,12419.6,12421.6
1747754365350,,
1747754366180.0,12420.1,12422.1
1747754367567.0,12420.6,12422.6
1747754367790.0,12420.1,12422.1
1747754369054,,
1747754370284,,
1747754371167,,
1747754371392.0,12419.6,12421.6
1747754372852.0,12420.1,12422.1
1747754377131,,
1747754384255,,
1747754384481.0,12420.6,12422.6
1747754387026.0,12420.1,12422.1
1747754387250,,
1747754387741.0,12420.6,12422.6
1747754387965,,
1747754391022.0,12420.1,12422.1
1747754392027.0,12420.6,12422.6
1747754392253,,
1747754394957,,
1747754396029,,
1747754396589.0,12421.1,12423.1
1747754397038.0,12420.1,12422.1
1747754398025,,
1747754399050.0,12419.6,12421.6
1747754400241.0,12420.6,12422.6
1747754400633.0,12420.1,12422.1
1747754400860,,
1747754406671.0,12420.6,12422.6
1747754406957.0,12420.1,12422.1
1747754407185.0,12420.6,12422.6
1747754407922.0,12421.1,12423.1
1747754409117.0,12420.6,12422.6
1747754409342,,
1747754410359.0,12420.1,12422.1
1747754410588.0,12420.6,12422.6
1747754412250.0,12415.1,12417.1
1747754412476.0,12416.1,12418.1
1747754413353.0,12416.6,12418.6
1747754416217.0,12416.1,12418.1
1747754424022.0,12416.6,12418.6
1747754424248.0,12417.1,12419.1
1747754442067.0,12416.6,12418.6
1747754442293.0,12415.6,12417.6
1747754442533.0,12416.1,12418.1
1747754446532.0,12416.6,12418.6
1747754446763,,
1747754449278.0,12416.1,12418.1
1747754449501,,
1747754450113.0,12416.1,12418.1
1747754450338.0,12416.6,12418.6
1747754450562.0,12416.1,12418.1
1747754457154.0,12415.1,12417.1
1747754460117.0,12414.1,12416.1
1747754460416.0,12414.6,12416.6
1747754460639,,
1747754460864.0,12414.1,12416.1
1747754461246.0,12414.6,12416.6
1747754461468,,
1747754461853.0,12414.1,12416.1
1747754462079.0,12414.6,12416.6
1747754464037.0,12414.1,12416.1
1747754464260.0,12414.6,12416.6
1747754464485.0,12415.6,12417.6
1747754466614.0,12416.1,12418.1
1747754467066.0,12415.6,12417.6
1747754467389,,
1747754468506.0,12416.1,12418.1
1747754470031.0,12415.6,12417.6
1747754470253.0,12416.1,12418.1
1747754471259.0,12417.1,12419.1
1747754471482.0,12416.6,12418.6
1747754474750.0,12417.1,12419.1
1747754477021.0,12417.6,12419.6
1747754477245.0,12417.1,12419.1
1747754477471.0,12418.1,12420.1
1747754477696.0,12417.6,12419.6
1747754480069.0,12417.1,12419.1
1747754480294.0,12417.6,12419.6
1747754481138,,
1747754481323.0,12418.1,12420.1
1747754482667.0,12417.6,12419.6
1747754483511.0,12418.1,12420.1
1747754484442.0,12417.6,12419.6
1747754489752.0,12417.1,12419.1
1747754489975,,
1747754505630.0,12416.6,12418.6
1747754505854,,
1747754506079.0,12417.1,12419.1
1747754506821.0,12416.6,12418.6
1747754508040.0,12417.1,12419.1
1747754511900.0,12418.1,12420.1
1747754513976.0,12418.6,12420.6
1747754517595.0,12419.1,12421.1
1747754518895.0,12418.6,12420.6
1747754519116,,
1747754519344.0,12418.1,12420.1
1747754523674.0,12418.6,12420.6
1747754523898.0,12419.1,12421.1
1747754528885.0,12419.6,12421.6
1747754529646.0,12419.1,12421.1
1747754543817.0,12418.1,12420.1
1747754547982,,
1747754550350.0,12417.6,12419.6
1747754550606.0,12418.1,12420.1
1747754563691.0,12417.6,12419.6
1747754563915,,
1747754566452.0,12417.1,12419.1
1747754571875.0,12417.6,12419.6
1747754572096.0,12418.1,12420.1
1747754576257,,
1747754585260,,
1747754586140.0,12417.1,12419.1
1747754586363,,
1747754586984.0,12416.6,12418.6
1747754587220.0,12417.1,12419.1
1747754594266.0,12416.6,12418.6
1747754594490,,
1747754598602.0,12416.1,12418.1
1747754607144.0,12416.6,12418.6
1747754607368.0,12417.1,12419.1
1747754607819.0,12416.6,12418.6
1747754610072.0,12416.1,12418.1
1747754613192.0,12417.1,12419.1
1747754613415,,
1747754614449.0,12416.6,12418.6
1747754614673.0,12416.1,12418.1
1747754623125.0,12416.6,12418.6
1747754623351,,
1747754623995.0,12416.1,12418.1
1747754627229,,
1747754628996,,
1747754631226.0,12416.6,12418.6
1747754631451.0,12417.1,12419.1
1747754634147,,
1747754635633.0,12418.1,12420.1
1747754635855.0,12417.1,12419.1
1747754638395.0,12417.6,12419.6
1747754638611,,
1747754642639.0,12417.1,12419.1
1747754643221.0,12417.6,12419.6
1747754645271.0,12417.1,12419.1
1747754645731.0,12417.6,12419.6
1747754648134.0,12417.1,12419.1
1747754648583.0,12417.6,12419.6
1747754648807.0,12417.1,12419.1
1747754657702.0,12418.1,12420.1
1747754657926,,
1747754658598.0,12417.6,12419.6
1747754658821,,
1747754661032.0,12417.1,12419.1
1747754661858.0,12417.6,12419.6
1747754662081.0,12418.1,12420.1
1747754664612.0,12419.1,12421.1
1747754668398.0,12418.6,12420.6
1747754668621.0,12419.1,12421.1
1747754670674,,
1747754671217.0,12418.6,12420.6
1747754671722.0,12419.1,12421.1
1747754679462.0,12418.6,12420.6
1747754679685,,
1747754680208.0,12418.1,12420.1
1747754684042,,
1747754688965.0,12418.6,12420.6
1747754690403.0,12418.1,12420.1
1747754690628.0,12418.6,12420.6
1747754692090.0,12418.1,12420.1
1747754692312.0,12419.1,12421.1
1747754695845.0,12418.6,12420.6
1747754696069.0,12418.1,12420.1
1747754700094,,
1747754703279,,
1747754703506.0,12419.1,12421.1
1747754704520.0,12418.6,12420.6
1747754704746.0,12419.1,12421.1
1747754706424.0,12419.6,12421.6
1747754709230.0,12420.1,12422.1
1747754714345,,
1747754716104,,
1747754716733.0,12419.1,12421.1
1747754717810.0,12419.6,12421.6
1747754718034.0,12419.1,12421.1
1747754721885.0,12418.6,12420.6
1747754722111.0,12418.1,12420.1
1747754729185.0,12418.6,12420.6
1747754729410.0,12419.1,12421.1
1747754732991.0,12418.1,12420.1
1747754736539,,
1747754739024.0,12417.6,12419.6
1747754739249,,
1747754739768.0,12417.1,12419.1
1747754743999.0,12417.6,12419.6
1747754744223.0,12418.1,12420.1
1747754749172.0,12419.1,12421.1
1747754758288.0,12418.6,12420.6
1747754758511.0,12418.1,12420.1
1747754759959.0,12417.1,12419.1
1747754761363.0,12416.1,12418.1
1747754763373.0,12415.6,12417.6
1747754765124.0,12415.1,12417.1
1747754766379,,
1747754766886.0,12416.1,12418.1
1747754768895.0,12415.6,12417.6
1747754769120.0,12415.1,12417.1
1747754775821.0,12415.6,12417.6
1747754776047.0,12416.1,12418.1
1747754778316,,
1747754779362.0,12416.6,12418.6
1747754779595,,
1747754781148.0,12417.1,12419.1
1747754783180.0,12416.6,12418.6
1747754783404.0,12416.1,12418.1
1747754786299,,
1747754789977.0,12415.1,12417.1
1747754791444,,
1747754795029,,
1747754798109.0,12414.6,12416.6
1747754798333.0,12414.1,12416.1
1747754798559.0,12415.1,12417.1
1747754799049.0,12414.1,12416.1
1747754799273,,
1747754800013.0,12414.6,12416.6
1747754800236.0,12414.1,12416.1
1747754801409.0,12415.1,12417.1
1747754807293,,
1747754807799.0,12414.6,12416.6
1747754808023.0,12414.1,12416.1
1747754811366,,
1747754814504,,
1747754817851.0,12413.1,12415.1
1747754818074.0,12414.1,12416.1
1747754818436.0,12413.6,12415.6
1747754818660,,
1747754818884.0,12413.1,12415.1
1747754821143,,
1747754826706.0,12414.1,12416.1
1747754830842,,
1747754833002.0,12413.1,12415.1
1747754836752.0,12412.6,12414.6
1747754836995.0,12412.1,12414.1
1747754839765.0,12413.1,12415.1
1747754842414,,
1747754842902.0,12412.6,12414.6
1747754843128.0,12412.1,12414.1
1747754843914.0,12412.6,12414.6
1747754844139.0,12412.1,12414.1
1747754849217,,
1747754849318.0,12411.1,12413.1
1747754850310.0,12410.6,12412.6
1747754850940,,
1747754852120.0,12410.1,12412.1
1747754852342,,
1747754852568.0,12411.1,12413.1
1747754852793.0,12410.6,12412.6
1747754853018.0,12410.1,12412.1
1747754853559.0,12410.6,12412.6
1747754853783.0,12410.1,12412.1
1747754854008.0,12411.1,12413.1
1747754856774,,
1747754858730.0,12410.1,12412.1
1747754861591.0,12410.6,12412.6
1747754862382.0,12411.1,12413.1
1747754862624.0,12410.1,12412.1
1747754863420.0,12410.6,12412.6
1747754863644.0,12410.1,12412.1
1747754866969.0,12409.6,12411.6
1747754867521.0,12409.1,12411.1
1747754867746,,
1747754869532,,
1747754870768.0,12410.1,12412.1
1747754875442.0,12409.1,12411.1
1747754875664.0,12410.1,12412.1
1747754879074,,
1747754880651,,
1747754882110,,
1747754884113,,
1747754885372.0,12410.6,12412.6
1747754888027.0,12411.1,12413.1
1747754888250.0,12410.1,12412.1
1747754892110.0,12409.6,12411.6
1747754892335.0,12411.1,12413.1
1747754892976.0,12412.6,12414.6
1747754893202.0,12412.1,12414.1
1747754897321.0,12411.1,12413.1
1747754901774.0,12410.1,12412.1
1747754901999,,
1747754904363.0,12410.6,12412.6
1747754904585.0,12410.1,12412.1
1747754910075.0,12409.6,12411.6
1747754910299.0,12409.1,12411.1
1747754911908.0,12408.1,12410.1
1747754912133.0,12409.1,12411.1
1747754912359,,
1747754914208.0,12408.1,12410.1
1747754918259.0,12407.6,12409.6
1747754918481.0,12407.1,12409.1
1747754921815.0,12406.6,12408.6
1747754922040.0,12407.1,12409.1
1747754927666.0,12407.6,12409.6
1747754927890.0,12406.1,12408.1
1747754933919.0,12406.6,12408.6
1747754934145.0,12406.1,12408.1
1747754936935.0,12406.6,12408.6
1747754937160.0,12406.1,12408.1
1747754940087.0,12408.1,12410.1
1747754941248,,
1747754941474.0,12409.1,12411.1
1747754941698.0,12410.1,12412.1
1747754943937.0,12411.1,12413.1
1747754944162.0,12411.6,12413.6
1747754944387.0,12411.1,12413.1
1747754945311.0,12412.1,12414.1
1747754947016.0,12411.6,12413.6
1747754947240.0,12411.1,12413.1
1747754950394.0,12410.6,12412.6
1747754950617.0,12409.1,12411.1
1747754951311.0,12409.6,12411.6
1747754951534.0,12409.1,12411.1
1747754952151.0,12409.6,12411.6
1747754952588.0,12409.1,12411.1
1747754954316,,
1747754955649,,
1747754956108.0,12409.6,12411.6
1747754956331,,
1747754958616.0,12410.1,12412.1
1747754958839.0,12409.6,12411.6
1747754959066.0,12409.1,12411.1
1747754959575,,
1747754960674,,
1747754961835.0,12408.1,12410.1
1747754962059,,
1747754962286,,
1747754965079,,
1747754965304.0,12408.6,12410.6
1747754965530.0,12408.1,12410.1
1747754966245.0,12409.1,12411.1
1747754968634,,
1747754969252.0,12408.1,12410.1
1747754969713.0,12407.1,12409.1
1747754970584.0,12407.6,12409.6
1747754970808.0,12407.1,12409.1
1747754971033.0,12407.6,12409.6
1747754971257.0,12407.1,12409.1
1747754971709.0,12407.6,12409.6
1747754971933.0,12408.1,12410.1
1747754972816.0,12408.6,12410.6
1747754973041.0,12409.1,12411.1
1747754973873.0,12408.6,12410.6
1747754974102.0,12408.1,12410.1
1747754974324.0,12407.1,12409.1
1747754976025,,
1747754976250.0,12406.1,12408.1
1747754978520,,
1747754980286.0,12405.6,12407.6
1747754980429.0,12405.1,12407.1
1747754981671.0,12405.6,12407.6
1747754982145,,
1747754982369,,
1747754982824.0,12405.1,12407.1
1747754983047,,
1747754983274.0,12404.6,12406.6
1747754984077.0,12404.1,12406.1
1747754984305.0,12404.6,12406.6
1747754984658.0,12405.1,12407.1
1747754985109.0,12404.6,12406.6
1747754985632,,
1747754986020.0,12405.1,12407.1
1747754986244,,
1747754987024,,
1747754987250.0,12404.1,12406.1
1747754987723.0,12404.6,12406.6
1747754987947,,
1747754988398,,
1747754988858.0,12405.1,12407.1
1747754989794.0,12405.6,12407.6
1747754990038.0,12405.1,12407.1
1747754990263,,
1747754990858.0,12405.6,12407.6
1747754991084.0,12405.1,12407.1
1747754991587.0,12405.6,12407.6
1747754991812.0,12406.1,12408.1
1747754992036,,
1747754992260,,
1747754992486,,
1747754992850.0,12406.6,12408.6
1747754993074,,
1747754993505.0,12407.1,12409.1
1747754993728.0,12406.6,12408.6
1747754993953.0,12406.1,12408.1
1747754994180.0,12406.6,12408.6
1747754994405.0,12406.1,12408.1
1747754994628.0,12407.1,12409.1
1747754994856.0,12406.6,12408.6
1747754995303,,
1747754995833.0,12407.1,12409.1
1747754996056.0,12406.1,12408.1
1747754996665,,
1747754997084.0,12406.6,12408.6
1747754997308.0,12407.1,12409.1
1747754997532,,
1747754997847.0,12406.6,12408.6
1747754998072.0,12408.1,12410.1
1747754998299.0,12407.1,12409.1
1747754998522.0,12407.6,12409.6
1747754998972,,
1747754999195,,
1747754999421.0,12407.1,12409.1
1747754999873.0,12407.6,12409.6
1747755000128.0,12408.1,12410.1
1747755000322.0,12407.6,12409.6
1747755000546.0,12408.1,12410.1
1747755000772,,
1747755001584.0,12407.6,12409.6
1747755001881.0,12408.1,12410.1
1747755002106.0,12407.6,12409.6
1747755002556.0,12407.1,12409.1
1747755003088.0,12407.6,12409.6
1747755003309,,
1747755003538.0,12407.1,12409.1
1747755003761,,
1747755004431,,
1747755004657.0,12406.1,12408.1
1747755005320.0,12406.6,12408.6
1747755005545.0,12407.1,12409.1
1747755005770.0,12406.1,12408.1
1747755006315,,
1747755007208.0,12405.6,12407.6
1747755007434.0,12406.1,12408.1
1747755009509.0,12405.1,12407.1
1747755009733,,
1747755010346,,
1747755011048,,
1747755011809,,
1747755013712,,
1747755016661.0,12405.6,12407.6
1747755016885.0,12405.1,12407.1
1747755017237.0,12405.6,12407.6
1747755017464.0,12405.1,12407.1
1747755017911.0,12405.6,12407.6
1747755018359,,
1747755018583,,
1747755019331.0,12405.1,12407.1
1747755020346.0,12404.1,12406.1
1747755020571,,
1747755021022.0,12404.6,12406.6
1747755021246.0,12405.1,12407.1
1747755022148.0,12404.1,12406.1
1747755022626.0,12403.6,12405.6
1747755023775.0,12404.1,12406.1
1747755025302,,
1747755025528.0,12403.6,12405.6
1747755025754.0,12404.1,12406.1
1747755026495,,
1747755026720,,
1747755027559.0,12404.6,12406.6
1747755027803.0,12404.1,12406.1
1747755028721,,
1747755028946.0,12403.6,12405.6
1747755029483.0,12404.1,12406.1
1747755029707.0,12403.6,12405.6
1747755030285.0,12403.1,12405.1
1747755030509.0,12403.6,12405.6
1747755030732.0,12404.1,12406.1
1747755032963.0,12404.6,12406.6
1747755033192.0,12403.6,12405.6
1747755033525.0,12404.1,12406.1
1747755039103.0,12403.6,12405.6
1747755039326.0,12404.1,12406.1
1747755041054.0,12404.6,12406.6
1747755041280.0,12404.1,12406.1
1747755041518.0,12403.6,12405.6
1747755041727.0,12404.1,12406.1
1747755043249,,
1747755043474,,
1747755045726,,
1747755046407,,
1747755047206,,
1747755048541.0,12404.6,12406.6
1747755048766.0,12404.1,12406.1
1747755049011.0,12404.6,12406.6
1747755049236.0,12404.1,12406.1
1747755049461.0,12404.6,12406.6
1747755049683.0,12405.1,12407.1
1747755049911.0,12404.1,12406.1
1747755050134,,
1747755050361.0,12404.6,12406.6
1747755050585.0,12405.1,12407.1
1747755054392.0,12404.1,12406.1
1747755055029.0,12403.6,12405.6
1747755055253.0,12403.1,12405.1
1747755056727,,
1747755058273,,
1747755059028.0,12402.1,12404.1
1747755059252.0,12403.1,12405.1
1747755059687,,
1747755061949.0,12402.1,12404.1
1747755062123,,
1747755062586,,
1747755063242,,
1747755063438,,
1747755065725,,
1747755066388,,
1747755068161.0,12402.6,12404.6
1747755068384,,
1747755068610.0,12402.1,12404.1
1747755068836.0,12402.6,12404.6
1747755069061.0,12403.1,12405.1
1747755071265,,
1747755071705.0,12403.1,12405.1
1747755073514,,
1747755074143.0,12404.1,12406.1
1747755076104.0,12403.6,12405.6
1747755076330,,
1747755076768.0,12404.1,12406.1
1747755076993.0,12403.1,12405.1
1747755077230.0,12403.6,12405.6
1747755077711.0,12403.1,12405.1
1747755078874,,
1747755083135.0,12404.1,12406.1
1747755084035,,
1747755084480.0,12403.1,12405.1
1747755085142,,
1747755085806.0,12404.1,12406.1
1747755094715,,
1747755095668,,
1747755099590,,
1747755100033.0,12404.6,12406.6
1747755100257.0,12405.1,12407.1
1747755101297.0,12404.6,12406.6
1747755101521.0,12404.1,12406.1
1747755106228,,
1747755110070,,
1747755110334.0,12403.6,12405.6
1747755110559.0,12404.1,12406.1
1747755111229.0,12403.6,12405.6
1747755111599,,
1747755112022.0,12404.1,12406.1
1747755112245.0,12403.1,12405.1
1747755113987,,
1747755114920.0,12404.6,12406.6
1747755115441.0,12405.1,12407.1
1747755116190,,
1747755117484.0,12404.6,12406.6
1747755117708.0,12405.1,12407.1
1747755119821.0,12404.6,12406.6
1747755121011.0,12405.1,12407.1
1747755121464,,
1747755125437,,
1747755130092.0,12404.1,12406.1
1747755131837,,
1747755132463,,
1747755138824.0,12405.1,12407.1
1747755139733.0,12404.1,12406.1
1747755139959,,
1747755143756,,
1747755145288,,
1747755147553,,
