1747749487477.0,8382.4,8385.4
1747749488377.0,8382.9,8385.9
1747749490745.0,8382.4,8385.4
1747749491416.0,8382.9,8385.9
1747749491906.0,8382.4,8385.4
1747749492654.0,8382.9,8385.9
1747749495215.0,8382.4,8385.4
1747749497137.0,8382.4,8385.4
1747749501507.0,8382.9,8385.9
1747749503670,,
1747749503845.0,8382.4,8385.4
1747749507657.0,8382.9,8385.9
1747749510346.0,8383.4,8386.4
1747749512554.0,8382.9,8385.9
1747749512754.0,8383.4,8386.4
1747749513406.0,8382.9,8385.9
1747749514721.0,8383.4,8386.4
1747749515815.0,8382.9,8385.9
1747749520586.0,8382.4,8385.4
1747749525337.0,8381.9,8384.9
1747749525811.0,8382.4,8385.4
1747749526271.0,8381.9,8384.9
1747749545756,,
1747749558650,,
1747749561887,,
1747749562089.0,8381.4,8384.4
1747749562714.0,8380.9,8383.9
1747749578719,,
1747749578921.0,8380.4,8383.4
1747749579654.0,8379.9,8382.9
1747749580579,,
1747749580729,,
1747749585387,,
1747749585588.0,8378.9,8381.9
1747749591710,,
1747749591909.0,8377.9,8380.9
1747749592107.0,8378.4,8381.4
1747749592518.0,8378.9,8381.9
1747749592717.0,8378.4,8381.4
1747749593099.0,8377.9,8380.9
1747749593735.0,8378.4,8381.4
1747749593934.0,8377.9,8380.9
1747749599674,,
1747749600865,,
1747749601067.0,8378.4,8381.4
1747749601373.0,8378.9,8381.9
1747749601677,,
1747749602026,,
1747749602219.0,8377.9,8380.9
1747749602419.0,8378.4,8381.4
1747749603544.0,8378.9,8381.9
1747749612887.0,8379.4,8382.4
1747749613087.0,8379.9,8382.9
1747749620795,,
1747749620976.0,8379.4,8382.4
1747749621175.0,8379.9,8382.9
1747749622162.0,8379.4,8382.4
1747749622362.0,8379.9,8382.9
1747749631269,,
1747749631470.0,8380.9,8383.9
1747749632815,,
1747749634043.0,8379.9,8382.9
1747749637470,,
1747749637671.0,8379.4,8382.4
1747749638136.0,8378.9,8381.9
1747749638334.0,8379.4,8382.4
1747749641615.0,8379.9,8382.9
1747749645467,,
1747749645670.0,8380.4,8383.4
1747749646326.0,8380.9,8383.9
1747749646908.0,8380.4,8383.4
1747749647108.0,8380.9,8383.9
1747749648248.0,8380.4,8383.4
1747749650322.0,8380.9,8383.9
1747749651413.0,8380.4,8383.4
1747749653217.0,8380.9,8383.9
1747749660278,,
1747749660478.0,8381.9,8384.9
1747749663957,,
1747749664157.0,8382.9,8385.9
1747749665473,,
1747749665644.0,8382.4,8385.4
1747749666521.0,8381.9,8384.9
1747749667179,,
1747749675622,,
1747749675722.0,8382.4,8385.4
1747749676111.0,8382.4,8385.4
1747749677106,,
1747749677305.0,8381.9,8384.9
1747749679516.0,8381.4,8384.4
1747749681070.0,8381.9,8384.9
1747749694672.0,8382.4,8385.4
1747749697132.0,8381.9,8384.9
1747749697330.0,8382.4,8385.4
1747749700251.0,8382.9,8385.9
1747749700452.0,8382.4,8385.4
1747749700651.0,8382.9,8385.9
1747749700851.0,8382.4,8385.4
1747749701254.0,8382.9,8385.9
1747749720763,,
1747749720962.0,8383.9,8386.9
1747749722623.0,8383.4,8386.4
1747749723333.0,8383.4,8386.4
1747749724628.0,8382.9,8385.9
1747749731385.0,8383.4,8386.4
1747749731585.0,8383.9,8386.9
1747749731782.0,8383.4,8386.4
1747749732028.0,8383.9,8386.9
1747749736176.0,8384.4,8387.4
1747749737226.0,8384.9,8387.9
1747749741571.0,8385.4,8388.4
1747749741770.0,8384.9,8387.9
1747749741969,,
1747749744141.0,8385.4,8388.4
1747749744968.0,8385.9,8388.9
1747749750682,,
1747749750883.0,8386.4,8389.4
1747749751162.0,8386.9,8389.9
1747749764998.0,8387.4,8390.4
1747749765195.0,8386.9,8389.9
1747749767773,,
1747749767933.0,8385.9,8388.9
1747749775692,,
1747749775792.0,8384.9,8387.9
1747749776693.0,8384.4,8387.4
1747749776892.0,8384.9,8387.9
1747749777649.0,8384.4,8387.4
1747749778181.0,8384.9,8387.9
1747749779913,,
1747749780590.0,8385.9,8388.9
1747749781448.0,8386.4,8389.4
1747749781742.0,8386.9,8389.9
1747749783504.0,8386.4,8389.4
1747749784390.0,8386.9,8389.9
1747749790879,,
1747749791080.0,8386.4,8389.4
1747749791712.0,8385.9,8388.9
1747749795705,,
1747749795846.0,8386.4,8389.4
1747749799130,,
1747749799329.0,8386.9,8389.9
1747749803841.0,8387.4,8390.4
1747749805809.0,8387.9,8390.9
1747749813276,,
1747749814744.0,8387.4,8390.4
1747749820462.0,8386.9,8389.9
1747749839570.0,8387.4,8390.4
1747749841019.0,8387.9,8390.9
1747749841217.0,8387.4,8390.4
1747749842068.0,8386.9,8389.9
1747749844712.0,8387.4,8390.4
1747749846296.0,8386.9,8389.9
1747749849172.0,8387.4,8390.4
1747749853714.0,8386.9,8389.9
1747749856691.0,8387.4,8390.4
1747749857381.0,8386.9,8389.9
1747749872404,,
1747749872573.0,8387.9,8390.9
1747749877713,,
1747749877903.0,8386.9,8389.9
1747749879486,,
1747749879631.0,8387.4,8390.4
1747749880659.0,8386.9,8389.9
1747749887563,,
1747749887764.0,8386.4,8389.4
1747749888380.0,8385.9,8388.9
1747749888585.0,8386.9,8389.9
1747749889014.0,8387.4,8390.4
1747749890628.0,8387.9,8390.9
1747749896118.0,8387.4,8390.4
1747749897478.0,8387.9,8390.9
1747749899310.0,8387.4,8390.4
1747749900750.0,8386.9,8389.9
1747749901345.0,8387.4,8390.4
1747749901544.0,8386.9,8389.9
1747749901745.0,8387.4,8390.4
1747749902139.0,8387.9,8390.9
1747749903603,,
1747749907806,,
1747749915061.0,8388.4,8391.4
1747749915262.0,8388.9,8391.9
1747749919175,,
1747749922249.0,8389.4,8392.4
1747749922645.0,8388.9,8391.9
1747749923308.0,8389.4,8392.4
1747749925309,,
1747749925408.0,8389.9,8392.9
1747749926061.0,8390.4,8393.4
1747749926422,,
1747749926621,,
1747749942693.0,8390.9,8393.9
1747749943806.0,8390.4,8393.4
1747749947021,,
1747749947221.0,8389.9,8392.9
1747749952067,,
1747749952268.0,8388.9,8391.9
1747749955237,,
1747749958403.0,8389.4,8392.4
1747749959950.0,8388.9,8391.9
1747749961785.0,8389.4,8392.4
1747749962134.0,8389.9,8392.9
1747749978775,,
1747749978921.0,8389.4,8392.4
1747749979521.0,8388.9,8391.9
1747749980406,,
1747749980586.0,8389.9,8392.9
1747749981632,,
1747749981798.0,8388.9,8391.9
1747749982546.0,8389.4,8392.4
1747749982745.0,8388.9,8391.9
1747749987499.0,8389.4,8392.4
1747749987832.0,8388.9,8391.9
1747749990579.0,8389.9,8392.9
1747749990778.0,8389.4,8392.4
1747749992341.0,8388.9,8391.9
1747749999837.0,8389.9,8392.9
1747750000402.0,8389.4,8392.4
1747750001293.0,8389.9,8392.9
1747750005378.0,8388.9,8391.9
1747750005557.0,8389.4,8392.4
1747750006245.0,8388.9,8391.9
1747750006557.0,8389.4,8392.4
1747750006817.0,8388.9,8391.9
1747750007017.0,8389.4,8392.4
1747750015763.0,8388.9,8391.9
1747750015962.0,8389.4,8392.4
1747750016554.0,8388.9,8391.9
1747750022349.0,8389.9,8392.9
1747750031048,,
1747750031284.0,8388.9,8391.9
1747750035484,,
1747750035886.0,8387.9,8390.9
1747750036088.0,8388.4,8391.4
1747750036289.0,8387.9,8390.9
1747750037441.0,8388.4,8391.4
1747750037640.0,8387.9,8390.9
1747750038419,,
1747750038596.0,8388.4,8391.4
1747750038796.0,8388.9,8391.9
1747750038999.0,8388.4,8391.4
1747750040559.0,8387.9,8390.9
1747750042422,,
1747750042624.0,8386.9,8389.9
1747750042824.0,8386.4,8389.4
1747750044006.0,8385.9,8388.9
1747750045238.0,8386.4,8389.4
1747750045792.0,8386.9,8389.9
1747750045990.0,8386.4,8389.4
1747750048560.0,8386.9,8389.9
1747750049956.0,8386.4,8389.4
1747750051443.0,8386.9,8389.9
1747750062699,,
1747750062895.0,8387.4,8390.4
1747750063208.0,8386.9,8389.9
1747750063410.0,8387.4,8390.4
1747750063756.0,8386.9,8389.9
1747750064556.0,8387.4,8390.4
1747750065155.0,8386.9,8389.9
1747750067464.0,8387.4,8390.4
1747750069626.0,8387.9,8390.9
1747750079104.0,8386.9,8389.9
1747750079663.0,8387.4,8390.4
1747750080256.0,8386.9,8389.9
1747750080970.0,8387.4,8390.4
1747750081834,,
1747750082042.0,8386.9,8389.9
1747750083853,,
1747750084043.0,8386.4,8389.4
1747750085007.0,8385.9,8388.9
1747750086355.0,8386.4,8389.4
1747750087449.0,8386.9,8389.9
1747750090909.0,8386.4,8389.4
1747750102158.0,8386.9,8389.9
1747750107654.0,8386.4,8389.4
1747750109188.0,8385.9,8388.9
1747750110437.0,8386.4,8389.4
1747750111916.0,8385.9,8388.9
1747750112113.0,8386.4,8389.4
1747750112315.0,8385.9,8388.9
1747750112517.0,8386.4,8389.4
1747750113729.0,8386.9,8389.9
1747750115187.0,8386.4,8389.4
1747750115403.0,8386.9,8389.9
1747750119659,,
1747750119860.0,8387.4,8390.4
1747750120654.0,8387.9,8390.9
1747750120940.0,8387.4,8390.4
1747750121445.0,8387.9,8390.9
1747750123152.0,8387.4,8390.4
1747750123529.0,8387.9,8390.9
1747750125439.0,8387.4,8390.4
1747750126788.0,8387.9,8390.9
1747750127221.0,8387.4,8390.4
1747750128030.0,8386.9,8389.9
1747750128521.0,8387.4,8390.4
1747750131203.0,8386.9,8389.9
1747750136828,,
1747750137030.0,8385.9,8388.9
1747750137229.0,8386.4,8389.4
1747750137503.0,8385.9,8388.9
1747750140216.0,8385.4,8388.4
1747750140608.0,8385.9,8388.9
1747750146830,,
1747750147026.0,8386.9,8389.9
1747750148380.0,8386.4,8389.4
1747750150224.0,8385.9,8388.9
1747750150423.0,8386.4,8389.4
1747750151347.0,8385.9,8388.9
1747750151549.0,8386.4,8389.4
1747750153923.0,8386.9,8389.9
1747750158008.0,8386.4,8389.4
1747750158871.0,8386.9,8389.9
1747750161833.0,8386.4,8389.4
1747750162031.0,8386.9,8389.9
1747750165305.0,8386.4,8389.4
1747750165757.0,8385.9,8388.9
1747750169089,,
1747750169188.0,8386.4,8389.4
1747750170663.0,8385.9,8388.9
1747750170865.0,8386.4,8389.4
1747750171063.0,8385.9,8388.9
1747750184613,,
1747750184814.0,8385.4,8388.4
1747750185015.0,8385.9,8388.9
1747750185214.0,8385.4,8388.4
1747750187173.0,8384.9,8387.9
1747750187373.0,8385.4,8388.4
1747750187772.0,8385.4,8388.4
1747750187971.0,8384.9,8387.9
1747750191880.0,8385.4,8388.4
1747750192280.0,8384.9,8387.9
1747750194010.0,8385.4,8388.4
1747750194332.0,8384.9,8387.9
1747750198515,,
1747750198716.0,8383.9,8386.9
1747750200488.0,8383.4,8386.4
1747750200697,,
1747750201087.0,8384.4,8387.4
1747750201294.0,8383.9,8386.9
1747750201494.0,8384.4,8387.4
1747750201695.0,8384.9,8387.9
1747750201905.0,8384.4,8387.4
1747750203071.0,8383.9,8386.9
1747750205160.0,8384.4,8387.4
1747750206774.0,8384.9,8387.9
1747750207252.0,8384.4,8387.4
1747750209397.0,8383.9,8386.9
1747750209745,,
1747750209906.0,8384.4,8387.4
1747750211251.0,8383.9,8386.9
1747750211652.0,8384.4,8387.4
1747750214047.0,8384.9,8387.9
1747750214247.0,8384.4,8387.4
1747750214445.0,8384.9,8387.9
1747750216025,,
1747750216226.0,8385.4,8388.4
1747750216498.0,8385.9,8388.9
1747750218417,,
1747750218618.0,8386.4,8389.4
1747750219259.0,8386.9,8389.9
1747750222507.0,8386.4,8389.4
1747750223832.0,8385.9,8388.9
1747750228192.0,8386.9,8389.9
1747750228390.0,8386.4,8389.4
1747750228650.0,8385.9,8388.9
1747750230508,,
1747750230668.0,8386.4,8389.4
1747750231309.0,8385.9,8388.9
1747750231505.0,8386.4,8389.4
1747750232086.0,8385.9,8388.9
1747750238567.0,8386.4,8389.4
1747750244520.0,8386.9,8389.9
1747750244847.0,8386.4,8389.4
1747750248230.0,8386.9,8389.9
1747750250205,,
1747750250381.0,8386.4,8389.4
1747750258714.0,8385.9,8388.9
1747750260767.0,8386.4,8389.4
1747750261285.0,8386.4,8389.4
1747750263381.0,8386.9,8389.9
1747750263716.0,8386.4,8389.4
1747750263915.0,8386.9,8389.9
1747750273009.0,8386.4,8389.4
1747750273222.0,8385.9,8388.9
1747750273425.0,8386.4,8389.4
1747750274996.0,8386.9,8389.9
1747750275586.0,8386.4,8389.4
1747750275876.0,8386.9,8389.9
1747750276962.0,8386.4,8389.4
1747750277323.0,8386.9,8389.9
1747750277524.0,8386.4,8389.4
1747750282375.0,8385.9,8388.9
1747750282685,,
1747750284710,,
1747750284912.0,8384.9,8387.9
1747750287859.0,8385.4,8388.4
1747750290855.0,8384.9,8387.9
1747750291087.0,8385.4,8388.4
1747750291998.0,8384.9,8387.9
1747750292499.0,8385.4,8388.4
1747750292698.0,8384.9,8387.9
1747750293475.0,8385.4,8388.4
1747750294433.0,8384.9,8387.9
1747750300614.0,8385.4,8388.4
1747750305280.0,8384.9,8387.9
1747750305566.0,8385.4,8388.4
1747750308872.0,8384.9,8387.9
1747750310560.0,8385.4,8388.4
1747750313160.0,8385.9,8388.9
1747750313359.0,8385.4,8388.4
1747750314886.0,8385.9,8388.9
1747750315085.0,8385.4,8388.4
1747750318682.0,8385.9,8388.9
1747750319947.0,8385.4,8388.4
1747750321847.0,8385.9,8388.9
1747750323197.0,8385.4,8388.4
1747750330818.0,8384.9,8387.9
1747750333929,,
1747750334130.0,8384.4,8387.4
1747750335698.0,8384.9,8387.9
1747750335898.0,8384.4,8387.4
1747750338430.0,8383.9,8386.9
1747750341643.0,8384.4,8387.4
1747750345420.0,8384.9,8387.9
1747750346093.0,8385.4,8388.4
1747750354435.0,8384.9,8387.9
1747750358031.0,8384.4,8387.4
1747750359735.0,8383.9,8386.9
1747750359935.0,8384.9,8387.9
1747750367637.0,8384.4,8387.4
1747750370710.0,8384.9,8387.9
1747750374463,,
1747750374654.0,8385.4,8388.4
1747750376895.0,8385.9,8388.9
1747750380708.0,8386.4,8389.4
1747750384367.0,8386.4,8389.4
1747750397954.0,8386.9,8389.9
1747750398977.0,8386.4,8389.4
1747750423062.0,8385.9,8388.9
1747750434569,,
1747750434670.0,8385.4,8388.4
1747750437606.0,8385.9,8388.9
1747750440608.0,8386.4,8389.4
1747750445079,,
1747750445222.0,8385.4,8388.4
1747750446134.0,8384.9,8387.9
1747750446881,,
1747750447862,,
1747750448062.0,8384.4,8387.4
1747750448773.0,8383.9,8386.9
1747750450034,,
1747750450232.0,8384.4,8387.4
1747750452253.0,8383.9,8386.9
1747750452467.0,8384.4,8387.4
1747750460962.0,8383.9,8386.9
1747750461162.0,8384.4,8387.4
1747750493060.0,8384.9,8387.9
1747750500742.0,8385.4,8388.4
1747750508569.0,8385.4,8388.4
1747750509729.0,8384.9,8387.9
1747750510305,,
1747750513216,,
1747750513381.0,8385.4,8388.4
1747750516245.0,8385.9,8388.9
1747750517384,,
1747750517535.0,8385.4,8388.4
1747750521663.0,8384.9,8387.9
1747750523277.0,8385.4,8388.4
1747750530823.0,8385.9,8388.9
1747750531312.0,8385.4,8388.4
1747750535066.0,8385.9,8388.9
1747750538312,,
1747750538684,,
1747750538932.0,8385.4,8388.4
1747750540966.0,8385.9,8388.9
1747750542775.0,8386.4,8389.4
1747750545159.0,8385.9,8388.9
1747750548663.0,8386.4,8389.4
1747750567242.0,8385.9,8388.9
1747750571052.0,8386.4,8389.4
1747750574732.0,8385.9,8388.9
1747750592081,,
1747750592269.0,8385.4,8388.4
1747750592857.0,8384.9,8387.9
1747750593538.0,8385.4,8388.4
1747750603530.0,8384.9,8387.9
1747750609437.0,8385.4,8388.4
1747750614850.0,8384.9,8387.9
1747750621099.0,8385.4,8388.4
1747750621861.0,8384.9,8387.9
1747750626362.0,8385.4,8388.4
1747750627608.0,8384.9,8387.9
1747750638099,,
1747750638304.0,8383.9,8386.9
1747750639008.0,8384.4,8387.4
1747750639214.0,8383.9,8386.9
1747750639909.0,8384.4,8387.4
1747750642157.0,8384.9,8387.9
1747750645921.0,8384.4,8387.4
1747750648757,,
1747750648958.0,8383.9,8386.9
1747750650110,,
1747750650323.0,8384.4,8387.4
1747750656435.0,8384.9,8387.9
1747750658657,,
1747750663492,,
1747750663662.0,8385.9,8388.9
1747750664766.0,8385.4,8388.4
1747750665986.0,8384.9,8387.9
1747750668235.0,8385.4,8388.4
1747750670387.0,8385.9,8388.9
1747750701670,,
1747750701870.0,8386.4,8389.4
1747750702308.0,8386.9,8389.9
1747750722137.0,8386.4,8389.4
1747750725166.0,8385.9,8388.9
1747750726372,,
1747750740635,,
1747750740789.0,8386.4,8389.4
1747750740999.0,8386.9,8389.9
1747750753926,,
1747750754028.0,8386.4,8389.4
1747750756196.0,8386.9,8389.9
1747750756724.0,8386.4,8389.4
1747750761088.0,8385.9,8388.9
1747750761546,,
1747750782792,,
1747750791213,,
1747750798336.0,8386.4,8389.4
1747750798536.0,8386.9,8389.9
1747750811145,,
1747750811355,,
1747750816653.0,8387.9,8390.9
1747750821662,,
1747750830854,,
1747750831052.0,8386.9,8389.9
1747750836028,,
1747750836203.0,8387.4,8390.4
1747750841572.0,8387.9,8390.9
1747750841772.0,8387.4,8390.4
1747750845159.0,8386.9,8389.9
1747750846270,,
1747750855098.0,8387.4,8390.4
1747750855838.0,8387.9,8390.9
1747750856037.0,8387.4,8390.4
1747750856842.0,8387.9,8390.9
1747750857241.0,8387.9,8390.9
1747750860611.0,8388.4,8391.4
1747750861420.0,8388.9,8391.9
1747750867743,,
1747750867943.0,8389.4,8392.4
1747750868195,,
1747750868395.0,8389.9,8392.9
1747750884887,,
1747750889755,,
1747750891860.0,8390.9,8393.9
1747750896816.0,8390.9,8393.9
1747750901870,,
1747750902047.0,8390.4,8393.4
1747750902354.0,8390.9,8393.9
1747750904408,,
1747750904644.0,8390.9,8393.9
1747750908941,,
1747750909205,,
1747750913241,,
1747750913444.0,8389.9,8392.9
1747750913909.0,8390.4,8393.4
1747750914930.0,8389.9,8392.9
1747750916723,,
1747750916925.0,8389.4,8392.4
1747750921576.0,8389.9,8392.9
1747750930848,,
1747750931048.0,8390.9,8393.9
1747750933029.0,8391.4,8394.4
1747750933228.0,8390.9,8393.9
1747750948339,,
1747750948540.0,8391.9,8394.9
1747750948787.0,8391.4,8394.4
1747750949236.0,8391.9,8394.9
1747750952289.0,8391.4,8394.4
1747750954083.0,8391.9,8394.9
1747750954281.0,8391.4,8394.4
1747750955743.0,8391.9,8394.9
1747750959328.0,8391.4,8394.4
1747750961513.0,8391.9,8394.9
1747750962874.0,8391.4,8394.4
1747750964071.0,8391.9,8394.9
1747750965452.0,8391.4,8394.4
1747750971356.0,8391.9,8394.9
1747750972080.0,8391.4,8394.4
1747750977028.0,8390.9,8393.9
1747750981965,,
1747750982168.0,8391.9,8394.9
1747750982368.0,8391.4,8394.4
1747750985870.0,8390.9,8393.9
1747751014450,,
1747751015264.0,8391.4,8394.4
1747751015608.0,8391.9,8394.9
1747751017764.0,8390.9,8393.9
1747751018003.0,8391.4,8394.4
1747751020853.0,8390.9,8393.9
1747751021274.0,8390.9,8393.9
1747751024473.0,8391.4,8394.4
1747751024747.0,8391.9,8394.9
1747751024944.0,8391.4,8394.4
1747751025180.0,8390.9,8393.9
1747751028593.0,8391.4,8394.4
1747751029483.0,8390.9,8393.9
1747751033328,,
1747751057019,,
1747751057190,,
1747751074970.0,8390.4,8393.4
1747751075170.0,8389.9,8392.9
1747751091711,,
1747751091910.0,8389.4,8392.4
1747751092111.0,8388.9,8391.9
1747751100893.0,8389.9,8392.9
1747751112140.0,8390.9,8393.9
1747751115913,,
1747751116056.0,8389.9,8392.9
1747751117058.0,8390.4,8393.4
1747751117574.0,8389.9,8392.9
1747751117774.0,8390.4,8393.4
1747751118075.0,8389.9,8392.9
1747751118274.0,8390.4,8393.4
1747751121626.0,8390.9,8393.9
1747751123835.0,8391.4,8394.4
1747751126073.0,8391.9,8394.9
1747751126273.0,8391.4,8394.4
1747751126787.0,8390.9,8393.9
1747751127254.0,8391.4,8394.4
1747751129104.0,8391.9,8394.9
1747751130812.0,8391.4,8394.4
1747751131150.0,8390.9,8393.9
1747751131773.0,8391.4,8394.4
1747751134611.0,8391.9,8394.9
1747751139622.0,8392.4,8395.4
1747751139821.0,8391.9,8394.9
1747751140375.0,8392.4,8395.4
1747751142030.0,8392.9,8395.9
1747751142247.0,8392.4,8395.4
1747751150099.0,8392.4,8395.4
1747751168945.0,8392.9,8395.9
1747751173560,,
1747751182126,,
1747751183586,,
1747751183778.0,8392.4,8395.4
1747751184305.0,8391.9,8394.9
1747751184503.0,8392.4,8395.4
1747751186081.0,8392.9,8395.9
1747751187585.0,8392.4,8395.4
1747751189299.0,8392.9,8395.9
1747751193381.0,8391.9,8394.9
1747751196910.0,8392.4,8395.4
1747751197624.0,8391.9,8394.9
1747751200910.0,8392.4,8395.4
1747751204705.0,8392.9,8395.9
1747751220681,,
1747751220881.0,8393.9,8396.9
1747751224012.0,8393.4,8396.4
1747751227560.0,8392.9,8395.9
1747751238405,,
1747751239315.0,8393.4,8396.4
1747751242613.0,8393.9,8396.9
1747751246561.0,8393.4,8396.4
1747751257062.0,8392.9,8395.9
1747751257510,,
1747751257855.0,8393.4,8396.4
1747751258726.0,8393.9,8396.9
1747751259338.0,8393.4,8396.4
1747751260737.0,8393.9,8396.9
1747751261622.0,8393.4,8396.4
1747751262960,,
1747751263160.0,8393.9,8396.9
1747751272910,,
1747751273111.0,8393.4,8396.4
1747751274133.0,8393.9,8396.9
1747751274899.0,8393.4,8396.4
1747751278948.0,8393.9,8396.9
1747751279415.0,8393.4,8396.4
1747751279851.0,8393.9,8396.9
1747751281205,,
1747751281408.0,8394.9,8397.9
1747751283553,,
1747751284722.0,8394.4,8397.4
1747751292303.0,8393.9,8396.9
1747751293886,,
1747751298578,,
1747751298954,,
1747751304524,,
1747751304871,,
1747751305239,,
1747751305420.0,8393.4,8396.4
1747751305617.0,8393.9,8396.9
1747751305817.0,8393.4,8396.4
1747751306017.0,8392.9,8395.9
1747751312156,,
1747751312358.0,8392.4,8395.4
1747751314970.0,8392.9,8395.9
1747751322085,,
1747751322484.0,8393.9,8396.9
1747751323643,,
1747751331253.0,8394.4,8397.4
1747751333494.0,8393.9,8396.9
1747751333905.0,8394.4,8397.4
1747751335692.0,8394.9,8397.9
1747751338606.0,8394.4,8397.4
1747751340972.0,8394.9,8397.9
1747751378269,,
1747751380284,,
1747751390032,,
1747751397804,,
1747751398283,,
1747751398798.0,8395.4,8398.4
1747751398996,,
1747751399694,,
1747751399895.0,8395.9,8398.9
1747751400118,,
1747751400305.0,8394.9,8397.9
1747751401930.0,8395.9,8398.9
1747751407184,,
1747751407364.0,8394.9,8397.9
1747751409430,,
1747751409622.0,8395.9,8398.9
1747751411861.0,8395.4,8398.4
1747751417141.0,8395.9,8398.9
1747751420061,,
1747751425095,,
1747751425295.0,8394.9,8397.9
1747751425492.0,8395.4,8398.4
1747751426404.0,8394.9,8397.9
1747751426603.0,8395.4,8398.4
1747751430042.0,8395.9,8398.9
1747751430243.0,8395.4,8398.4
1747751433311.0,8395.9,8398.9
1747751434837.0,8395.4,8398.4
1747751435037.0,8395.9,8398.9
1747751449870.0,8396.4,8399.4
1747751452685.0,8395.9,8398.9
1747751458666,,
1747751458868.0,8395.4,8398.4
1747751460484.0,8394.9,8397.9
1747751461619.0,8395.4,8398.4
1747751461817.0,8395.9,8398.9
1747751462017.0,8395.4,8398.4
1747751464680.0,8394.9,8397.9
1747751468777.0,8394.4,8397.4
1747751469706.0,8394.9,8397.9
1747751471061.0,8394.4,8397.4
1747751471264.0,8394.9,8397.9
1747751472352.0,8394.9,8397.9
1747751473029.0,8394.4,8397.4
1747751473229.0,8394.9,8397.9
1747751487313,,
1747751490311.0,8395.4,8398.4
1747751494831.0,8395.9,8398.9
1747751495323.0,8395.4,8398.4
1747751496478.0,8395.9,8398.9
1747751496676.0,8395.4,8398.4
1747751503681.0,8395.9,8398.9
1747751505580.0,8395.4,8398.4
1747751505780.0,8395.9,8398.9
1747751507081.0,8396.4,8399.4
1747751510150.0,8396.9,8399.9
1747751518613,,
1747751518812.0,8396.4,8399.4
1747751526719.0,8395.9,8398.9
1747751528103.0,8396.4,8399.4
1747751529586.0,8395.9,8398.9
1747751530303.0,8396.4,8399.4
1747751530671.0,8395.9,8398.9
1747751539541.0,8395.4,8398.4
1747751541179.0,8395.9,8398.9
1747751541379.0,8395.4,8398.4
1747751541873.0,8395.9,8398.9
1747751543407,,
1747751543610.0,8395.4,8398.4
1747751546358.0,8394.9,8397.9
1747751546873.0,8395.4,8398.4
1747751550368.0,8394.9,8397.9
1747751550994.0,8395.4,8398.4
1747751552715.0,8394.9,8397.9
1747751554762,,
1747751554968.0,8393.9,8396.9
1747751555162.0,8394.4,8397.4
1747751556242.0,8393.9,8396.9
1747751556814.0,8394.4,8397.4
1747751559144.0,8393.9,8396.9
1747751559372.0,8394.4,8397.4
1747751564553.0,8393.9,8396.9
1747751564752.0,8394.4,8397.4
1747751565785.0,8393.9,8396.9
1747751565985.0,8394.4,8397.4
1747751566684.0,8393.9,8396.9
1747751567716.0,8394.4,8397.4
1747751569785.0,8393.9,8396.9
1747751570305.0,8394.4,8397.4
1747751570565.0,8393.9,8396.9
1747751580796.0,8394.4,8397.4
1747751584772.0,8393.9,8396.9
1747751586212.0,8394.4,8397.4
1747751586847.0,8393.9,8396.9
1747751587106.0,8394.4,8397.4
1747751587305.0,8393.9,8396.9
1747751589285.0,8394.4,8397.4
1747751590028.0,8393.9,8396.9
1747751594893.0,8394.4,8397.4
1747751596504.0,8393.9,8396.9
1747751616467.0,8393.9,8396.9
1747751620350.0,8394.4,8397.4
1747751620841.0,8394.9,8397.9
1747751621299,,
1747751621479.0,8394.4,8397.4
1747751622292.0,8393.9,8396.9
1747751627520.0,8394.4,8397.4
1747751642395.0,8393.9,8396.9
1747751642739.0,8394.4,8397.4
1747751643858.0,8393.9,8396.9
1747751644216.0,8394.4,8397.4
1747751645561.0,8393.9,8396.9
1747751693495.0,8394.4,8397.4
1747751694491.0,8394.9,8397.9
1747751694691.0,8394.4,8397.4
1747751696916.0,8394.9,8397.9
1747751697117.0,8394.4,8397.4
1747751698733.0,8394.9,8397.9
1747751699211.0,8394.4,8397.4
1747751699973.0,8394.9,8397.9
1747751700268.0,8394.4,8397.4
1747751700611.0,8394.9,8397.9
1747751702216,,
1747751702420.0,8395.9,8398.9
1747751710978,,
1747751711179.0,8395.4,8398.4
1747751719549.0,8394.9,8397.9
1747751729005.0,8395.4,8398.4
1747751730639.0,8394.9,8397.9
1747751732326.0,8395.4,8398.4
1747751734485.0,8395.9,8398.9
1747751734928.0,8395.4,8398.4
1747751741716.0,8394.9,8397.9
1747751769722,,
1747751776330.0,8394.4,8397.4
1747751777325.0,8394.9,8397.9
1747751780854.0,8394.4,8397.4
1747751781621.0,8393.9,8396.9
1747751781819.0,8394.4,8397.4
1747751785087.0,8394.9,8397.9
1747751786836,,
1747751786936.0,8394.4,8397.4
1747751788289.0,8393.9,8396.9
1747751809418,,
1747751809617.0,8392.9,8395.9
1747751819585.0,8393.4,8396.4
1747751819902.0,8393.9,8396.9
1747751825044.0,8393.4,8396.4
1747751825375.0,8393.9,8396.9
1747751829119.0,8393.4,8396.4
1747751833614.0,8393.9,8396.9
1747751842032.0,8393.4,8396.4
1747751842811.0,8392.9,8395.9
1747751842998.0,8393.4,8396.4
1747751843395,,
1747751843768.0,8393.9,8396.9
1747751857464,,
1747751857865.0,8394.4,8397.4
1747751858947.0,8394.9,8397.9
1747751859655.0,8394.4,8397.4
1747751862958.0,8394.9,8397.9
1747751868954.0,8394.4,8397.4
1747751872832.0,8394.9,8397.9
1747751876516.0,8395.4,8398.4
1747751877512.0,8394.9,8397.9
1747751877711.0,8395.4,8398.4
1747751890304.0,8395.9,8398.9
1747751890503.0,8395.4,8398.4
1747751891189.0,8395.9,8398.9
1747751891388.0,8395.4,8398.4
1747751893389.0,8395.9,8398.9
1747751894485.0,8395.4,8398.4
1747751896314.0,8395.9,8398.9
1747751903254.0,8396.4,8399.4
1747751909809.0,8396.9,8399.9
1747751910010.0,8396.4,8399.4
1747751911776.0,8396.9,8399.9
1747751915851.0,8397.4,8400.4
1747751916050.0,8396.9,8399.9
1747751925808,,
1747751926009.0,8396.4,8399.4
1747751927839.0,8396.9,8399.9
1747751944970,,
1747751945172.0,8397.4,8400.4
1747751950711.0,8396.9,8399.9
1747751958269,,
1747751960333,,
1747751960518.0,8397.4,8400.4
1747751961105,,
1747751962526.0,8396.9,8399.9
1747751993169,,
1747752000493,,
1747752000658.0,8397.9,8400.9
1747752001470,,
1747752005703,,
1747752005906.0,8398.4,8401.4
1747752006472,,
1747752006673.0,8397.9,8400.9
1747752006874.0,8398.4,8401.4
1747752008311.0,8397.9,8400.9
1747752011176,,
1747752011378.0,8398.4,8401.4
1747752018976.0,8398.9,8401.9
1747752023523,,
1747752023724.0,8399.4,8402.4
1747752025187.0,8398.9,8401.9
1747752025397.0,8399.4,8402.4
1747752025824.0,8398.9,8401.9
1747752040711,,
1747752040810.0,8399.4,8402.4
1747752043330.0,8399.9,8402.9
1747752043786.0,8399.4,8402.4
1747752044177.0,8399.9,8402.9
1747752064271.0,8400.9,8403.9
1747752074696,,
1747752075192,,
1747752075591,,
1747752103703,,
1747752108552,,
1747752111189,,
1747752112638,,
1747752113304,,
1747752114192,,
1747752114671,,
1747752129922,,
1747752130123.0,8401.4,8404.4
1747752145498.0,8400.9,8403.9
1747752155566,,
1747752160300,,
1747752160501.0,8401.4,8404.4
1747752167073,,
1747752167273.0,8400.9,8403.9
1747752172439.0,8401.4,8404.4
1747752180712.0,8400.9,8403.9
1747752190558,,
1747752205146.0,8399.9,8402.9
1747752205549,,
1747752236348,,
1747752236575,,
1747752236718.0,8400.4,8403.4
1747752237033.0,8400.9,8403.9
1747752240554.0,8401.4,8404.4
1747752241522.0,8401.4,8404.4
1747752241839.0,8401.9,8404.9
1747752242398.0,8401.4,8404.4
1747752242715.0,8401.9,8404.9
1747752247206,,
1747752247408.0,8402.4,8405.4
1747752247973.0,8402.9,8405.9
1747752252437.0,8401.9,8404.9
1747752260894.0,8401.4,8404.4
1747752264102.0,8400.9,8403.9
1747752264299.0,8401.4,8404.4
1747752265352.0,8401.9,8404.9
1747752280496.0,8402.4,8405.4
1747752284898.0,8401.9,8404.9
1747752295158,,
1747752295357.0,8402.4,8405.4
1747752296062.0,8402.9,8405.9
1747752306167.0,8403.9,8406.9
1747752306565,,
1747752306766,,
1747752310667.0,8403.4,8406.4
1747752312544.0,8402.9,8405.9
1747752312744.0,8403.4,8406.4
1747752313505.0,8402.9,8405.9
1747752316580.0,8403.4,8406.4
1747752320212.0,8403.9,8406.9
1747752320410.0,8403.4,8406.4
1747752330530,,
1747752332241.0,8403.9,8406.9
1747752334668.0,8403.4,8406.4
1747752335087.0,8403.9,8406.9
1747752335729.0,8403.4,8406.4
1747752336128.0,8403.9,8406.9
1747752346690.0,8404.4,8407.4
1747752352092.0,8404.9,8407.9
1747752352290.0,8404.4,8407.4
1747752353767.0,8404.9,8407.9
1747752354703.0,8404.4,8407.4
1747752358838.0,8403.9,8406.9
1747752360423.0,8404.4,8407.4
1747752360688.0,8404.9,8407.9
1747752369743.0,8404.4,8407.4
1747752370034.0,8404.9,8407.9
1747752393434.0,8404.4,8407.4
1747752398796.0,8403.9,8406.9
1747752402474,,
1747752402676.0,8402.9,8405.9
1747752402875.0,8403.4,8406.4
1747752403356.0,8403.9,8406.9
1747752419303,,
1747752420727.0,8404.4,8407.4
1747752423273.0,8403.9,8406.9
1747752441165.0,8403.4,8406.4
1747752445760.0,8402.9,8405.9
1747752446116.0,8403.4,8406.4
1747752450907.0,8403.9,8406.9
1747752454933.0,8403.4,8406.4
1747752455864.0,8403.9,8406.9
1747752458171.0,8403.4,8406.4
1747752458371.0,8403.9,8406.9
1747752466705.0,8403.4,8406.4
1747752467143.0,8403.9,8406.9
1747752481537,,
1747752481738.0,8404.4,8407.4
1747752484370,,
1747752488021.0,8403.9,8406.9
1747752488222,,
1747752522050,,
1747752526317.0,8402.9,8405.9
1747752539781,,
1747752546425.0,8402.4,8405.4
1747752546986.0,8401.9,8404.9
1747752547570.0,8402.4,8405.4
1747752547887.0,8401.9,8404.9
1747752548716.0,8402.9,8405.9
1747752567854.0,8402.4,8405.4
1747752570271.0,8401.9,8404.9
1747752577192.0,8402.4,8405.4
1747752592724.0,8402.9,8405.9
1747752601705.0,8403.4,8406.4
1747752604391.0,8402.9,8405.9
1747752607299,,
1747752607398.0,8401.9,8404.9
1747752609399.0,8402.4,8405.4
1747752609873,,
1747752610346.0,8401.9,8404.9
1747752610546.0,8402.4,8405.4
1747752611084.0,8401.9,8404.9
1747752613200,,
1747752613406.0,8400.9,8403.9
1747752614423.0,8401.4,8404.4
1747752616236.0,8400.9,8403.9
1747752616434.0,8401.4,8404.4
1747752618507.0,8401.9,8404.9
1747752620884.0,8402.4,8405.4
1747752622350.0,8401.9,8404.9
1747752622550.0,8402.4,8405.4
1747752623803.0,8401.9,8404.9
1747752630167.0,8402.4,8405.4
1747752634602.0,8401.9,8404.9
1747752634802.0,8402.4,8405.4
1747752638426.0,8402.9,8405.9
1747752645158,,
1747752645360.0,8402.4,8405.4
1747752648250.0,8401.9,8404.9
1747752649866.0,8402.4,8405.4
1747752650099.0,8401.9,8404.9
1747752651513.0,8402.4,8405.4
1747752670602.0,8402.9,8405.9
1747752670931.0,8402.4,8405.4
1747752678610.0,8401.9,8404.9
1747752679063,,
1747752681564.0,8402.4,8405.4
1747752686217.0,8401.9,8404.9
1747752686582.0,8402.4,8405.4
1747752687480.0,8401.9,8404.9
1747752689297.0,8402.4,8405.4
1747752692359.0,8401.9,8404.9
1747752701056.0,8402.4,8405.4
1747752703503.0,8401.9,8404.9
1747752709805.0,8402.4,8405.4
1747752719276.0,8401.9,8404.9
1747752737443,,
1747752737630.0,8402.4,8405.4
1747752744057.0,8401.9,8404.9
1747752746109,,
1747752746276.0,8402.4,8405.4
1747752746675.0,8402.4,8405.4
1747752746874.0,8402.9,8405.9
1747752800044,,
1747752800721,,
1747752807155,,
1747752807354.0,8402.4,8405.4
1747752811144.0,8402.9,8405.9
1747752812505,,
1747752812686.0,8402.4,8405.4
1747752815465.0,8401.9,8404.9
1747752815663.0,8402.4,8405.4
1747752818145.0,8401.9,8404.9
1747752818821.0,8402.4,8405.4
1747752819021.0,8401.9,8404.9
1747752819856.0,8402.4,8405.4
1747752821337,,
1747752821537.0,8402.9,8405.9
1747752839858,,
1747752850471.0,8402.4,8405.4
1747752854296.0,8402.9,8405.9
1747752876561,,
1747752876760.0,8403.4,8406.4
1747752884434.0,8403.9,8406.9
1747752886465,,
1747752886666.0,8404.9,8407.9
1747752900935.0,8404.4,8407.4
1747752902433.0,8403.9,8406.9
1747752911738,,
1747752911936.0,8403.4,8406.4
1747752912297.0,8403.9,8406.9
1747752929761.0,8403.4,8406.4
1747752932709.0,8403.9,8406.9
1747752942172,,
1747752945631.0,8403.4,8406.4
1747752951031.0,8402.9,8405.9
1747752959221.0,8403.4,8406.4
1747752959422,,
1747752968560.0,8403.9,8406.9
1747752968758.0,8403.4,8406.4
1747752969109.0,8402.9,8405.9
1747752981136.0,8403.4,8406.4
1747752986755.0,8403.9,8406.9
1747752986954.0,8403.4,8406.4
1747752993731.0,8402.9,8405.9
1747752994251.0,8403.4,8406.4
1747752996065.0,8402.9,8405.9
1747753005474,,
1747753005672.0,8400.9,8403.9
1747753014549.0,8400.4,8403.4
1747753017294.0,8399.9,8402.9
1747753017736,,
1747753017937.0,8400.4,8403.4
1747753019358.0,8399.9,8402.9
1747753060143,,
1747753060344.0,8399.4,8402.4
1747753060544.0,8398.9,8401.9
1747753060756.0,8399.4,8402.4
1747753062013.0,8398.9,8401.9
1747753064033,,
1747753064234.0,8398.4,8401.4
1747753064434.0,8397.9,8400.9
1747753064632.0,8398.4,8401.4
1747753065899.0,8397.9,8400.9
1747753066104.0,8398.4,8401.4
1747753066566.0,8398.9,8401.9
1747753069310.0,8398.4,8401.4
1747753069510.0,8398.9,8401.9
1747753070267,,
1747753070419.0,8398.4,8401.4
1747753071670.0,8398.9,8401.9
1747753075404,,
1747753075603.0,8399.9,8402.9
1747753076056.0,8399.4,8402.4
1747753079467.0,8399.9,8402.9
1747753079667.0,8398.9,8401.9
1747753081486.0,8399.4,8402.4
1747753082795.0,8398.9,8401.9
1747753083371.0,8399.4,8402.4
1747753084348.0,8398.9,8401.9
1747753088245.0,8398.4,8401.4
1747753089924.0,8398.9,8401.9
1747753096402.0,8398.4,8401.4
1747753098353.0,8397.9,8400.9
1747753101326.0,8398.4,8401.4
1747753102603.0,8397.9,8400.9
1747753102870.0,8398.4,8401.4
1747753103162.0,8397.9,8400.9
1747753103362.0,8398.4,8401.4
1747753104147.0,8398.9,8401.9
1747753105471.0,8398.4,8401.4
1747753114186.0,8397.9,8400.9
1747753114386.0,8398.4,8401.4
1747753118838.0,8397.9,8400.9
1747753119876.0,8397.4,8400.4
1747753120196.0,8397.9,8400.9
1747753120394.0,8397.4,8400.4
1747753120594.0,8397.9,8400.9
1747753121813.0,8397.4,8400.4
1747753122017.0,8397.9,8400.9
1747753124946.0,8397.4,8400.4
1747753125584.0,8397.9,8400.9
1747753157625,,
1747753157796.0,8398.9,8401.9
1747753161350.0,8398.4,8401.4
1747753172161.0,8397.9,8400.9
1747753175635,,
1747753176825,,
1747753176991.0,8398.4,8401.4
1747753180506.0,8397.9,8400.9
1747753180858.0,8398.4,8401.4
1747753181058.0,8397.9,8400.9
1747753181912.0,8398.4,8401.4
1747753183916.0,8397.9,8400.9
1747753185316.0,8397.4,8400.4
1747753188572.0,8396.9,8399.9
1747753195083.0,8397.4,8400.4
1747753196290.0,8396.9,8399.9
1747753200269.0,8396.4,8399.4
1747753201225.0,8395.9,8398.9
1747753201424.0,8396.4,8399.4
1747753201626.0,8395.9,8398.9
1747753203538.0,8395.4,8398.4
1747753205028.0,8394.9,8397.9
1747753205229.0,8395.4,8398.4
1747753205629.0,8395.9,8398.9
1747753206448.0,8395.9,8398.9
1747753206745.0,8395.4,8398.4
1747753207044.0,8394.9,8397.9
1747753207243.0,8395.4,8398.4
1747753208804.0,8394.9,8397.9
1747753211879.0,8394.9,8397.9
1747753220332,,
1747753224280,,
1747753224478.0,8394.4,8397.4
1747753224678.0,8394.9,8397.9
1747753225832.0,8394.4,8397.4
1747753226274.0,8393.9,8396.9
1747753226474.0,8394.4,8397.4
1747753227039.0,8394.9,8397.9
1747753227940,,
1747753229731,,
1747753229869.0,8393.9,8396.9
1747753231868,,
1747753232270.0,8393.4,8396.4
1747753241707.0,8393.9,8396.9
1747753243528,,
1747753243726.0,8394.4,8397.4
1747753249137.0,8394.9,8397.9
1747753249805.0,8395.4,8398.4
1747753250004.0,8394.9,8397.9
1747753255747,,
1747753255946.0,8395.4,8398.4
1747753263083.0,8395.9,8398.9
1747753265860.0,8394.9,8397.9
1747753267633.0,8394.4,8397.4
1747753269777.0,8394.9,8397.9
1747753270984.0,8395.4,8398.4
1747753273916.0,8394.9,8397.9
1747753274103.0,8395.4,8398.4
1747753276636.0,8395.9,8398.9
1747753278192.0,8395.4,8398.4
1747753282296.0,8394.9,8397.9
1747753292336.0,8394.4,8397.4
1747753296931.0,8394.9,8397.9
1747753298012.0,8394.4,8397.4
1747753302295.0,8393.9,8396.9
1747753302494.0,8394.9,8397.9
1747753303304.0,8394.4,8397.4
1747753305474.0,8393.9,8396.9
1747753306259.0,8394.4,8397.4
1747753316720.0,8394.9,8397.9
1747753320332.0,8392.9,8395.9
1747753320609,,
1747753321003.0,8393.4,8396.4
1747753332834,,
1747753333035.0,8394.4,8397.4
1747753334057.0,8394.9,8397.9
1747753336370.0,8394.4,8397.4
1747753357516.0,8394.9,8397.9
1747753390617.0,8394.4,8397.4
1747753393694.0,8394.9,8397.9
1747753411322,,
1747753411523.0,8395.4,8398.4
1747753429506.0,8395.9,8398.9
1747753433936,,
1747753434570,,
1747753435420,,
1747753435968,,
1747753450477,,
1747753450676.0,8395.4,8398.4
1747753458231.0,8394.9,8397.9
1747753459417.0,8395.4,8398.4
1747753481411.0,8394.9,8397.9
1747753483408.0,8395.4,8398.4
1747753526134,,
1747753526850.0,8395.4,8398.4
1747753533954.0,8394.9,8397.9
1747753534152.0,8395.4,8398.4
1747753536951.0,8394.9,8397.9
1747753548933.0,8395.4,8398.4
1747753551970.0,8395.9,8398.9
1747753557792.0,8395.4,8398.4
1747753567984.0,8395.9,8398.9
1747753575480.0,8396.4,8399.4
1747753598277.0,8395.9,8398.9
1747753599016.0,8396.4,8399.4
1747753601484.0,8395.9,8398.9
1747753603272,,
1747753603473.0,8396.4,8399.4
1747753608528.0,8395.9,8398.9
1747753610429,,
1747753610628.0,8395.4,8398.4
1747753610931.0,8394.9,8397.9
1747753620930,,
1747753621131.0,8394.4,8397.4
1747753621935.0,8393.9,8396.9
1747753622136.0,8394.4,8397.4
1747753627140.0,8393.9,8396.9
1747753634195.0,8394.4,8397.4
1747753638343.0,8394.4,8397.4
1747753638610.0,8393.9,8396.9
1747753641652,,
1747753641763.0,8394.4,8397.4
1747753652914.0,8394.9,8397.9
1747753667671,,
1747753667873.0,8395.4,8398.4
1747753687767.0,8394.9,8397.9
1747753706660,,
1747753708446.0,8395.4,8398.4
1747753710731.0,8395.9,8398.9
1747753714273,,
1747753714439.0,8395.4,8398.4
1747753754597.0,8395.9,8398.9
1747753759348.0,8395.4,8398.4
1747753759623.0,8395.9,8398.9
1747753783509,,
1747753783663.0,8395.4,8398.4
1747753820823,,
1747753823947.0,8394.9,8397.9
1747753824145,,
1747753828474.0,8395.9,8398.9
1747753828859,,
1747753829033.0,8395.4,8398.4
1747753831150.0,8394.9,8397.9
1747753831695,,
1747753863806.0,8395.9,8398.9
1747753886812,,
1747753887212.0,8396.4,8399.4
1747753888488.0,8396.9,8399.9
1747753897520,,
1747753897720.0,8397.4,8400.4
1747753910469.0,8397.9,8400.9
1747753920668.0,8398.4,8401.4
1747753922249.0,8397.9,8400.9
1747753939413,,
1747753939616.0,8398.4,8401.4
1747753941669.0,8398.9,8401.9
1747753943368,,
1747753951103,,
1747753951206.0,8398.4,8401.4
1747753965840.0,8397.9,8400.9
1747753966694.0,8398.4,8401.4
1747753969246.0,8397.9,8400.9
1747753969583.0,8398.4,8401.4
1747753969938.0,8397.9,8400.9
1747753971641.0,8398.4,8401.4
1747753972909,,
1747753977955.0,8397.9,8400.9
1747753978677.0,8398.4,8401.4
1747753984532,,
1747753993282.0,8398.9,8401.9
1747754005157.0,8399.4,8402.4
1747754049346.0,8398.9,8401.9
1747754049545.0,8399.4,8402.4
1747754050267.0,8399.9,8402.9
1747754050703,,
1747754050802.0,8399.4,8402.4
1747754064286.0,8398.9,8401.9
1747754070855,,
1747754071058.0,8397.9,8400.9
1747754093894.0,8398.9,8401.9
1747754096949,,
1747754097112.0,8398.4,8401.4
1747754101635.0,8398.9,8401.9
1747754101934,,
1747754110163.0,8398.4,8401.4
1747754113158.0,8397.9,8400.9
1747754113358.0,8398.4,8401.4
1747754113558.0,8398.9,8401.9
1747754113958.0,8398.4,8401.4
1747754116017.0,8398.9,8401.9
1747754133771,,
1747754133972.0,8399.9,8402.9
1747754156841,,
1747754157039.0,8400.4,8403.4
1747754157610.0,8400.9,8403.9
1747754160708,,
1747754160892.0,8401.4,8404.4
1747754161458.0,8401.9,8404.9
1747754163403.0,8401.4,8404.4
1747754168437,,
1747754168635.0,8400.9,8403.9
1747754186828.0,8401.4,8404.4
1747754187304.0,8401.9,8404.9
1747754203822.0,8401.4,8404.4
1747754204764.0,8401.9,8404.9
1747754220413.0,8401.4,8404.4
1747754220707.0,8401.9,8404.9
1747754220907.0,8401.4,8404.4
1747754223278.0,8400.9,8403.9
1747754224916,,
1747754246626,,
1747754246825.0,8400.4,8403.4
1747754248802.0,8399.9,8402.9
1747754249003.0,8400.9,8403.9
1747754310007,,
1747754310209.0,8401.9,8404.9
1747754316795.0,8402.4,8405.4
1747754317142.0,8402.9,8405.9
1747754317588,,
1747754317790.0,8401.9,8404.9
1747754319317.0,8402.4,8405.4
1747754320705,,
1747754320907.0,8402.9,8405.9
1747754325757.0,8403.4,8406.4
1747754326225.0,8402.9,8405.9
1747754326423.0,8403.4,8406.4
1747754327774.0,8403.9,8406.9
1747754342478,,
1747754342679.0,8404.4,8407.4
1747754360048.0,8403.9,8406.9
1747754373021,,
1747754373814,,
1747754375962.0,8403.4,8406.4
1747754384474.0,8403.9,8406.9
1747754384676.0,8403.4,8406.4
1747754388828.0,8402.9,8405.9
1747754413184,,
1747754415520,,
1747754417224,,
1747754417395.0,8401.9,8404.9
1747754431275,,
1747754431475.0,8401.4,8404.4
1747754432041.0,8400.9,8403.9
1747754457342.0,8400.4,8403.4
1747754458109.0,8399.9,8402.9
1747754459919,,
1747754479165,,
1747754479363.0,8400.9,8403.9
1747754480175,,
1747754505825,,
1747754506026.0,8399.9,8402.9
1747754515482.0,8400.4,8403.4
1747754515683.0,8399.9,8402.9
1747754520915.0,8400.9,8403.9
1747754526343.0,8401.4,8404.4
1747754526679.0,8400.9,8403.9
1747754527676.0,8401.4,8404.4
1747754553859,,
1747754554061.0,8402.9,8405.9
1747754558161,,
1747754558379,,
1747754558579.0,8403.9,8406.9
1747754561292.0,8403.4,8406.4
1747754562947.0,8402.9,8405.9
1747754566903,,
1747754567105.0,8402.4,8405.4
1747754570710.0,8402.9,8405.9
1747754586469,,
1747754586663.0,8402.4,8405.4
1747754590282.0,8401.9,8404.9
1747754618453.0,8400.9,8403.9
1747754621907,,
1747754622272.0,8400.4,8403.4
1747754623213.0,8399.9,8402.9
1747754623412.0,8400.4,8403.4
1747754624347.0,8399.9,8402.9
1747754638772,,
1747754639420.0,8399.4,8402.4
1747754640893.0,8399.9,8402.9
1747754645528.0,8399.4,8402.4
1747754646272.0,8399.9,8402.9
1747754646489.0,8399.4,8402.4
1747754648846.0,8399.9,8402.9
1747754655041,,
1747754655241.0,8400.9,8403.9
1747754664970,,
1747754665171.0,8401.9,8404.9
1747754672638,,
1747754672737.0,8401.4,8404.4
1747754678340.0,8400.9,8403.9
1747754679397.0,8401.4,8404.4
1747754684373.0,8400.9,8403.9
1747754684572.0,8401.4,8404.4
1747754684772.0,8400.9,8403.9
1747754685120.0,8401.4,8404.4
1747754694710.0,8400.9,8403.9
1747754700119.0,8400.4,8403.4
1747754700904.0,8399.9,8402.9
1747754712121,,
1747754712323.0,8398.9,8401.9
1747754713150.0,8399.4,8402.4
1747754713350.0,8398.9,8401.9
1747754714182.0,8399.4,8402.4
1747754714364.0,8399.9,8402.9
1747754724875,,
1747754725077.0,8400.4,8403.4
1747754725922.0,8400.9,8403.9
1747754736414,,
1747754736614.0,8401.9,8404.9
1747754743779,,
1747754744040,,
1747754763266,,
1747754763469.0,8401.4,8404.4
1747754771702.0,8401.9,8404.9
1747754776164,,
1747754776364.0,8402.9,8405.9
1747754800265,,
1747754800465.0,8403.4,8406.4
1747754801769.0,8403.9,8406.9
1747754821217.0,8402.9,8405.9
1747754827341,,
1747754827542.0,8402.4,8405.4
1747754830248.0,8401.9,8404.9
1747754830445.0,8402.4,8405.4
1747754830870.0,8402.9,8405.9
1747754832756.0,8402.4,8405.4
1747754833296.0,8401.9,8404.9
1747754834174.0,8402.4,8405.4
1747754837385.0,8401.9,8404.9
1747754851383,,
1747754851586.0,8400.9,8403.9
1747754875174.0,8401.9,8404.9
1747754875373.0,8401.4,8404.4
1747754878315.0,8401.9,8404.9
1747754880604.0,8401.4,8404.4
1747754883066.0,8400.9,8403.9
1747754895342.0,8400.4,8403.4
1747754898903.0,8399.9,8402.9
1747754911942.0,8399.4,8402.4
1747754914272.0,8398.9,8401.9
1747754914472.0,8399.4,8402.4
1747754914843.0,8399.9,8402.9
1747754936466,,
1747754940997.0,8400.4,8403.4
1747754942847.0,8400.9,8403.9
1747754943046.0,8399.9,8402.9
1747754945344.0,8400.4,8403.4
1747754945626.0,8399.9,8402.9
1747754952637,,
1747754971034,,
1747754971235.0,8399.4,8402.4
1747754971804.0,8398.9,8401.9
1747754993914,,
1747754994835.0,8398.4,8401.4
1747754995159,,
1747754995359.0,8398.9,8401.9
1747754996615.0,8398.4,8401.4
1747754996816.0,8398.9,8401.9
1747754998148,,
1747755001111,,
1747755001321,,
1747755002570,,
1747755003625.0,8399.9,8402.9
1747755003915.0,8399.4,8402.4
1747755004752.0,8398.9,8401.9
1747755004952.0,8399.4,8402.4
1747755005384.0,8399.9,8402.9
1747755005585.0,8399.4,8402.4
1747755006038.0,8398.9,8401.9
1747755022592,,
1747755022793.0,8398.4,8401.4
1747755023363.0,8397.9,8400.9
1747755024253.0,8398.4,8401.4
1747755030311.0,8398.9,8401.9
1747755030804.0,8398.4,8401.4
1747755031003.0,8398.9,8401.9
1747755040526,,
1747755040726.0,8399.4,8402.4
1747755042283.0,8399.9,8402.9
1747755042482.0,8398.9,8401.9
1747755045463,,
1747755045661.0,8398.4,8401.4
1747755045978.0,8398.9,8401.9
1747755061669.0,8398.4,8401.4
1747755070168.0,8397.9,8400.9
1747755098279,,
1747755127890,,
1747755128089.0,8397.4,8400.4
1747755130223,,
1747755130421.0,8397.9,8400.9
1747755133424.0,8397.4,8400.4
1747755135177.0,8397.9,8400.9
1747755136726.0,8397.4,8400.4
1747755137296.0,8396.9,8399.9
1747755137494.0,8397.9,8400.9
1747755148483,,
1747755148651.0,8397.4,8400.4
1747755148852.0,8396.9,8399.9
1747755160100,,
1747755161423,,
1747755162316,,
1747755162517.0,8395.9,8398.9
1747755174080.0,8396.4,8399.4
1747755175780.0,8396.9,8399.9
1747755175980.0,8396.4,8399.4
1747755178143.0,8395.9,8398.9
1747755178341.0,8396.4,8399.4
1747755179596.0,8395.9,8398.9
1747755180081.0,8396.4,8399.4
1747755181893.0,8395.9,8398.9
1747755182402.0,8396.4,8399.4
1747755185268.0,8395.9,8398.9
1747755185515.0,8396.4,8399.4
1747755186492.0,8395.9,8398.9
1747755189731,,
1747755189928,,
1747755192229,,
1747755192770,,
1747755192945.0,8395.4,8398.4
1747755193527.0,8394.9,8397.9
1747755195371,,
1747755199111.0,8394.4,8397.4
1747755202956,,
1747755203156,,
1747755204103.0,8393.9,8396.9
1747755204553,,
1747755205791.0,8394.4,8397.4
1747755205991,,
1747755206524,,
1747755206681.0,8393.9,8396.9
1747755208411,,
1747755210764.0,8393.4,8396.4
1747755211809.0,8392.9,8395.9
1747755216267,,
1747755216435.0,8393.9,8396.9
1747755229913,,
1747755230115.0,8394.9,8397.9
1747755231797.0,8395.4,8398.4
1747755232123.0,8394.9,8397.9
1747755241033,,
1747755241234.0,8395.9,8398.9
1747755241677.0,8394.9,8397.9
1747755243328,,
1747755243428.0,8395.4,8398.4
1747755244327.0,8395.9,8398.9
1747755264135.0,8396.4,8399.4
1747755264389.0,8395.9,8398.9
1747755270493,,
1747755270593.0,8395.4,8398.4
1747755270860.0,8395.9,8398.9
1747755272953,,
1747755273051.0,8395.4,8398.4
1747755273216.0,8394.9,8397.9
1747755273416.0,8395.4,8398.4
1747755273849.0,8395.9,8398.9
1747755277232.0,8394.9,8397.9
1747755277430.0,8395.4,8398.4
1747755277989.0,8395.9,8398.9
1747755285256.0,8395.4,8398.4
1747755287641.0,8395.9,8398.9
1747755287842.0,8395.4,8398.4
1747755288223.0,8395.9,8398.9
1747755297042.0,8395.9,8398.9
1747755313035.0,8395.4,8398.4
1747755315753.0,8395.9,8398.9
1747755316837.0,8395.4,8398.4
1747755320366.0,8395.9,8398.9
1747755320659.0,8395.4,8398.4
1747755323772.0,8395.9,8398.9
1747755335510,,
1747755335610.0,8395.4,8398.4
1747755335797.0,8394.9,8397.9
1747755336733.0,8395.4,8398.4
1747755340099.0,8395.9,8398.9
1747755345250.0,8395.4,8398.4
1747755345628.0,8395.9,8398.9
1747755352173,,
1747755352373.0,8396.4,8399.4
1747755354688.0,8396.9,8399.9
1747755357350.0,8396.4,8399.4
1747755363332.0,8395.9,8398.9
1747755372785.0,8396.4,8399.4
1747755373168.0,8395.9,8398.9
1747755392055.0,8395.4,8398.4
1747755393151.0,8395.9,8398.9
1747755393381.0,8395.4,8398.4
1747755393868.0,8395.9,8398.9
1747755395256.0,8395.4,8398.4
1747755395484.0,8395.9,8398.9
1747755396710.0,8395.4,8398.4
1747755401461.0,8394.9,8397.9
1747755405290,,
1747755405475.0,8395.4,8398.4
1747755406642.0,8395.9,8398.9
1747755408562.0,8395.4,8398.4
1747755411176.0,8395.9,8398.9
1747755415014.0,8395.4,8398.4
1747755420279.0,8395.9,8398.9
1747755420478.0,8395.4,8398.4
1747755421009.0,8394.9,8397.9
1747755439084.0,8395.4,8398.4
1747755442396.0,8394.9,8397.9
1747755443251.0,8395.4,8398.4
1747755443451.0,8394.9,8397.9
1747755445121.0,8395.4,8398.4
1747755451013.0,8394.9,8397.9
1747755452033.0,8395.4,8398.4
1747755465158.0,8395.9,8398.9
1747755471780.0,8395.4,8398.4
1747755477021.0,8394.9,8397.9
1747755478015.0,8395.4,8398.4
1747755479928.0,8394.9,8397.9
1747755484672.0,8394.4,8397.4
1747755484871.0,8394.9,8397.9
1747755487494.0,8394.4,8397.4
1747755489591.0,8393.9,8396.9
1747755518539,,
1747755518742.0,8394.9,8397.9
1747755522476.0,8394.4,8397.4
1747755522673.0,8393.9,8396.9
1747755522875.0,8394.4,8397.4
1747755524203.0,8394.9,8397.9
1747755527862.0,8394.4,8397.4
1747755528061.0,8393.9,8396.9
1747755528321.0,8394.4,8397.4
1747755532493.0,8393.9,8396.9
1747755532970.0,8394.4,8397.4
1747755536466.0,8393.9,8396.9
1747755537931.0,8394.4,8397.4
1747755538132.0,8393.9,8396.9
1747755549144.0,8393.4,8396.4
1747755549513.0,8393.9,8396.9
1747755550827.0,8393.4,8396.4
1747755554158.0,8393.9,8396.9
1747755572574,,
1747755572773.0,8394.9,8397.9
1747755590373.0,8394.9,8397.9
1747755590654.0,8394.4,8397.4
1747755596821.0,8393.9,8396.9
1747755600374.0,8394.4,8397.4
1747755603379.0,8393.9,8396.9
1747755616969.0,8393.4,8396.4
1747755618104.0,8392.9,8395.9
1747755618895.0,8393.4,8396.4
1747755621644.0,8393.9,8396.9
1747755623321.0,8393.4,8396.4
1747755626115.0,8393.9,8396.9
1747755627106.0,8393.4,8396.4
1747755629420.0,8393.9,8396.9
1747755633930.0,8394.4,8397.4
1747755645904.0,8394.9,8397.9
1747755651698.0,8394.4,8397.4
1747755656393.0,8393.9,8396.9
1747755661397.0,8393.4,8396.4
1747755663876.0,8392.9,8395.9
1747755664077.0,8393.4,8396.4
1747755664277.0,8392.9,8395.9
1747755665784.0,8393.4,8396.4
1747755668246.0,8392.9,8395.9
1747755671379.0,8392.4,8395.4
1747755671828.0,8392.9,8395.9
1747755672773.0,8392.4,8395.4
1747755675944.0,8392.9,8395.9
1747755676219.0,8392.4,8395.4
1747755681733.0,8392.9,8395.9
1747755688612.0,8392.4,8395.4
1747755691220.0,8391.9,8394.9
1747755691421.0,8392.4,8395.4
1747755696162.0,8392.9,8395.9
1747755702291,,
1747755702488.0,8393.4,8396.4
1747755710146.0,8393.9,8396.9
1747755713132.0,8393.4,8396.4
1747755713624.0,8393.9,8396.9
1747755719233.0,8393.4,8396.4
1747755722955.0,8393.9,8396.9
1747755739714.0,8394.4,8397.4
1747755739911.0,8394.9,8397.9
1747755744702.0,8394.4,8397.4
1747755749942.0,8394.9,8397.9
1747755755769.0,8394.4,8397.4
1747755756024,,
1747755756733.0,8393.9,8396.9
1747755762861.0,8393.4,8396.4
1747755763579.0,8393.9,8396.9
1747755763777.0,8393.4,8396.4
1747755765283.0,8393.9,8396.9
1747755782677.0,8393.4,8396.4
1747755784314.0,8392.9,8395.9
1747755785491.0,8393.4,8396.4
1747755794727.0,8392.9,8395.9
1747755795396.0,8393.4,8396.4
1747755795706.0,8392.9,8395.9
1747755798864.0,8393.4,8396.4
1747755799069.0,8392.9,8395.9
1747755799722.0,8393.4,8396.4
1747755800053.0,8392.9,8395.9
1747755806808.0,8393.4,8396.4
1747755822870.0,8393.9,8396.9
1747755823508.0,8393.4,8396.4
1747755823708.0,8393.9,8396.9
1747755841148.0,8392.9,8395.9
1747755857121,,
1747755857322.0,8392.4,8395.4
1747755857522.0,8392.9,8395.9
1747755884076.0,8393.4,8396.4
1747755888103.0,8392.9,8395.9
1747755888439.0,8393.4,8396.4
1747755889204.0,8392.9,8395.9
1747755892921.0,8392.4,8395.4
1747755895813.0,8392.9,8395.9
1747755900919.0,8392.4,8395.4
1747755901118.0,8392.9,8395.9
1747755901489.0,8392.4,8395.4
1747755902317.0,8392.9,8395.9
1747755902515.0,8392.4,8395.4
1747755907680.0,8391.9,8394.9
1747755908235.0,8392.4,8395.4
1747755908564.0,8391.9,8394.9
1747755915418.0,8392.4,8395.4
1747755917355.0,8392.9,8395.9
1747755922810,,
1747755922908.0,8392.4,8395.4
1747755936364.0,8391.9,8394.9
1747755936564.0,8392.4,8395.4
1747755944057.0,8391.9,8394.9
1747755949384.0,8392.4,8395.4
1747755952537.0,8392.9,8395.9
1747755960947.0,8392.4,8395.4
1747755962079.0,8392.9,8395.9
1747755962437.0,8392.4,8395.4
1747755969791.0,8392.9,8395.9
1747755970720.0,8392.4,8395.4
1747755972585.0,8392.9,8395.9
1747755980523,,
1747755980723.0,8393.4,8396.4
1747755985603.0,8393.9,8396.9
1747755986916.0,8393.4,8396.4
1747755991310.0,8393.9,8396.9
1747755992313.0,8393.4,8396.4
1747755992792.0,8393.9,8396.9
1747755994404.0,8393.4,8396.4
1747755994804.0,8393.9,8396.9
1747755996087.0,8393.4,8396.4
1747755996709.0,8393.9,8396.9
1747755996910.0,8393.4,8396.4
1747755999096.0,8393.9,8396.9
1747755999619.0,8393.4,8396.4
1747756001151.0,8393.9,8396.9
1747756001696.0,8393.4,8396.4
1747756002070.0,8393.9,8396.9
1747756011255.0,8394.4,8397.4
1747756012408.0,8393.9,8396.9
1747756015719,,
1747756015894.0,8393.4,8396.4
1747756016599.0,8392.9,8395.9
1747756020998.0,8392.4,8395.4
1747756029609.0,8391.9,8394.9
1747756040904,,
1747756100303,,
1747756100504.0,8392.4,8395.4
1747756100703.0,8391.9,8394.9
1747756101606.0,8392.4,8395.4
1747756103587.0,8392.9,8395.9
1747756118959,,
1747756119159.0,8393.4,8396.4
1747756119736.0,8393.9,8396.9
1747756121303.0,8393.4,8396.4
1747756121765.0,8392.9,8395.9
1747756139211.0,8393.4,8396.4
1747756140946.0,8392.9,8395.9
1747756149571,,
1747756149770.0,8392.4,8395.4
1747756150400.0,8391.9,8394.9
1747756157482.0,8392.4,8395.4
1747756164670.0,8392.9,8395.9
1747756165543.0,8392.4,8395.4
1747756169045.0,8392.9,8395.9
1747756169344.0,8392.4,8395.4
1747756185231.0,8392.9,8395.9
1747756191839.0,8393.4,8396.4
1747756192608.0,8393.9,8396.9
1747756192805.0,8393.4,8396.4
1747756197223.0,8392.9,8395.9
1747756218273,,
1747756218473.0,8392.4,8395.4
1747756219649.0,8391.9,8394.9
1747756226433.0,8392.4,8395.4
1747756228003.0,8392.9,8395.9
1747756229447.0,8392.4,8395.4
1747756230040,,
1747756230239.0,8392.9,8395.9
1747756240608.0,8393.4,8396.4
1747756242592.0,8393.9,8396.9
1747756243786.0,8393.4,8396.4
1747756245177.0,8393.9,8396.9
1747756253562.0,8393.4,8396.4
1747756253919.0,8393.9,8396.9
1747756254691.0,8393.4,8396.4
1747756255279.0,8393.9,8396.9
1747756258747.0,8393.4,8396.4
1747756260924.0,8392.9,8395.9
1747756286283.0,8393.4,8396.4
1747756288935.0,8393.9,8396.9
1747756302313.0,8393.4,8396.4
1747756306062.0,8393.9,8396.9
1747756320894.0,8393.4,8396.4
1747756328487.0,8393.9,8396.9
1747756329483.0,8393.4,8396.4
1747756333319.0,8392.9,8395.9
1747756333688.0,8393.4,8396.4
1747756334737.0,8392.9,8395.9
1747756338006.0,8393.4,8396.4
1747756338236.0,8392.9,8395.9
1747756338435.0,8393.4,8396.4
1747756338635.0,8392.9,8395.9
1747756354013.0,8393.4,8396.4
1747756357494.0,8392.9,8395.9
1747756363017.0,8393.4,8396.4
1747756363215.0,8392.9,8395.9
1747756365160.0,8393.4,8396.4
1747756376589.0,8393.9,8396.9
1747756382653.0,8392.9,8395.9
1747756384273.0,8393.4,8396.4
1747756402362.0,8392.9,8395.9
1747756403790.0,8393.4,8396.4
1747756407209.0,8392.9,8395.9
1747756409620.0,8393.4,8396.4
1747756410476.0,8392.9,8395.9
1747756415639.0,8393.4,8396.4
1747756415838.0,8392.9,8395.9
1747756418714.0,8392.4,8395.4
1747756429837.0,8392.9,8395.9
1747756435560.0,8393.4,8396.4
1747756435760.0,8392.9,8395.9
1747756436868.0,8393.4,8396.4
1747756438839.0,8392.9,8395.9
1747756500335.0,8393.4,8396.4
1747756500942.0,8392.9,8395.9
1747756506910.0,8393.4,8396.4
1747756507399.0,8392.9,8395.9
1747756511821.0,8393.4,8396.4
1747756512021.0,8392.9,8395.9
1747756515824.0,8393.4,8396.4
1747756516024.0,8392.9,8395.9
1747756516673.0,8393.4,8396.4
1747756517509.0,8393.9,8396.9
1747756537382,,
1747756537581.0,8394.4,8397.4
1747756537782.0,8394.9,8397.9
1747756557705.0,8395.4,8398.4
1747756558344.0,8395.9,8398.9
1747756558818.0,8395.4,8398.4
1747756559531.0,8395.9,8398.9
1747756580344,,
1747756580543.0,8396.4,8399.4
1747756580785.0,8396.9,8399.9
1747756582495.0,8395.9,8398.9
1747756589416.0,8396.4,8399.4
1747756592999.0,8396.9,8399.9
1747756593851.0,8396.4,8399.4
1747756599168.0,8396.9,8399.9
1747756601409.0,8396.4,8399.4
1747756614504.0,8395.9,8398.9
1747756618370,,
1747756618547.0,8396.4,8399.4
1747756623922.0,8396.9,8399.9
1747756637967.0,8396.4,8399.4
1747756639455.0,8395.9,8398.9
1747756657693.0,8396.4,8399.4
1747756657970.0,8395.9,8398.9
1747756660044.0,8396.4,8399.4
1747756663300.0,8396.9,8399.9
1747756663499.0,8396.4,8399.4
1747756672970.0,8396.9,8399.9
1747756673170.0,8396.4,8399.4
1747756676454.0,8396.9,8399.9
1747756676652.0,8396.4,8399.4
1747756677510,,
1747756680943.0,8395.9,8398.9
1747756683670.0,8396.4,8399.4
1747756683924.0,8395.9,8398.9
1747756684823.0,8396.4,8399.4
1747756685530.0,8395.9,8398.9
1747756686543.0,8396.4,8399.4
1747756686865.0,8395.9,8398.9
1747756728038.0,8396.4,8399.4
1747756730024.0,8395.9,8398.9
1747756744902,,
1747756745103.0,8395.4,8398.4
1747756753358.0,8394.9,8397.9
1747756753838.0,8395.4,8398.4
1747756760565.0,8395.9,8398.9
1747756761162,,
1747756761363.0,8396.4,8399.4
1747756771546.0,8395.9,8398.9
1747756772990.0,8396.4,8399.4
1747756773189.0,8396.9,8399.9
1747756777198,,
1747756780502.0,8397.4,8400.4
1747756783061,,
1747756783261.0,8397.9,8400.9
1747756786086,,
1747756786185.0,8398.4,8401.4
1747756787419,,
1747756789167,,
1747756789366.0,8398.9,8401.9
1747756790825,,
1747756791027.0,8397.9,8400.9
1747756791227.0,8398.4,8401.4
1747756791429.0,8397.9,8400.9
1747756791667.0,8398.4,8401.4
1747756795157,,
1747756795358.0,8398.9,8401.9
1747756796868,,
1747756797068.0,8398.4,8401.4
1747756800561.0,8397.9,8400.9
1747756801324,,
1747756801526.0,8396.9,8399.9
1747756805545.0,8397.4,8400.4
1747756805919.0,8396.9,8399.9
1747756808662.0,8397.4,8400.4
1747756809749.0,8396.9,8399.9
1747756814629.0,8397.4,8400.4
1747756820854.0,8396.9,8399.9
1747756850313,,
1747756850514.0,8396.4,8399.4
1747756852463.0,8395.9,8398.9
1747756854588.0,8396.4,8399.4
1747756858337.0,8396.9,8399.9
1747756858545.0,8396.4,8399.4
1747756858736.0,8396.9,8399.9
1747756868761.0,8396.4,8399.4
1747756874034.0,8395.9,8398.9
1747756875231.0,8396.4,8399.4
1747756875853.0,8396.9,8399.9
1747756895831.0,8397.4,8400.4
1747756896051.0,8397.9,8400.9
1747756920666,,
1747756920864.0,8398.9,8401.9
1747756937054,,
1747756937207.0,8398.4,8401.4
1747756948286.0,8397.9,8400.9
1747756948731.0,8398.4,8401.4
1747756949339.0,8397.9,8400.9
1747756965202,,
1747756965399.0,8397.4,8400.4
1747756967422.0,8396.9,8399.9
1747756971514.0,8397.4,8400.4
1747756974052.0,8396.9,8399.9
1747756980785.0,8397.4,8400.4
1747756997239.0,8397.9,8400.9
1747756997438.0,8397.4,8400.4
1747757002025.0,8396.9,8399.9
1747757059789,,
1747757059989.0,8396.4,8399.4
1747757064581.0,8395.9,8398.9
1747757081281.0,8396.4,8399.4
1747757100567.0,8395.9,8398.9
1747757133359,,
1747757133560.0,8394.9,8397.9
1747757137542.0,8394.4,8397.4
1747757143378.0,8393.9,8396.9
1747757159996,,
1747757160800.0,8393.4,8396.4
1747757161166.0,8392.9,8395.9
1747757162336.0,8393.4,8396.4
1747757168841.0,8393.9,8396.9
1747757177596.0,8393.4,8396.4
1747757186206.0,8392.9,8395.9
1747757201522.0,8392.4,8395.4
1747757203787.0,8391.9,8394.9
1747757204014.0,8392.4,8395.4
1747757204506.0,8391.9,8394.9
1747757205515.0,8392.4,8395.4
1747757207642.0,8391.9,8394.9
1747757209316.0,8392.4,8395.4
1747757210221.0,8391.9,8394.9
1747757217294.0,8391.4,8394.4
1747757217494.0,8391.9,8394.9
1747757220999,,
1747757221202.0,8392.4,8395.4
1747757224990.0,8392.9,8395.9
1747757228761,,
1747757228926.0,8392.4,8395.4
1747757233613.0,8391.9,8394.9
1747757237605.0,8392.4,8395.4
1747757238051.0,8391.9,8394.9
1747757245902.0,8392.4,8395.4
1747757248561.0,8391.9,8394.9
1747757250613.0,8392.4,8395.4
1747757254114.0,8392.9,8395.9
1747757265155,,
1747757265553.0,8393.9,8396.9
1747757274190.0,8393.4,8396.4
1747757295474.0,8393.9,8396.9
1747757295672.0,8393.4,8396.4
1747757298416.0,8392.9,8395.9
1747757315363.0,8392.4,8395.4
1747757315563.0,8392.9,8395.9
1747757339042,,
1747757351400,,
1747757351500.0,8391.9,8394.9
1747757353494,,
1747757353607.0,8392.9,8395.9
1747757400675.0,8393.4,8396.4
1747757400991.0,8392.9,8395.9
1747757431971,,
1747757432169.0,8392.4,8395.4
1747757432502.0,8391.9,8394.9
1747757434339.0,8391.4,8394.4
1747757435107.0,8390.9,8393.9
1747757438039,,
1747757438238.0,8391.4,8394.4
1747757438555.0,8390.9,8393.9
1747757440550,,
1747757440750.0,8390.4,8393.4
1747757441314.0,8389.9,8392.9
1747757442063,,
1747757442239.0,8390.9,8393.9
1747757448747.0,8390.4,8393.4
1747757449515.0,8389.9,8392.9
1747757451037.0,8390.4,8393.4
1747757451353.0,8389.9,8392.9
1747757466321.0,8390.4,8393.4
1747757466637.0,8389.9,8392.9
1747757476292.0,8388.9,8391.9
1747757477916.0,8389.9,8392.9
1747757478539.0,8389.4,8392.4
1747757479487.0,8389.9,8392.9
1747757486938.0,8389.4,8392.4
1747757489058.0,8389.9,8392.9
1747757489247.0,8389.4,8392.4
1747757496314.0,8389.9,8392.9
1747757497579.0,8389.4,8392.4
1747757501410.0,8389.9,8392.9
1747757502202.0,8389.4,8392.4
1747757502988.0,8389.9,8392.9
1747757510730.0,8389.4,8392.4
1747757514668.0,8388.9,8391.9
1747757514867.0,8389.4,8392.4
1747757515068.0,8389.9,8392.9
1747757530915,,
1747757531116.0,8390.9,8393.9
1747757532086.0,8390.4,8393.4
1747757542675.0,8390.9,8393.9
1747757553496.0,8390.4,8393.4
1747757553896.0,8390.9,8393.9
1747757554314.0,8390.4,8393.4
1747757555180.0,8390.9,8393.9
1747757558623.0,8390.4,8393.4
1747757559215.0,8390.9,8393.9
1747757559620.0,8390.4,8393.4
1747757565325.0,8390.9,8393.9
1747757567164.0,8390.4,8393.4
1747757574302.0,8389.9,8392.9
1747757596201,,
1747757596367.0,8390.4,8393.4
1747757597923.0,8390.9,8393.9
1747757607769,,
1747757625162,,
1747757625359.0,8391.9,8394.9
1747757638373.0,8391.4,8394.4
1747757640576.0,8390.9,8393.9
1747757651704,,
1747757651904.0,8390.4,8393.4
1747757652115.0,8390.9,8393.9
1747757673758.0,8390.4,8393.4
1747757674126.0,8390.9,8393.9
1747757674326.0,8390.4,8393.4
1747757675282.0,8389.9,8392.9
1747757718080,,
1747757718271.0,8390.4,8393.4
1747757729839.0,8389.9,8392.9
1747757736246,,
1747757736446.0,8389.4,8392.4
1747757736795.0,8389.9,8392.9
1747757738742.0,8389.4,8392.4
1747757740247.0,8389.9,8392.9
1747757743774.0,8389.4,8392.4
1747757743972.0,8389.9,8392.9
1747757745838.0,8389.4,8392.4
1747757750036.0,8389.9,8392.9
1747757751119.0,8389.4,8392.4
1747757756950.0,8388.9,8391.9
1747757757151.0,8389.4,8392.4
1747757760158.0,8388.9,8391.9
1747757779917.0,8389.9,8392.9
1747757805606,,
1747757805732.0,8388.9,8391.9
1747757805963.0,8389.4,8392.4
1747757809214.0,8389.9,8392.9
1747757811830.0,8389.4,8392.4
1747757820581.0,8388.9,8391.9
1747757858102.0,8389.9,8392.9
1747757868486.0,8390.4,8393.4
1747757875926.0,8389.9,8392.9
1747757881027,,
1747757881427,,
1747757906705,,
1747757912475,,
1747757912644.0,8389.4,8392.4
1747757914885.0,8389.9,8392.9
1747758017736,,
1747758017937.0,8390.4,8393.4
1747758018508.0,8390.9,8393.9
1747758020643.0,8390.4,8393.4
1747758022491.0,8390.9,8393.9
1747758029529.0,8390.4,8393.4
1747758034967.0,8390.9,8393.9
1747758038258,,
1747758038458.0,8391.9,8394.9
1747758047339.0,8391.4,8394.4
1747758060965.0,8390.9,8393.9
1747758061165.0,8391.4,8394.4
1747758061709.0,8391.9,8394.9
1747758061909.0,8391.4,8394.4
1747758063399.0,8390.9,8393.9
1747758080579,,
1747758080773.0,8389.9,8392.9
1747758084326.0,8390.4,8393.4
1747758093409.0,8390.9,8393.9
1747758093864.0,8390.4,8393.4
1747758105700.0,8390.9,8393.9
1747758116195.0,8391.4,8394.4
1747758121242.0,8390.9,8393.9
1747758121790.0,8391.4,8394.4
1747758122208.0,8390.9,8393.9
1747758152495.0,8391.4,8394.4
1747758153044.0,8390.9,8393.9
1747758156981.0,8390.4,8393.4
1747758159073.0,8389.9,8392.9
1747758159784.0,8390.4,8393.4
1747758160443.0,8389.9,8392.9
1747758160875.0,8390.4,8393.4
1747758176683.0,8389.9,8392.9
1747758178290.0,8390.4,8393.4
1747758180916.0,8389.9,8392.9
1747758187236.0,8390.4,8393.4
1747758196982.0,8390.9,8393.9
1747758197180.0,8390.4,8393.4
1747758198356.0,8390.9,8393.9
1747758215592.0,8390.4,8393.4
1747758216321.0,8390.9,8393.9
1747758223924.0,8390.4,8393.4
1747758224928.0,8390.9,8393.9
1747758241244.0,8390.4,8393.4
1747758241444.0,8389.9,8392.9
1747758248246,,
1747758248446.0,8389.4,8392.4
1747758248781.0,8389.9,8392.9
1747758265251.0,8389.4,8392.4
1747758267360.0,8389.9,8392.9
1747758267560.0,8389.4,8392.4
1747758270401.0,8388.9,8391.9
1747758271034.0,8389.4,8392.4
1747758271978.0,8388.9,8391.9
1747758274003.0,8389.4,8392.4
1747758291792.0,8388.9,8391.9
1747758309553,,
1747758309752.0,8388.4,8391.4
1747758312903.0,8388.9,8391.9
1747758313670.0,8388.4,8391.4
1747758320973.0,8387.9,8390.9
1747758326157.0,8388.4,8391.4
1747758326548.0,8387.9,8390.9
1747758329572.0,8388.4,8391.4
1747758330558.0,8388.9,8391.9
1747758330781.0,8388.4,8391.4
1747758332063.0,8388.9,8391.9
1747758334361.0,8388.4,8391.4
1747758338223.0,8388.9,8391.9
1747758347654.0,8388.4,8391.4
1747758348922.0,8388.9,8391.9
1747758351596.0,8388.4,8391.4
1747758352332.0,8388.9,8391.9
1747758360661.0,8388.4,8391.4
1747758360905.0,8387.9,8390.9
1747758363340.0,8388.4,8391.4
1747758372236.0,8387.9,8390.9
1747758373567.0,8388.4,8391.4
1747758374414.0,8387.9,8390.9
1747758374641.0,8388.4,8391.4
1747758376134.0,8387.9,8390.9
1747758380659.0,8388.4,8391.4
1747758383641.0,8388.9,8391.9
1747758391513.0,8388.4,8391.4
1747758414412.0,8388.9,8391.9
1747758414610.0,8388.4,8391.4
1747758417712.0,8388.9,8391.9
1747758420470.0,8389.4,8392.4
1747758437653.0,8388.9,8391.9
1747758453050.0,8389.4,8392.4
1747758455266.0,8388.9,8391.9
1747758458644.0,8389.4,8392.4
1747758469851.0,8389.9,8392.9
1747758470048.0,8389.4,8392.4
1747758479940.0,8389.9,8392.9
1747758483150,,
1747758484934.0,8389.4,8392.4
1747758497590.0,8389.9,8392.9
1747758525162,,
1747758525361.0,8390.4,8393.4
1747758525927.0,8390.9,8393.9
1747758541132.0,8389.9,8392.9
1747758548462.0,8390.4,8393.4
1747758551592.0,8389.9,8392.9
1747758552101,,
1747758554911.0,8390.4,8393.4
1747758563304.0,8390.9,8393.9
1747758571658.0,8390.4,8393.4
1747758571938.0,8390.9,8393.9
1747758577178.0,8389.9,8392.9
1747758617293.0,8390.4,8393.4
1747758623108.0,8389.9,8392.9
1747758705592.0,8390.4,8393.4
1747758707834.0,8389.9,8392.9
1747758712708.0,8390.4,8393.4
1747758712919.0,8389.9,8392.9
1747758713464.0,8390.4,8393.4
1747758715723.0,8389.9,8392.9
1747758718209.0,8390.4,8393.4
1747758720902.0,8389.9,8392.9
1747758722978.0,8390.4,8393.4
1747758723457.0,8389.9,8392.9
1747758725112.0,8390.4,8393.4
1747758732463.0,8389.9,8392.9
1747758770505,,
1747758770706.0,8388.9,8391.9
1747758776268.0,8389.4,8392.4
1747758777036.0,8389.9,8392.9
1747758780796.0,8388.9,8391.9
1747758829078.0,8389.9,8392.9
1747758895130.0,8389.4,8392.4
1747758895446.0,8389.9,8392.9
1747758931817,,
1747758932015.0,8390.4,8393.4
1747758932588.0,8390.9,8393.9
1747758934990.0,8390.4,8393.4
1747758935444.0,8390.9,8393.9
1747758944837,,
1747758944935.0,8390.4,8393.4
1747758945418.0,8390.4,8393.4
1747758945734.0,8390.9,8393.9
1747758962630,,
1747758962830.0,8391.4,8394.4
1747758963319.0,8391.9,8394.9
1747758989992,,
1747758990164.0,8390.9,8393.9
1747758990526,,
1747758990682.0,8391.4,8394.4
1747758990999.0,8391.9,8394.9
1747759013326,,
1747759014046.0,8392.4,8395.4
1747759014260.0,8392.9,8395.9
1747759034667,,
1747759034781.0,8391.9,8394.9
1747759035297.0,8392.9,8395.9
1747759049555.0,8391.9,8394.9
1747759057716,,
1747759057815.0,8392.9,8395.9
1747759070453.0,8393.4,8396.4
1747759070654.0,8393.9,8396.9
1747759072429,,
1747759072630.0,8392.9,8395.9
1747759073145.0,8393.4,8396.4
1747759073462.0,8393.9,8396.9
1747759073661.0,8393.4,8396.4
1747759074127.0,8393.9,8396.9
1747759081330.0,8393.4,8396.4
1747759081532.0,8392.9,8395.9
1747759081728.0,8393.4,8396.4
1747759082171.0,8393.9,8396.9
1747759093173,,
1747759121710,,
1747759121912.0,8394.4,8397.4
1747759125928.0,8394.9,8397.9
1747759126125.0,8394.4,8397.4
1747759126599.0,8394.9,8397.9
1747759127864,,
1747759127964.0,8393.9,8396.9
1747759128164.0,8394.4,8397.4
1747759130322.0,8394.9,8397.9
1747759130522.0,8394.4,8397.4
1747759139396.0,8394.9,8397.9
1747759140897.0,8394.4,8397.4
1747759144210.0,8393.9,8396.9
1747759144703.0,8394.4,8397.4
1747759145797.0,8393.9,8396.9
1747759189739.0,8394.4,8397.4
1747759211036.0,8394.9,8397.9
1747759224209.0,8394.4,8397.4
1747759224496.0,8393.9,8396.9
1747759230845.0,8394.4,8397.4
1747759245296.0,8393.9,8396.9
1747759265351,,
1747759265551.0,8393.4,8396.4
1747759271456.0,8392.9,8395.9
1747759277708.0,8393.4,8396.4
1747759280030.0,8393.9,8396.9
1747759284727,,
1747759289631.0,8393.4,8396.4
1747759303516.0,8392.9,8395.9
1747759305582.0,8393.4,8396.4
1747759331719.0,8393.9,8396.9
1747759333205,,
1747759333305.0,8393.4,8396.4
1747759340748.0,8392.9,8395.9
1747759341323.0,8393.4,8396.4
1747759364059.0,8393.9,8396.9
1747759364843,,
1747759365541.0,8394.4,8397.4
1747759367253.0,8393.9,8396.9
1747759370133.0,8394.4,8397.4
1747759371157.0,8394.9,8397.9
1747759371360.0,8394.4,8397.4
1747759382531.0,8393.9,8396.9
1747759385863,,
1747759386030.0,8394.4,8397.4
1747759390555.0,8393.9,8396.9
1747759395504,,
1747759395702.0,8393.4,8396.4
1747759404455.0,8392.9,8395.9
1747759405319.0,8393.4,8396.4
1747759411669.0,8393.9,8396.9
1747759427994.0,8394.4,8397.4
1747759428759.0,8394.9,8397.9
1747759428956.0,8394.4,8397.4
1747759432081,,
1747759432966,,
1747759504136.0,8394.9,8397.9
1747759504336.0,8394.4,8397.4
1747759506684.0,8393.9,8396.9
1747759507278.0,8394.4,8397.4
1747759524790.0,8393.9,8396.9
1747759524991.0,8394.4,8397.4
1747759530455.0,8393.9,8396.9
1747759531044.0,8394.4,8397.4
1747759531722.0,8393.9,8396.9
1747759561103,,
1747759561303.0,8393.4,8396.4
1747759571446.0,8393.9,8396.9
1747759573644.0,8393.4,8396.4
1747759589675.0,8393.4,8396.4
1747759590411.0,8392.9,8395.9
1747759597887.0,8393.4,8396.4
1747759605156.0,8393.9,8396.9
1747759617604.0,8394.4,8397.4
1747759642487.0,8394.9,8397.9
1747759651767,,
1747759651969.0,8395.4,8398.4
1747759652168.0,8394.9,8397.9
1747759715637,,
1747759741621.0,8394.4,8397.4
1747759766236.0,8393.9,8396.9
1747759840964.0,8394.9,8397.9
1747759879081,,
1747759879987,,
1747760019518,,
1747760019830,,
1747760020346,,
1747760020486.0,8394.4,8397.4
1747760020801.0,8393.9,8396.9
1747760028104.0,8394.4,8397.4
1747760028420.0,8393.9,8396.9
1747760034133.0,8394.4,8397.4
1747760035250.0,8394.9,8397.9
1747760038045.0,8394.4,8397.4
1747760039028.0,8394.9,8397.9
1747760040349.0,8394.4,8397.4
1747760043015.0,8393.9,8396.9
1747760077585.0,8394.4,8397.4
1747760085516.0,8394.9,8397.9
1747760095949.0,8395.4,8398.4
1747760100886.0,8394.9,8397.9
1747760109078,,
1747760109277.0,8395.4,8398.4
1747760112302.0,8395.9,8398.9
1747760194016,,
1747760194218.0,8396.9,8399.9
1747760197488.0,8396.4,8399.4
1747760202864.0,8395.9,8398.9
1747760207298.0,8396.4,8399.4
1747760207837.0,8396.9,8399.9
1747760208036.0,8396.4,8399.4
1747760221002.0,8395.9,8398.9
1747760252884,,
1747760253085.0,8395.4,8398.4
1747760255535,,
1747760259377.0,8395.9,8398.9
1747760297947.0,8395.4,8398.4
1747760298514.0,8394.9,8397.9
1747760300440.0,8395.4,8398.4
1747760306701.0,8395.9,8398.9
1747760319962,,
1747760320162.0,8396.4,8399.4
1747760328470.0,8396.9,8399.9
1747760341272.0,8396.4,8399.4
1747760343309.0,8395.9,8398.9
1747760393467,,
1747760395155,,
1747760398019.0,8396.4,8399.4
1747760400928.0,8395.9,8398.9
1747760438337.0,8396.4,8399.4
1747760443282.0,8396.9,8399.9
1747760443482.0,8396.4,8399.4
1747760445124.0,8396.9,8399.9
1747760448533.0,8396.4,8399.4
1747760449599.0,8396.9,8399.9
1747760467769,,
1747760467969.0,8397.4,8400.4
1747760470394.0,8396.9,8399.9
1747760471263.0,8397.4,8400.4
1747760488349.0,8397.9,8400.9
1747760550281.0,8398.4,8401.4
1747760565947.0,8398.9,8401.9
1747760600529.0,8398.4,8401.4
1747760603362.0,8398.9,8401.9
1747760631965.0,8397.9,8400.9
1747760659656.0,8398.4,8401.4
1747760667259.0,8397.9,8400.9
1747760684089.0,8397.9,8400.9
1747760727857.0,8398.9,8401.9
1747760770383,,
1747760780582.0,8397.9,8400.9
1747760787323,,
1747760868864.0,8398.4,8401.4
1747760873867.0,8397.9,8400.9
1747760874489.0,8398.4,8401.4
1747760879946.0,8398.9,8401.9
1747760880959,,
1747760881177.0,8397.9,8400.9
1747760906137.0,8398.4,8401.4
1747760940934.0,8397.9,8400.9
1747760945740.0,8398.4,8401.4
1747760964802.0,8397.9,8400.9
1747760983639.0,8398.4,8401.4
1747761005273.0,8398.9,8401.9
1747761005471.0,8398.4,8401.4
1747761045161.0,8398.9,8401.9
1747761046578.0,8398.4,8401.4
1747761046777.0,8398.9,8401.9
1747761062578.0,8398.4,8401.4
1747761066416.0,8397.9,8400.9
1747761107892.0,8397.4,8400.4
1747761111773.0,8396.9,8399.9
1747761117108.0,8397.4,8400.4
1747761120402.0,8396.9,8399.9
1747761137631,,
1747761148758.0,8397.4,8400.4
1747761152722.0,8396.9,8399.9
1747761161464.0,8397.4,8400.4
1747761180990.0,8396.9,8399.9
1747761191624,,
1747761191824.0,8395.9,8398.9
1747761212661.0,8396.9,8399.9
1747761212860.0,8396.4,8399.4
1747761213227.0,8396.9,8399.9
1747761246821,,
1747761247021.0,8397.9,8400.9
1747761301238.0,8396.9,8399.9
1747761361143,,
1747761361343.0,8395.9,8398.9
1747761365913,,
1747761366094.0,8396.9,8399.9
1747761393337.0,8396.4,8399.4
1747761400159.0,8396.9,8399.9
1747761406431.0,8396.4,8399.4
1747761420951.0,8395.9,8398.9
1747761433884.0,8396.4,8399.4
1747761438597.0,8396.9,8399.9
1747761438796.0,8396.4,8399.4
1747761486882.0,8395.9,8398.9
1747761517882,,
1747761522815.0,8395.4,8398.4
1747761523385.0,8394.9,8397.9
1747761554125,,
1747761554327.0,8393.9,8396.9
1747761564259.0,8394.9,8397.9
1747761611399.0,8394.4,8397.4
1747761611597.0,8394.9,8397.9
1747761620126.0,8394.4,8397.4
1747761620895.0,8393.9,8396.9
1747761621094.0,8394.4,8397.4
1747761625594.0,8393.9,8396.9
1747761625775.0,8394.4,8397.4
1747761632694.0,8393.9,8396.9
1747761639236.0,8394.4,8397.4
1747761639840.0,8393.9,8396.9
1747761641231.0,8394.4,8397.4
1747761644336.0,8394.9,8397.9
1747761680161.0,8393.9,8396.9
1747761680361.0,8394.4,8397.4
1747761683815.0,8394.9,8397.9
1747761762346,,
1747761762545.0,8395.9,8398.9
1747761781003,,
1747761781144.0,8394.9,8397.9
1747761794257,,
1747761799777.0,8394.4,8397.4
1747761800344.0,8393.9,8396.9
1747761802490.0,8394.4,8397.4
1747761802689.0,8393.9,8396.9
1747761808354.0,8394.4,8397.4
1747761815694.0,8394.9,8397.9
1747761841959.0,8394.4,8397.4
1747761846583.0,8394.9,8397.9
1747761870196,,
1747761930520,,
1747761930716.0,8395.4,8398.4
1747761932060.0,8395.9,8398.9
1747761955963.0,8394.9,8397.9
1747761956161.0,8395.4,8398.4
1747761960115.0,8395.9,8398.9
1747761960914.0,8394.9,8397.9
1747761966704.0,8395.4,8398.4
1747761969703.0,8394.9,8397.9
1747761973470.0,8395.4,8398.4
1747761979919.0,8395.9,8398.9
1747762038036,,
1747762038235.0,8396.9,8399.9
1747762065188.0,8395.9,8398.9
1747762092585,,
1747762092785.0,8395.4,8398.4
1747762098121.0,8394.9,8397.9
1747762098309.0,8395.9,8398.9
1747762099322.0,8395.4,8398.4
1747762105911.0,8394.9,8397.9
1747762145888.0,8395.4,8398.4
1747762149714.0,8395.9,8398.9
1747762150107.0,8395.4,8398.4
1747762159463.0,8394.9,8397.9
1747762160404.0,8395.4,8398.4
1747762164118.0,8394.9,8397.9
1747762164939.0,8395.4,8398.4
1747762165350.0,8394.9,8397.9
1747762165780.0,8395.4,8398.4
1747762166960.0,8394.9,8397.9
1747762169026.0,8395.4,8398.4
1747762169772.0,8394.9,8397.9
1747762173566.0,8395.4,8398.4
1747762183016.0,8394.9,8397.9
1747762213083.0,8395.9,8398.9
1747762245162.0,8396.4,8399.4
1747762245358.0,8396.9,8399.9
1747762245630,,
1747762245832.0,8396.4,8399.4
1747762246233.0,8395.9,8398.9
1747762257689.0,8396.4,8399.4
1747762260967.0,8395.9,8398.9
1747762266664.0,8396.4,8399.4
1747762269252.0,8396.9,8399.9
1747762337082,,
1747762337929,,
1747762360785,,
1747762360986.0,8395.9,8398.9
1747762372160,,
1747762372360.0,8394.9,8397.9
1747762379348,,
1747762379549.0,8394.4,8397.4
1747762380246.0,8393.9,8396.9
1747762380448.0,8394.4,8397.4
1747762380645.0,8393.9,8396.9
1747762380845.0,8394.4,8397.4
1747762381050.0,8393.9,8396.9
1747762381252.0,8394.4,8397.4
1747762385879.0,8393.9,8396.9
1747762391296,,
1747762391496.0,8393.4,8396.4
1747762392556.0,8393.9,8396.9
1747762406188,,
1747762410837.0,8393.4,8396.4
1747762419010.0,8392.9,8395.9
1747762419411.0,8393.4,8396.4
1747762423008.0,8392.9,8395.9
1747762423208.0,8393.4,8396.4
1747762435204.0,8392.9,8395.9
1747762435402.0,8393.4,8396.4
1747762440067.0,8393.9,8396.9
1747762443305.0,8393.4,8396.4
1747762443505.0,8392.9,8395.9
1747762457958.0,8393.4,8396.4
1747762458236.0,8392.9,8395.9
1747762458806.0,8393.4,8396.4
1747762462177.0,8392.9,8395.9
1747762462376.0,8393.4,8396.4
1747762473291.0,8392.9,8395.9
1747762473490.0,8393.4,8396.4
1747762473689.0,8392.9,8395.9
1747762475257.0,8393.4,8396.4
1747762478485.0,8393.9,8396.9
1747762479156.0,8393.4,8396.4
1747762483251.0,8392.9,8395.9
1747762483604.0,8393.4,8396.4
1747762485995.0,8393.9,8396.9
1747762486488.0,8393.4,8396.4
1747762490494.0,8393.9,8396.9
1747762491237.0,8393.4,8396.4
1747762491615.0,8393.9,8396.9
1747762502362.0,8393.4,8396.4
1747762507369.0,8392.9,8395.9
1747762535714,,
1747762535898.0,8393.9,8396.9
1747762544287,,
1747762544388.0,8392.9,8395.9
1747762556434,,
1747762556616.0,8393.4,8396.4
1747762557563.0,8392.9,8395.9
1747762560642.0,8392.4,8395.4
1747762561389.0,8391.9,8394.9
1747762561588.0,8392.4,8395.4
1747762563386.0,8392.9,8395.9
1747762568578.0,8392.4,8395.4
1747762570427.0,8392.9,8395.9
1747762570626.0,8392.4,8395.4
1747762571175.0,8392.9,8395.9
1747762584442,,
1747762584644.0,8393.4,8396.4
1747762585209.0,8393.9,8396.9
1747762617582.0,8394.4,8397.4
1747762618352.0,8394.9,8397.9
1747762621656,,
1747762621858.0,8394.4,8397.4
1747762622172.0,8394.9,8397.9
1747762625464.0,8394.4,8397.4
1747762638495.0,8394.9,8397.9
1747762639623.0,8394.4,8397.4
1747762639973.0,8394.9,8397.9
1747762675544.0,8394.4,8397.4
1747762680598.0,8393.9,8396.9
1747762684194.0,8394.4,8397.4
1747762686215.0,8393.9,8396.9
1747762695614,,
1747762700099.0,8394.4,8397.4
1747762700849.0,8394.9,8397.9
1747762701978,,
1747762702178.0,8394.4,8397.4
1747762706512.0,8393.9,8396.9
1747762706735.0,8394.4,8397.4
1747762711870.0,8393.9,8396.9
1747762713527.0,8394.4,8397.4
1747762725181.0,8394.9,8397.9
1747762739190.0,8395.4,8398.4
1747762741296.0,8394.9,8397.9
1747762741563.0,8395.4,8398.4
1747762746410.0,8394.9,8397.9
1747762799558,,
1747762832157.0,8393.9,8396.9
1747762832555.0,8394.9,8397.9
1747762834694,,
1747762834793.0,8394.4,8397.4
1747762835029.0,8394.9,8397.9
1747762845157.0,8395.4,8398.4
1747762845925.0,8395.9,8398.9
1747762846575.0,8395.4,8398.4
1747762846773.0,8394.9,8397.9
1747762846974.0,8395.4,8398.4
1747762856999.0,8395.9,8398.9
1747762857542.0,8395.4,8398.4
1747762875506.0,8395.9,8398.9
1747762891782,,
1747762891982.0,8396.4,8399.4
1747762892268.0,8396.9,8399.9
1747762961099,,
1747762961302.0,8397.9,8400.9
1747762962875,,
1747762963076.0,8398.4,8401.4
1747762963641.0,8398.9,8401.9
1747762963839.0,8398.4,8401.4
1747762966087.0,8397.9,8400.9
1747762974014.0,8398.9,8401.9
1747762999439.0,8397.9,8400.9
1747763008303,,
1747763027287,,
1747763027446.0,8398.4,8401.4
1747763041573.0,8397.9,8400.9
1747763057087,,
1747763057289.0,8397.4,8400.4
1747763066970.0,8396.9,8399.9
1747763092421.0,8397.4,8400.4
1747763092619.0,8396.9,8399.9
1747763095548,,
1747763095751.0,8395.9,8398.9
1747763125843,,
1747763126031.0,8396.4,8399.4
1747763151707.0,8396.9,8399.9
1747763173600,,
1747763175303.0,8396.4,8399.4
1747763177928.0,8395.9,8398.9
1747763182507.0,8396.4,8399.4
1747763187168.0,8396.9,8399.9
1747763188007.0,8396.4,8399.4
1747763192108.0,8396.9,8399.9
1747763192342.0,8396.4,8399.4
1747763195921.0,8396.9,8399.9
1747763210511.0,8397.4,8400.4
1747763210708.0,8396.9,8399.9
1747763230849.0,8396.4,8399.4
1747763273886.0,8395.9,8398.9
1747763274085.0,8396.4,8399.4
1747763275500.0,8395.9,8398.9
1747763310132.0,8396.4,8399.4
1747763317727.0,8395.9,8398.9
1747763347186,,
1747763347386.0,8395.4,8398.4
1747763347586.0,8394.9,8397.9
1747763353008.0,8395.4,8398.4
1747763353321.0,8394.9,8397.9
1747763353522.0,8395.4,8398.4
1747763358633.0,8395.9,8398.9
1747763371785.0,8394.9,8397.9
1747763379516.0,8395.4,8398.4
1747763395181.0,8394.9,8397.9
1747763398115,,
1747763399104,,
1747763399263.0,8394.4,8397.4
1747763399831.0,8393.9,8396.9
1747763419382,,
1747763419581.0,8392.9,8395.9
1747763430740.0,8393.9,8396.9
1747763431417,,
1747763432040,,
1747763432160.0,8393.4,8396.4
1747763433481.0,8392.9,8395.9
1747763433888.0,8393.4,8396.4
1747763438790.0,8393.9,8396.9
1747763445584,,
1747763445786.0,8394.4,8397.4
1747763448488.0,8393.9,8396.9
1747763462429.0,8394.4,8397.4
1747763463437.0,8394.9,8397.9
1747763466933.0,8394.4,8397.4
1747763472384.0,8394.9,8397.9
1747763473475.0,8394.4,8397.4
1747763481123.0,8394.9,8397.9
1747763520886.0,8394.4,8397.4
1747763521574.0,8393.9,8396.9
1747763526702.0,8394.4,8397.4
1747763528494.0,8393.9,8396.9
1747763530078.0,8394.4,8397.4
1747763533118.0,8393.9,8396.9
1747763535928.0,8394.4,8397.4
1747763537335.0,8393.9,8396.9
1747763537532.0,8394.4,8397.4
1747763538246.0,8393.9,8396.9
1747763543337.0,8394.4,8397.4
1747763549145.0,8393.9,8396.9
1747763549664.0,8394.4,8397.4
1747763550643.0,8393.9,8396.9
1747763553024.0,8394.4,8397.4
1747763559844.0,8394.9,8397.9
1747763580312,,
1747763580512.0,8395.4,8398.4
1747763580714.0,8394.9,8397.9
1747763582658.0,8395.4,8398.4
1747763587798.0,8394.9,8397.9
1747763617702,,
1747763617902.0,8394.4,8397.4
1747763620992.0,8393.9,8396.9
1747763628953.0,8394.4,8397.4
1747763629266.0,8393.9,8396.9
1747763631927.0,8394.4,8397.4
1747763635913.0,8394.9,8397.9
1747763644480.0,8394.4,8397.4
1747763659377.0,8393.9,8396.9
1747763664039.0,8394.4,8397.4
1747763667663.0,8393.9,8396.9
1747763670691.0,8394.4,8397.4
1747763681878.0,8394.9,8397.9
1747763682352.0,8394.4,8397.4
1747763685032.0,8394.9,8397.9
1747763692766.0,8395.4,8398.4
1747763700605.0,8394.9,8397.9
1747763715316.0,8394.4,8397.4
1747763716284.0,8394.4,8397.4
1747763716486.0,8394.9,8397.9
1747763720563.0,8394.4,8397.4
1747763721329.0,8393.9,8396.9
1747763721526.0,8394.4,8397.4
1747763724357.0,8393.9,8396.9
1747763737643,,
1747763737806.0,8394.4,8397.4
1747763741494.0,8394.9,8397.9
1747763753235.0,8394.4,8397.4
1747763754572.0,8393.9,8396.9
1747763756727.0,8394.4,8397.4
1747763762634.0,8393.9,8396.9
1747763764044.0,8394.4,8397.4
1747763770721.0,8393.9,8396.9
1747763774374.0,8394.4,8397.4
1747763780785.0,8393.9,8396.9
1747763782660.0,8394.4,8397.4
1747763785450.0,8393.9,8396.9
1747763833854,,
1747763834054.0,8393.4,8396.4
1747763834955.0,8392.9,8395.9
1747763838518.0,8393.4,8396.4
1747763850136.0,8392.9,8395.9
1747763850841.0,8393.4,8396.4
1747763864361.0,8393.9,8396.9
1747763903502.0,8393.4,8396.4
1747763904067.0,8392.9,8395.9
1747763911863.0,8393.4,8396.4
1747763912247.0,8393.9,8396.9
1747763928450,,
1747763928647.0,8394.9,8397.9
1747764000663,,
1747764000853.0,8393.9,8396.9
1747764073526,,
1747764073730.0,8393.4,8396.4
1747764073927.0,8392.9,8395.9
1747764123405.0,8393.9,8396.9
1747764181484.0,8392.9,8395.9
1747764183617.0,8393.4,8396.4
1747764188590.0,8393.9,8396.9
1747764194537,,
1747764274079,,
1747764274279.0,8394.4,8397.4
1747764294606.0,8393.9,8396.9
1747764352373.0,8394.9,8397.9
1747764360837.0,8393.9,8396.9
1747764363048.0,8394.4,8397.4
1747764370377.0,8394.9,8397.9
1747764371274,,
1747764371910.0,8394.4,8397.4
1747764373532.0,8393.9,8396.9
1747764374766.0,8394.4,8397.4
1747764376336.0,8394.9,8397.9
1747764442728,,
1747764469169,,
1747764469370.0,8395.4,8398.4
1747764469568.0,8395.9,8398.9
1747764470649,,
1747764474336.0,8394.9,8397.9
1747764477123.0,8395.4,8398.4
1747764477895.0,8395.9,8398.9
1747764480808.0,8394.9,8397.9
1747764483385.0,8395.4,8398.4
1747764483583.0,8395.9,8398.9
1747764485152.0,8395.4,8398.4
1747764485314.0,8394.9,8397.9
1747764486708.0,8395.4,8398.4
1747764495377.0,8395.9,8398.9
1747764495600.0,8395.4,8398.4
1747764495798.0,8395.9,8398.9
1747764496338.0,8395.4,8398.4
1747764498193.0,8395.9,8398.9
1747764499932.0,8395.4,8398.4
1747764505773.0,8394.9,8397.9
1747764506435.0,8395.4,8398.4
1747764508899.0,8394.9,8397.9
1747764513620,,
1747764514372,,
1747764518927,,
1747764520025,,
1747764533932.0,8395.4,8398.4
1747764540556.0,8394.9,8397.9
1747764557147.0,8395.4,8398.4
1747764557721.0,8394.9,8397.9
1747764594146.0,8394.4,8397.4
1747764594682.0,8394.9,8397.9
1747764614756.0,8395.4,8398.4
1747764615327.0,8395.9,8398.9
1747764616863.0,8395.4,8398.4
1747764627015.0,8395.9,8398.9
1747764658958,,
1747764659339.0,8394.9,8397.9
1747764669919.0,8395.4,8398.4
1747764693633.0,8394.9,8397.9
1747764703275.0,8395.4,8398.4
1747764703890.0,8394.9,8397.9
1747764713546.0,8395.4,8398.4
1747764716192.0,8395.9,8398.9
1747764721152.0,8394.9,8397.9
1747764741669,,
1747764741869.0,8394.4,8397.4
1747764750547.0,8394.9,8397.9
1747764786563,,
1747764786662.0,8394.4,8397.4
1747764786855.0,8393.9,8396.9
1747764815970,,
1747764916404,,
1747764916604.0,8394.4,8397.4
1747764917603.0,8394.9,8397.9
1747764918803.0,8394.4,8397.4
1747764919002.0,8394.9,8397.9
1747764932771,,
1747764932932.0,8394.4,8397.4
1747764933500.0,8393.9,8396.9
1747764964286,,
1747764964485.0,8393.4,8396.4
1747764965057.0,8392.9,8395.9
1747764978498,,
1747764978702.0,8392.4,8395.4
1747764979267.0,8391.9,8394.9
1747764979880.0,8392.4,8395.4
1747764980077.0,8392.9,8395.9
1747764980508.0,8392.4,8395.4
1747764981025.0,8391.9,8394.9
1747765007218,,
1747765007419.0,8391.4,8394.4
1747765007986.0,8390.9,8393.9
1747765008770,,
1747765008933.0,8391.4,8394.4
1747765009249.0,8390.9,8393.9
1747765013187.0,8390.4,8393.4
1747765013954.0,8389.9,8392.9
1747765023253,,
1747765023452.0,8388.9,8391.9
1747765036730,,
1747765036907.0,8389.9,8392.9
1747765081124.0,8388.9,8391.9
1747765086860,,
1747765091240.0,8388.4,8391.4
1747765092005.0,8387.9,8390.9
1747765096999.0,8388.9,8391.9
1747765097310.0,8388.4,8391.4
1747765097510.0,8387.9,8390.9
1747765097966,,
1747765098122.0,8388.9,8391.9
1747765111890.0,8388.4,8391.4
1747765112656.0,8387.9,8390.9
1747765123072.0,8388.9,8391.9
1747765127139,,
1747765129518.0,8388.4,8391.4
1747765130082.0,8387.9,8390.9
1747765136609.0,8388.4,8391.4
1747765136923.0,8387.9,8390.9
1747765137513.0,8388.4,8391.4
1747765137713.0,8388.9,8391.9
1747765141832,,
1747765141931.0,8388.4,8391.4
1747765142477.0,8387.9,8390.9
1747765142676.0,8388.4,8391.4
1747765143602.0,8388.9,8391.9
1747765194176,,
1747765194377.0,8389.9,8392.9
1747765200799.0,8388.9,8391.9
1747765211103,,
1747765211303.0,8388.4,8391.4
1747765211986.0,8387.9,8390.9
1747765212184.0,8388.4,8391.4
1747765212498.0,8388.9,8391.9
1747765212699.0,8388.4,8391.4
1747765212897.0,8387.9,8390.9
1747765238265,,
1747765238677.0,8386.9,8389.9
1747765239234.0,8387.9,8390.9
1747765244811.0,8387.4,8390.4
1747765246198.0,8387.9,8390.9
1747765246933.0,8387.4,8390.4
1747765249821.0,8387.9,8390.9
1747765252166.0,8387.4,8390.4
1747765258096.0,8387.9,8390.9
1747765258296.0,8387.4,8390.4
1747765260595.0,8386.9,8389.9
1747765271465,,
1747765273716,,
1747765273873.0,8386.4,8389.4
1747765274366.0,8385.9,8388.9
1747765274564.0,8386.4,8389.4
1747765275072.0,8385.9,8388.9
1747765276330,,
1747765276531.0,8385.4,8388.4
1747765276732.0,8384.9,8387.9
1747765276930,,
1747765277641.0,8384.4,8387.4
1747765278958.0,8383.9,8386.9
1747765279641.0,8384.4,8387.4
1747765279839.0,8383.9,8386.9
1747765280824.0,8383.4,8386.4
1747765281218.0,8382.9,8385.9
1747765282065.0,8382.4,8385.4
1747765283175.0,8381.9,8384.9
1747765283696.0,8382.4,8385.4
1747765283955.0,8381.9,8384.9
1747765284156.0,8382.9,8385.9
1747765284354.0,8382.4,8385.4
1747765284557.0,8381.9,8384.9
1747765285722.0,8381.4,8384.4
1747765286708.0,8381.9,8384.9
1747765287021,,
1747765287220.0,8382.9,8385.9
1747765287543.0,8382.4,8385.4
1747765287744.0,8381.9,8384.9
1747765289045.0,8381.4,8384.4
1747765289844.0,8380.9,8383.9
1747765290044.0,8381.4,8384.4
1747765290246.0,8381.9,8384.9
1747765290848.0,8381.4,8384.4
1747765291054.0,8381.9,8384.9
1747765291682.0,8382.4,8385.4
1747765291995.0,8381.9,8384.9
1747765292202.0,8382.9,8385.9
1747765294838,,
1747765295243.0,8383.4,8386.4
1747765295440.0,8382.9,8385.9
1747765296648.0,8382.4,8385.4
1747765296849.0,8381.9,8384.9
1747765298352.0,8382.4,8385.4
1747765300162.0,8382.9,8385.9
1747765300360.0,8383.4,8386.4
1747765300776.0,8382.9,8385.9
1747765300974.0,8383.4,8386.4
1747765303281.0,8383.9,8386.9
1747765303560.0,8383.4,8386.4
1747765303948.0,8382.9,8385.9
1747765306037.0,8382.4,8385.4
1747765306260.0,8381.9,8384.9
1747765309370,,
1747765309569.0,8382.4,8385.4
1747765310327.0,8382.9,8385.9
1747765310865.0,8382.4,8385.4
1747765311108.0,8382.9,8385.9
1747765311775.0,8383.4,8386.4
1747765313470.0,8383.4,8386.4
1747765316638.0,8382.9,8385.9
1747765316837.0,8383.4,8386.4
1747765317037.0,8382.9,8385.9
1747765317238.0,8383.4,8386.4
1747765319316.0,8382.9,8385.9
1747765319716.0,8382.9,8385.9
1747765320013.0,8383.4,8386.4
1747765320452.0,8382.9,8385.9
1747765323780.0,8383.4,8386.4
1747765324499.0,8382.9,8385.9
1747765324806.0,8383.4,8386.4
1747765325006.0,8382.9,8385.9
1747765328118.0,8382.9,8385.9
1747765336534.0,8383.4,8386.4
1747765338180.0,8382.9,8385.9
1747765340892.0,8383.4,8386.4
1747765341274.0,8382.9,8385.9
1747765341672.0,8382.9,8385.9
1747765350537.0,8383.4,8386.4
1747765351153.0,8383.9,8386.9
1747765355243,,
1747765355443.0,8384.4,8387.4
1747765355845.0,8384.9,8387.9
1747765356380.0,8384.4,8387.4
1747765356578.0,8384.9,8387.9
1747765356999,,
1747765357156.0,8383.9,8386.9
1747765357355.0,8384.4,8387.4
1747765357972,,
1747765359582.0,8384.9,8387.9
1747765368475.0,8383.9,8386.9
1747765368590.0,8384.4,8387.4
1747765370481.0,8383.9,8386.9
1747765371545.0,8384.4,8387.4
1747765372331.0,8383.9,8386.9
1747765372644.0,8384.4,8387.4
1747765372843.0,8383.9,8386.9
1747765380238.0,8383.4,8386.4
1747765383438.0,8382.9,8385.9
1747765391303,,
1747765391504.0,8383.4,8386.4
1747765391704.0,8383.9,8386.9
1747765399603,,
1747765399799.0,8384.4,8387.4
1747765400654.0,8383.9,8386.9
1747765405917.0,8384.4,8387.4
1747765407324.0,8384.9,8387.9
1747765422139,,
1747765422343.0,8385.9,8388.9
1747765429679.0,8386.4,8389.4
1747765429877.0,8385.9,8388.9
1747765430601.0,8386.4,8389.4
1747765431538.0,8385.9,8388.9
1747765431737.0,8386.4,8389.4
1747765433225.0,8386.9,8389.9
1747765444695,,
1747765444895.0,8385.9,8388.9
1747765446130,,
1747765446531.0,8385.4,8388.4
1747765447237.0,8384.9,8387.9
1747765449398.0,8385.4,8388.4
1747765449857.0,8384.9,8387.9
1747765450448.0,8385.4,8388.4
1747765452390.0,8384.9,8387.9
1747765460332.0,8385.4,8388.4
1747765462505.0,8385.9,8388.9
1747765463143.0,8385.4,8388.4
1747765464976.0,8385.9,8388.9
1747765472471,,
1747765475660.0,8386.4,8389.4
1747765476254.0,8385.9,8388.9
1747765476453.0,8386.4,8389.4
1747765476854.0,8385.9,8388.9
1747765477053.0,8386.4,8389.4
1747765482329.0,8385.9,8388.9
1747765483453.0,8386.4,8389.4
1747765487405,,
1747765489017.0,8385.9,8388.9
1747765489307.0,8386.4,8389.4
1747765492287.0,8386.9,8389.9
1747765495836.0,8386.4,8389.4
1747765497747,,
1747765497937.0,8386.9,8389.9
1747765498137.0,8386.4,8389.4
1747765501468.0,8385.9,8388.9
1747765504544.0,8386.4,8389.4
1747765509506.0,8386.9,8389.9
1747765509706.0,8386.4,8389.4
1747765510264.0,8386.9,8389.9
1747765511877.0,8386.4,8389.4
1747765512141.0,8386.9,8389.9
1747765520826.0,8387.4,8390.4
1747765522624.0,8386.9,8389.9
1747765523022.0,8386.9,8389.9
1747765525408.0,8387.4,8390.4
1747765526394.0,8386.9,8389.9
1747765527615.0,8387.4,8390.4
1747765529226.0,8387.9,8390.9
1747765533280.0,8387.4,8390.4
1747765536540.0,8386.9,8389.9
1747765536740.0,8387.4,8390.4
1747765539453.0,8386.9,8389.9
1747765539652.0,8387.4,8390.4
1747765542464.0,8386.9,8389.9
1747765543567.0,8387.4,8390.4
1747765547216.0,8386.9,8389.9
1747765547415.0,8387.4,8390.4
1747765547614.0,8386.9,8389.9
1747765549695.0,8387.4,8390.4
1747765550313.0,8386.9,8389.9
1747765550514.0,8387.4,8390.4
1747765555942.0,8386.9,8389.9
1747765556485.0,8387.4,8390.4
1747765557413.0,8386.9,8389.9
1747765559209.0,8387.4,8390.4
1747765559576.0,8386.9,8389.9
1747765560082.0,8387.4,8390.4
1747765560901.0,8386.9,8389.9
1747765567702.0,8386.4,8389.4
1747765568685.0,8386.9,8389.9
1747765583374.0,8386.4,8389.4
1747765585170.0,8386.9,8389.9
1747765585371.0,8386.4,8389.4
1747765587720.0,8385.9,8388.9
1747765587918.0,8386.4,8389.4
1747765588782.0,8385.9,8388.9
1747765589249.0,8386.4,8389.4
1747765590251.0,8385.9,8388.9
1747765592858.0,8386.4,8389.4
1747765593254.0,8385.9,8388.9
1747765594469.0,8385.4,8388.4
1747765594663.0,8385.9,8388.9
1747765597036.0,8385.4,8388.4
1747765597312.0,8384.9,8387.9
1747765600397.0,8384.4,8387.4
1747765600671.0,8383.9,8386.9
1747765603121,,
1747765603321.0,8384.4,8387.4
1747765605532.0,8384.9,8387.9
1747765611077.0,8385.4,8388.4
1747765611545.0,8384.9,8387.9
1747765621090.0,8384.4,8387.4
1747765623268.0,8383.9,8386.9
1747765626418.0,8384.4,8387.4
1747765630735.0,8383.9,8386.9
1747765630955.0,8384.4,8387.4
1747765633960.0,8383.9,8386.9
1747765634343.0,8384.4,8387.4
1747765634543.0,8383.9,8386.9
1747765637654,,
1747765637857.0,8383.4,8386.4
1747765638269.0,8383.9,8386.9
1747765638571.0,8383.4,8386.4
1747765640183.0,8383.9,8386.9
1747765641997.0,8384.4,8387.4
1747765643240.0,8384.9,8387.9
1747765643610.0,8384.4,8387.4
1747765644141.0,8384.9,8387.9
1747765646257.0,8384.4,8387.4
1747765651043.0,8383.9,8386.9
1747765658312.0,8384.4,8387.4
1747765659157.0,8383.9,8386.9
1747765660694.0,8384.4,8387.4
1747765660986.0,8383.9,8386.9
1747765662602.0,8384.4,8387.4
1747765663542.0,8383.9,8386.9
1747765664410.0,8384.4,8387.4
1747765664817.0,8383.9,8386.9
1747765668276.0,8384.4,8387.4
1747765668799.0,8383.9,8386.9
1747765677673.0,8383.4,8386.4
1747765678516.0,8382.9,8385.9
1747765680963.0,8382.4,8385.4
1747765681826.0,8382.9,8385.9
1747765686697.0,8382.4,8385.4
1747765686896.0,8382.9,8385.9
1747765689446.0,8382.4,8385.4
1747765690473.0,8382.9,8385.9
1747765690843.0,8382.4,8385.4
1747765694394.0,8381.9,8384.9
1747765695122.0,8382.4,8385.4
1747765695459.0,8381.9,8384.9
1747765695672.0,8382.4,8385.4
1747765696246.0,8381.9,8384.9
1747765705653.0,8382.4,8385.4
1747765707432.0,8381.9,8384.9
1747765707986.0,8381.4,8384.4
1747765710839.0,8380.9,8383.9
1747765711094.0,8381.4,8384.4
1747765712783.0,8380.9,8383.9
1747765712984.0,8381.4,8384.4
1747765714106.0,8380.9,8383.9
1747765714306.0,8381.4,8384.4
1747765714540.0,8380.9,8383.9
1747765714923.0,8381.4,8384.4
1747765718880.0,8381.9,8384.9
1747765727212,,
1747765727414.0,8380.9,8383.9
1747765728505,,
1747765728692.0,8379.9,8382.9
1747765730406,,
1747765730612.0,8378.9,8381.9
1747765731015.0,8378.9,8381.9
1747765733132.0,8378.4,8381.4
1747765733331.0,8378.9,8381.9
1747765737395.0,8379.4,8382.4
1747765738091.0,8378.9,8381.9
1747765738289.0,8379.4,8382.4
1747765739487.0,8378.9,8381.9
1747765740125.0,8379.4,8382.4
1747765740593.0,8378.9,8381.9
1747765743277.0,8378.4,8381.4
1747765744735.0,8378.9,8381.9
1747765746217.0,8379.4,8382.4
1747765746526.0,8379.9,8382.9
1747765747697.0,8379.4,8382.4
1747765748342.0,8379.9,8382.9
1747765749044.0,8379.4,8382.4
1747765749893,,
1747765750096.0,8378.9,8381.9
1747765751623.0,8378.4,8381.4
1747765751814.0,8378.9,8381.9
1747765752817.0,8378.4,8381.4
1747765755481.0,8377.9,8380.9
1747765756093.0,8378.4,8381.4
1747765756291.0,8377.9,8380.9
1747765756641.0,8378.4,8381.4
1747765757331.0,8377.9,8380.9
1747765758041.0,8378.4,8381.4
1747765758970.0,8378.4,8381.4
1747765759861.0,8378.9,8381.9
1747765760153.0,8378.4,8381.4
1747765760810.0,8378.9,8381.9
1747765761727.0,8378.4,8381.4
1747765761925.0,8378.9,8381.9
1747765765216.0,8379.4,8382.4
1747765765561.0,8378.9,8381.9
1747765765760.0,8379.4,8382.4
1747765766689.0,8378.9,8381.9
1747765766887.0,8379.4,8382.4
1747765767820.0,8379.9,8382.9
1747765769792,,
1747765769992.0,8379.4,8382.4
1747765770316.0,8378.9,8381.9
1747765770517.0,8379.4,8382.4
1747765770717.0,8378.9,8381.9
1747765770916.0,8379.4,8382.4
1747765772411.0,8379.9,8382.9
1747765772995.0,8379.4,8382.4
1747765773783.0,8379.9,8382.9
1747765776409.0,8379.4,8382.4
1747765776609.0,8379.9,8382.9
1747765778249.0,8379.4,8382.4
1747765779591.0,8379.9,8382.9
1747765781537.0,8379.4,8382.4
1747765782490.0,8379.9,8382.9
1747765790151.0,8379.4,8382.4
1747765790349.0,8379.9,8382.9
1747765790996.0,8379.4,8382.4
1747765793212.0,8379.9,8382.9
1747765796891.0,8379.4,8382.4
1747765797086.0,8379.9,8382.9
1747765797372,,
1747765797555.0,8379.4,8382.4
1747765800353.0,8378.9,8381.9
1747765801330.0,8378.4,8381.4
1747765801647.0,8378.9,8381.9
1747765806903.0,8378.4,8381.4
1747765807094.0,8378.9,8381.9
1747765809836,,
1747765810011.0,8379.9,8382.9
1747765817158,,
1747765817530,,
1747765817736.0,8379.4,8382.4
1747765818047.0,8379.9,8382.9
1747765818845,,
1747765818956.0,8379.4,8382.4
1747765819868.0,8378.9,8381.9
1747765820264.0,8379.4,8382.4
1747765820465.0,8378.9,8381.9
1747765820665.0,8379.4,8382.4
1747765821226.0,8379.9,8382.9
1747765840910.0,8379.4,8382.4
1747765841367.0,8378.9,8381.9
1747765841567.0,8379.4,8382.4
1747765842253.0,8378.9,8381.9
1747765842650.0,8379.4,8382.4
1747765843875.0,8379.9,8382.9
1747765844077.0,8379.4,8382.4
1747765845730.0,8379.9,8382.9
1747765847920.0,8380.4,8383.4
1747765850484.0,8380.9,8383.9
1747765850683.0,8380.4,8383.4
1747765853498.0,8380.9,8383.9
1747765856203.0,8380.4,8383.4
1747765856570.0,8380.9,8383.9
1747765863752.0,8380.4,8383.4
1747765864076.0,8380.9,8383.9
1747765864903.0,8380.4,8383.4
1747765865099.0,8380.9,8383.9
1747765865487.0,8380.4,8383.4
1747765866330.0,8380.9,8383.9
1747765866628.0,8380.4,8383.4
1747765867531.0,8380.9,8383.9
1747765869774.0,8380.4,8383.4
1747765870827.0,8380.9,8383.9
1747765872839,,
1747765873006.0,8380.4,8383.4
1747765873991.0,8379.9,8382.9
1747765874388.0,8380.4,8383.4
1747765875089.0,8379.9,8382.9
1747765875971.0,8379.4,8382.4
1747765876171.0,8378.9,8381.9
1747765876664,,
1747765876867,,
1747765878068,,
1747765878209.0,8378.4,8381.4
1747765878516,,
1747765879288.0,8378.9,8381.9
1747765882998.0,8378.4,8381.4
1747765883954.0,8377.9,8380.9
1747765887141,,
1747765887344.0,8377.4,8380.4
1747765887885.0,8376.9,8379.9
1747765890464.0,8377.4,8380.4
1747765891582.0,8377.9,8380.9
1747765892379.0,8378.4,8381.4
1747765894151.0,8378.9,8381.9
1747765894484.0,8378.4,8381.4
1747765896240.0,8377.9,8380.9
1747765899518.0,8378.4,8381.4
1747765901187.0,8377.9,8380.9
1747765902375,,
1747765907468,,
1747765907669.0,8378.4,8381.4
1747765907872.0,8378.9,8381.9
1747765917067.0,8377.9,8380.9
1747765921775,,
1747765921974.0,8377.4,8380.4
1747765926495.0,8376.9,8379.9
1747765927341.0,8377.4,8380.4
1747765930462.0,8377.9,8380.9
1747765931628,,
1747765931766.0,8377.4,8380.4
1747765933830.0,8376.9,8379.9
1747765934030.0,8377.4,8380.4
1747765934229.0,8376.9,8379.9
1747765934911.0,8376.4,8379.4
1747765940811.0,8376.9,8379.9
1747765944134.0,8377.4,8380.4
1747765944496.0,8376.9,8379.9
1747765947013.0,8377.4,8380.4
1747765947640.0,8376.9,8379.9
1747765948924.0,8377.4,8380.4
1747765949125.0,8376.9,8379.9
1747765949739.0,8377.4,8380.4
1747765949940.0,8376.9,8379.9
1747765955874,,
1747765956082.0,8376.4,8379.4
1747765957394.0,8376.9,8379.9
1747765959685.0,8377.4,8380.4
1747765960903.0,8376.9,8379.9
1747765964702.0,8377.4,8380.4
1747765965720.0,8377.9,8380.9
1747765966202,,
1747765966403.0,8377.4,8380.4
1747765969092.0,8377.9,8380.9
1747765970256.0,8377.4,8380.4
1747765972153.0,8377.9,8380.9
1747765972886.0,8377.4,8380.4
1747765975770.0,8376.9,8379.9
1747765975972.0,8377.4,8380.4
1747765981610.0,8376.9,8379.9
1747765981811.0,8377.4,8380.4
1747765982012.0,8376.9,8379.9
1747765982510.0,8377.4,8380.4
1747765982784.0,8376.9,8379.9
1747765988227,,
1747765988397.0,8377.4,8380.4
1747765990761.0,8377.9,8380.9
1747765994343,,
1747765994542.0,8378.4,8381.4
1747765995310.0,8377.9,8380.9
1747765995506.0,8378.4,8381.4
1747765996052.0,8377.9,8380.9
1747766014886.0,8378.4,8381.4
1747766015086,,
1747766016417.0,8378.9,8381.9
1747766017511.0,8378.4,8381.4
1747766018134.0,8378.9,8381.9
1747766021294,,
1747766021497.0,8378.4,8381.4
1747766023678.0,8378.9,8381.9
1747766030451.0,8379.4,8382.4
1747766030943.0,8378.9,8381.9
1747766031767.0,8379.4,8382.4
1747766031967.0,8378.9,8381.9
1747766032832.0,8379.4,8382.4
1747766033036.0,8378.9,8381.9
1747766038775.0,8378.4,8381.4
1747766039576.0,8377.9,8380.9
1747766039776.0,8378.4,8381.4
1747766040119,,
1747766040321.0,8377.9,8380.9
1747766040625.0,8378.4,8381.4
1747766040967.0,8377.9,8380.9
1747766041459.0,8378.4,8381.4
1747766041848.0,8377.9,8380.9
1747766042249.0,8377.9,8380.9
1747766042503.0,8378.4,8381.4
1747766042703.0,8377.9,8380.9
1747766046920.0,8377.4,8380.4
1747766049374.0,8377.9,8380.9
1747766049623.0,8377.4,8380.4
1747766051179.0,8377.9,8380.9
1747766051625.0,8377.4,8380.4
1747766051837.0,8377.9,8380.9
1747766052034.0,8377.4,8380.4
1747766052252.0,8377.9,8380.9
1747766052468.0,8377.4,8380.4
1747766055753.0,8377.9,8380.9
1747766059865.0,8377.4,8380.4
1747766062462.0,8376.9,8379.9
1747766062698.0,8377.4,8380.4
1747766064707.0,8376.9,8379.9
1747766068273.0,8377.4,8380.4
1747766074607.0,8376.9,8379.9
1747766074804.0,8377.4,8380.4
1747766075903.0,8377.9,8380.9
1747766089786,,
1747766089987.0,8378.4,8381.4
1747766091290.0,8378.9,8381.9
1747766091488.0,8378.4,8381.4
1747766091690.0,8378.9,8381.9
1747766110336,,
1747766110543,,
1747766110912.0,8379.4,8382.4
1747766117802.0,8378.9,8381.9
1747766118976.0,8379.4,8382.4
1747766119729.0,8378.9,8381.9
1747766119930.0,8379.4,8382.4
1747766120927.0,8378.9,8381.9
1747766123683.0,8379.4,8382.4
1747766125511.0,8378.9,8381.9
1747766126056.0,8379.4,8382.4
1747766126248.0,8378.9,8381.9
1747766127918.0,8379.4,8382.4
1747766132339.0,8379.9,8382.9
1747766132802.0,8379.4,8382.4
1747766133003.0,8379.9,8382.9
1747766133407.0,8379.4,8382.4
1747766134450.0,8378.9,8381.9
1747766134648.0,8379.4,8382.4
1747766135142.0,8378.9,8381.9
1747766135342.0,8379.4,8382.4
1747766136053.0,8379.9,8382.9
1747766143386,,
1747766144241,,
1747766144415.0,8380.4,8383.4
1747766144628.0,8379.9,8382.9
1747766180521,,
1747766180723.0,8379.4,8382.4
1747766181316.0,8379.9,8382.9
1747766181610.0,8379.4,8382.4
1747766181808.0,8379.9,8382.9
1747766199571.0,8379.4,8382.4
1747766199771.0,8379.9,8382.9
1747766205692.0,8379.4,8382.4
1747766205891.0,8379.9,8382.9
1747766212210.0,8379.9,8382.9
1747766212409.0,8379.4,8382.4
1747766214435.0,8378.9,8381.9
1747766226499,,
1747766226699.0,8377.9,8380.9
1747766241758,,
1747766241950.0,8378.4,8381.4
1747766246744.0,8377.9,8380.9
1747766248046.0,8378.4,8381.4
1747766254712.0,8378.9,8381.9
1747766254912.0,8378.4,8381.4
1747766255274.0,8378.9,8381.9
1747766264745,,
1747766264945.0,8379.9,8382.9
1747766267897,,
1747766268086.0,8380.4,8383.4
1747766270189.0,8380.9,8383.9
1747766281535,,
1747766281753.0,8381.4,8384.4
1747766288685.0,8380.9,8383.9
1747766288866.0,8381.9,8384.9
1747766292157,,
1747766322433,,
1747766322625.0,8382.9,8385.9
1747766340259.0,8383.4,8386.4
1747766340621.0,8382.9,8385.9
1747766342190.0,8383.4,8386.4
1747766344199.0,8383.4,8386.4
1747766352176.0,8382.9,8385.9
1747766353670.0,8383.4,8386.4
1747766354469.0,8383.9,8386.9
1747766393453,,
1747766393645.0,8382.9,8385.9
1747766400257.0,8383.4,8386.4
1747766400458.0,8382.9,8385.9
1747766404488.0,8383.4,8386.4
1747766405296.0,8383.9,8386.9
1747766407931.0,8383.4,8386.4
1747766408142.0,8383.9,8386.9
1747766409464.0,8383.4,8386.4
1747766410777.0,8382.9,8385.9
1747766413306.0,8383.4,8386.4
1747766413753.0,8383.4,8386.4
1747766416534.0,8383.9,8386.9
1747766416929.0,8383.4,8386.4
1747766420555.0,8383.9,8386.9
1747766420756.0,8383.4,8386.4
1747766421608.0,8383.9,8386.9
1747766421873.0,8383.4,8386.4
1747766424533.0,8382.9,8385.9
1747766425542.0,8383.4,8386.4
