1747749485530.0,37630.2,37637.2
1747749486139.0,37632.7,37639.7
1747749489780,,
1747749489982.0,37635.2,37642.2
1747749490181.0,37632.7,37639.7
1747749490546,,
1747749491059,,
1747749491513,,
1747749495135.0,37630.2,37637.2
1747749495530.0,37632.7,37639.7
1747749495731.0,37630.2,37637.2
1747749496179.0,37632.7,37639.7
1747749496655.0,37630.2,37637.2
1747749497621.0,37627.7,37634.7
1747749501419.0,37630.2,37637.2
1747749502905.0,37627.7,37634.7
1747749503339.0,37630.2,37637.2
1747749503538.0,37627.7,37634.7
1747749510314.0,37630.2,37637.2
1747749510514.0,37627.7,37634.7
1747749510841.0,37630.2,37637.2
1747749511755.0,37627.7,37634.7
1747749513319,,
1747749513521.0,37622.7,37629.7
1747749513834.0,37625.2,37632.2
1747749514323.0,37627.7,37634.7
1747749514521.0,37625.2,37632.2
1747749514941.0,37627.7,37634.7
1747749515140.0,37625.2,37632.2
1747749515497.0,37627.7,37634.7
1747749515696.0,37625.2,37632.2
1747749516009.0,37627.7,37634.7
1747749516208.0,37625.2,37632.2
1747749517802.0,37622.7,37629.7
1747749518207,,
1747749519257,,
1747749520080,,
1747749520272.0,37617.7,37624.7
1747749520725.0,37620.2,37627.2
1747749521533.0,37622.7,37629.7
1747749522056.0,37620.2,37627.2
1747749522997.0,37622.7,37629.7
1747749523197.0,37620.2,37627.2
1747749523440.0,37622.7,37629.7
1747749523639.0,37620.2,37627.2
1747749524517.0,37617.7,37624.7
1747749525151,,
1747749525351.0,37615.2,37622.2
1747749525825.0,37615.2,37622.2
1747749527142.0,37612.7,37619.7
1747749530463.0,37610.2,37617.2
1747749531913.0,37612.7,37619.7
1747749532472.0,37610.2,37617.2
1747749532671.0,37612.7,37619.7
1747749534325.0,37610.2,37617.2
1747749534724.0,37612.7,37619.7
1747749540098,,
1747749540499.0,37607.7,37614.7
1747749541836.0,37607.7,37614.7
1747749542740.0,37610.2,37617.2
1747749543140.0,37612.7,37619.7
1747749543339.0,37610.2,37617.2
1747749543990.0,37612.7,37619.7
1747749544192,,
1747749544990.0,37610.2,37617.2
1747749546563.0,37607.7,37614.7
1747749547667.0,37605.2,37612.2
1747749547867.0,37607.7,37614.7
1747749551420,,
1747749551746.0,37610.2,37617.2
1747749551945.0,37607.7,37614.7
1747749552560.0,37610.2,37617.2
1747749552997.0,37607.7,37614.7
1747749553195.0,37610.2,37617.2
1747749553395.0,37607.7,37614.7
1747749554033.0,37607.7,37614.7
1747749555984.0,37610.2,37617.2
1747749556183.0,37612.7,37619.7
1747749556971,,
1747749557173.0,37617.7,37624.7
1747749559904,,
1747749560104.0,37615.2,37622.2
1747749561120.0,37612.7,37619.7
1747749561856.0,37610.2,37617.2
1747749562058.0,37612.7,37619.7
1747749563816.0,37610.2,37617.2
1747749564591.0,37612.7,37619.7
1747749564993.0,37610.2,37617.2
1747749565192.0,37612.7,37619.7
1747749566210.0,37610.2,37617.2
1747749566410.0,37612.7,37619.7
1747749566840.0,37610.2,37617.2
1747749567041.0,37612.7,37619.7
1747749580455,,
1747749580649.0,37617.7,37624.7
1747749581977.0,37617.7,37624.7
1747749582178.0,37615.2,37622.2
1747749583176.0,37617.7,37624.7
1747749583375.0,37615.2,37622.2
1747749583575.0,37612.7,37619.7
1747749585216,,
1747749585417.0,37607.7,37614.7
1747749585616.0,37602.7,37609.7
1747749585818.0,37605.2,37612.2
1747749586019.0,37602.7,37609.7
1747749586218.0,37605.2,37612.2
1747749586418.0,37602.7,37609.7
1747749588537.0,37605.2,37612.2
1747749588815.0,37607.7,37614.7
1747749589017.0,37602.7,37609.7
1747749589219.0,37600.2,37607.2
1747749589418.0,37597.7,37604.7
1747749590111,,
1747749590269.0,37600.2,37607.2
1747749590668.0,37600.2,37607.2
1747749590868.0,37597.7,37604.7
1747749599695.0,37595.2,37602.2
1747749600305.0,37597.7,37604.7
1747749600562.0,37595.2,37602.2
1747749601189.0,37597.7,37604.7
1747749601828,,
1747749602029.0,37595.2,37602.2
1747749603368.0,37597.7,37604.7
1747749603568.0,37595.2,37602.2
1747749604414.0,37592.7,37599.7
1747749607198,,
1747749607398.0,37597.7,37604.7
1747749607605.0,37600.2,37607.2
1747749608007.0,37597.7,37604.7
1747749608729.0,37595.2,37602.2
1747749609128.0,37597.7,37604.7
1747749609529.0,37595.2,37602.2
1747749609928.0,37597.7,37604.7
1747749610126.0,37595.2,37602.2
1747749610337.0,37597.7,37604.7
1747749611956.0,37595.2,37602.2
1747749612558.0,37597.7,37604.7
1747749614796.0,37595.2,37602.2
1747749615974.0,37597.7,37604.7
1747749617345.0,37595.2,37602.2
1747749617732.0,37597.7,37604.7
1747749618879,,
1747749619082.0,37595.2,37602.2
1747749619580.0,37597.7,37604.7
1747749619974.0,37595.2,37602.2
1747749620177.0,37592.7,37599.7
1747749620516,,
1747749620717.0,37587.7,37594.7
1747749621928,,
1747749622128.0,37582.7,37589.7
1747749622529.0,37585.2,37592.2
1747749622866.0,37587.7,37594.7
1747749624423.0,37585.2,37592.2
1747749625098.0,37582.7,37589.7
1747749625298.0,37585.2,37592.2
1747749626036.0,37587.7,37594.7
1747749630141.0,37585.2,37592.2
1747749630337.0,37587.7,37594.7
1747749631874.0,37590.2,37597.2
1747749632072.0,37587.7,37594.7
1747749632273.0,37590.2,37597.2
1747749633565.0,37587.7,37594.7
1747749634379.0,37590.2,37597.2
1747749634779.0,37592.7,37599.7
1747749637293,,
1747749637486.0,37587.7,37594.7
1747749637932.0,37592.7,37599.7
1747749640492.0,37587.7,37594.7
1747749640691.0,37590.2,37597.2
1747749641381.0,37592.7,37599.7
1747749641576,,
1747749642258,,
1747749642459.0,37595.2,37602.2
1747749642659.0,37592.7,37599.7
1747749643367.0,37597.7,37604.7
1747749643564.0,37595.2,37602.2
1747749643766.0,37597.7,37604.7
1747749644164.0,37597.7,37604.7
1747749645171.0,37600.2,37607.2
1747749645375.0,37597.7,37604.7
1747749646146.0,37600.2,37607.2
1747749646946.0,37597.7,37604.7
1747749647911.0,37595.2,37602.2
1747749648310.0,37592.7,37599.7
1747749648666.0,37595.2,37602.2
1747749648865.0,37592.7,37599.7
1747749649266.0,37595.2,37602.2
1747749649726.0,37597.7,37604.7
1747749653912.0,37600.2,37607.2
1747749654107.0,37597.7,37604.7
1747749654306.0,37600.2,37607.2
1747749654507.0,37597.7,37604.7
1747749654841,,
1747749655040.0,37600.2,37607.2
1747749656141.0,37597.7,37604.7
1747749659780.0,37600.2,37607.2
1747749660380.0,37597.7,37604.7
1747749661056.0,37600.2,37607.2
1747749661505.0,37597.7,37604.7
1747749661948.0,37600.2,37607.2
1747749662151.0,37597.7,37604.7
1747749665279,,
1747749665473.0,37592.7,37599.7
1747749666480,,
1747749666679.0,37587.7,37594.7
1747749668128,,
1747749668331.0,37582.7,37589.7
1747749669131.0,37585.2,37592.2
1747749670081.0,37582.7,37589.7
1747749670282.0,37587.7,37594.7
1747749673338,,
1747749673539.0,37592.7,37599.7
1747749673774.0,37590.2,37597.2
1747749674171.0,37587.7,37594.7
1747749674368.0,37592.7,37599.7
1747749675667,,
1747749676072,,
1747749677205.0,37595.2,37602.2
1747749677770.0,37592.7,37599.7
1747749677970.0,37595.2,37602.2
1747749678169.0,37592.7,37599.7
1747749678634.0,37595.2,37602.2
1747749679031.0,37597.7,37604.7
1747749679232.0,37595.2,37602.2
1747749679431.0,37592.7,37599.7
1747749679847.0,37590.2,37597.2
1747749680447,,
1747749680844.0,37592.7,37599.7
1747749681578.0,37595.2,37602.2
1747749682473.0,37592.7,37599.7
1747749682674.0,37595.2,37602.2
1747749683072.0,37592.7,37599.7
1747749684007.0,37595.2,37602.2
1747749684204.0,37592.7,37599.7
1747749684619.0,37595.2,37602.2
1747749684820.0,37592.7,37599.7
1747749685020.0,37595.2,37602.2
1747749685510.0,37592.7,37599.7
1747749685912.0,37592.7,37599.7
1747749686452.0,37592.7,37599.7
1747749686962.0,37595.2,37602.2
1747749687361.0,37592.7,37599.7
1747749687632.0,37595.2,37602.2
1747749688610.0,37592.7,37599.7
1747749694491.0,37595.2,37602.2
1747749694689.0,37597.7,37604.7
1747749695481,,
1747749695882.0,37595.2,37602.2
1747749696838.0,37592.7,37599.7
1747749697238.0,37595.2,37602.2
1747749697539.0,37592.7,37599.7
1747749698029.0,37595.2,37602.2
1747749698227.0,37592.7,37599.7
1747749698505.0,37595.2,37602.2
1747749698704.0,37592.7,37599.7
1747749699732.0,37592.7,37599.7
1747749699931.0,37595.2,37602.2
1747749700414.0,37597.7,37604.7
1747749701800,,
1747749701999.0,37600.2,37607.2
1747749702201.0,37597.7,37604.7
1747749702404.0,37600.2,37607.2
1747749702599.0,37597.7,37604.7
1747749712846.0,37595.2,37602.2
1747749713047.0,37597.7,37604.7
1747749714069.0,37595.2,37602.2
1747749714465.0,37597.7,37604.7
1747749714865.0,37597.7,37604.7
1747749715188.0,37595.2,37602.2
1747749715388.0,37597.7,37604.7
1747749716659.0,37595.2,37602.2
1747749717060.0,37592.7,37599.7
1747749720067,,
1747749720269.0,37595.2,37602.2
1747749721007.0,37592.7,37599.7
1747749724405,,
1747749724606.0,37587.7,37594.7
1747749725898,,
1747749726073.0,37592.7,37599.7
1747749730294.0,37595.2,37602.2
1747749730704.0,37597.7,37604.7
1747749731331,,
1747749731531.0,37600.2,37607.2
1747749732230.0,37602.7,37609.7
1747749732431.0,37600.2,37607.2
1747749733076.0,37600.2,37607.2
1747749733276.0,37602.7,37609.7
1747749736243,,
1747749736445.0,37607.7,37614.7
1747749736646.0,37605.2,37612.2
1747749737095.0,37607.7,37614.7
1747749746557,,
1747749746758.0,37610.2,37617.2
1747749746955.0,37612.7,37619.7
1747749747220.0,37610.2,37617.2
1747749747619.0,37612.7,37619.7
1747749750158,,
1747749755327.0,37612.7,37619.7
1747749756068.0,37615.2,37622.2
1747749756468.0,37612.7,37619.7
1747749757207.0,37615.2,37622.2
1747749758588.0,37612.7,37619.7
1747749758788.0,37615.2,37622.2
1747749759388.0,37615.2,37622.2
1747749759787.0,37612.7,37619.7
1747749760803.0,37615.2,37622.2
1747749761003.0,37612.7,37619.7
1747749764236,,
1747749765906.0,37610.2,37617.2
1747749766100.0,37607.7,37614.7
1747749766304.0,37610.2,37617.2
1747749766499,,
1747749766881.0,37607.7,37614.7
1747749767080.0,37610.2,37617.2
1747749767730.0,37607.7,37614.7
1747749771384.0,37610.2,37617.2
1747749771783.0,37607.7,37614.7
1747749771984.0,37610.2,37617.2
1747749772384.0,37610.2,37617.2
1747749772710.0,37607.7,37614.7
1747749772910.0,37610.2,37617.2
1747749773111.0,37607.7,37614.7
1747749773310.0,37610.2,37617.2
1747749773765.0,37607.7,37614.7
1747749773963.0,37610.2,37617.2
1747749774162.0,37607.7,37614.7
1747749774695,,
1747749774896.0,37605.2,37612.2
1747749775161.0,37607.7,37614.7
1747749775359.0,37605.2,37612.2
1747749775560.0,37602.7,37609.7
1747749776449.0,37600.2,37607.2
1747749776649.0,37597.7,37604.7
1747749776848.0,37600.2,37607.2
1747749777153.0,37597.7,37604.7
1747749777597.0,37600.2,37607.2
1747749777795.0,37597.7,37604.7
1747749778063,,
1747749778260.0,37602.7,37609.7
1747749778538,,
1747749778739.0,37597.7,37604.7
1747749778938.0,37600.2,37607.2
1747749779946.0,37602.7,37609.7
1747749781552.0,37605.2,37612.2
1747749781751.0,37602.7,37609.7
1747749781952.0,37605.2,37612.2
1747749782429.0,37607.7,37614.7
1747749782968.0,37605.2,37612.2
1747749783369.0,37602.7,37609.7
1747749784052.0,37602.7,37609.7
1747749784252.0,37605.2,37612.2
1747749784454.0,37607.7,37614.7
1747749784853.0,37605.2,37612.2
1747749785274.0,37607.7,37614.7
1747749785673.0,37605.2,37612.2
1747749786418.0,37607.7,37614.7
1747749786617.0,37605.2,37612.2
1747749787338.0,37602.7,37609.7
1747749787540.0,37605.2,37612.2
1747749787739.0,37602.7,37609.7
1747749789218.0,37600.2,37607.2
1747749789704.0,37602.7,37609.7
1747749789905.0,37600.2,37607.2
1747749790105.0,37602.7,37609.7
1747749790666.0,37600.2,37607.2
1747749790865.0,37597.7,37604.7
1747749795993,,
1747749797615,,
1747749797817.0,37600.2,37607.2
1747749798017.0,37597.7,37604.7
1747749799006.0,37600.2,37607.2
1747749799205.0,37602.7,37609.7
1747749800142.0,37600.2,37607.2
1747749800352.0,37597.7,37604.7
1747749800537.0,37600.2,37607.2
1747749800742.0,37597.7,37604.7
1747749801615.0,37600.2,37607.2
1747749802222.0,37602.7,37609.7
1747749804323.0,37605.2,37612.2
1747749804522.0,37602.7,37609.7
1747749805209.0,37605.2,37612.2
1747749805626.0,37607.7,37614.7
1747749807758.0,37610.2,37617.2
1747749808779.0,37607.7,37614.7
1747749809179.0,37610.2,37617.2
1747749809378.0,37607.7,37614.7
1747749811311.0,37610.2,37617.2
1747749811511.0,37607.7,37614.7
1747749812100.0,37610.2,37617.2
1747749812589.0,37607.7,37614.7
1747749813250.0,37610.2,37617.2
1747749813649.0,37607.7,37614.7
1747749814117.0,37610.2,37617.2
1747749814317.0,37607.7,37614.7
1747749814840.0,37610.2,37617.2
1747749815240.0,37610.2,37617.2
1747749815467.0,37607.7,37614.7
1747749816068.0,37610.2,37617.2
1747749816467.0,37607.7,37614.7
1747749818677.0,37610.2,37617.2
1747749819272.0,37607.7,37614.7
1747749820206.0,37605.2,37612.2
1747749820407.0,37607.7,37614.7
1747749821042,,
1747749821248.0,37602.7,37609.7
1747749822195.0,37607.7,37614.7
1747749822394.0,37605.2,37612.2
1747749823725.0,37602.7,37609.7
1747749826257.0,37605.2,37612.2
1747749826857.0,37602.7,37609.7
1747749827059.0,37607.7,37614.7
1747749827256.0,37605.2,37612.2
1747749829120.0,37602.7,37609.7
1747749829520.0,37605.2,37612.2
1747749829793.0,37602.7,37609.7
1747749829993.0,37605.2,37612.2
1747749830260.0,37602.7,37609.7
1747749831541.0,37605.2,37612.2
1747749832296.0,37605.2,37612.2
1747749832495.0,37602.7,37609.7
1747749835959.0,37605.2,37612.2
1747749836899.0,37607.7,37614.7
1747749845460.0,37605.2,37612.2
1747749845856.0,37607.7,37614.7
1747749846058.0,37605.2,37612.2
1747749846259.0,37602.7,37609.7
1747749849361,,
1747749849599.0,37607.7,37614.7
1747749856680.0,37610.2,37617.2
1747749857075.0,37607.7,37614.7
1747749857777.0,37610.2,37617.2
1747749858178,,
1747749859159.0,37607.7,37614.7
1747749869779,,
1747749869979,,
1747749870181.0,37605.2,37612.2
1747749870741.0,37602.7,37609.7
1747749871967,,
1747749872165.0,37607.7,37614.7
1747749872364.0,37612.7,37619.7
1747749872564.0,37610.2,37617.2
1747749873220.0,37612.7,37619.7
1747749873621.0,37610.2,37617.2
1747749873857.0,37612.7,37619.7
1747749874258.0,37610.2,37617.2
1747749874576.0,37612.7,37619.7
1747749875264.0,37610.2,37617.2
1747749877507.0,37607.7,37614.7
1747749878391.0,37610.2,37617.2
1747749879116.0,37612.7,37619.7
1747749879309.0,37610.2,37617.2
1747749879590.0,37612.7,37619.7
1747749880295.0,37610.2,37617.2
1747749881095.0,37607.7,37614.7
1747749887422,,
1747749887624.0,37605.2,37612.2
1747749888605.0,37607.7,37614.7
1747749889006.0,37610.2,37617.2
1747749890691.0,37607.7,37614.7
1747749891452.0,37610.2,37617.2
1747749892071.0,37607.7,37614.7
1747749892271.0,37610.2,37617.2
1747749892471.0,37607.7,37614.7
1747749892873.0,37610.2,37617.2
1747749893445.0,37607.7,37614.7
1747749897394.0,37610.2,37617.2
1747749899623.0,37612.7,37619.7
1747749900022.0,37610.2,37617.2
1747749900222.0,37612.7,37619.7
1747749900621.0,37607.7,37614.7
1747749910195,,
1747749910406.0,37605.2,37612.2
1747749910805.0,37607.7,37614.7
1747749911007.0,37605.2,37612.2
1747749911448.0,37607.7,37614.7
1747749911847.0,37605.2,37612.2
1747749912248.0,37607.7,37614.7
1747749912725.0,37605.2,37612.2
1747749912923.0,37607.7,37614.7
1747749917774,,
1747749917981.0,37602.7,37609.7
1747749919500.0,37605.2,37612.2
1747749919899.0,37607.7,37614.7
1747749920100.0,37605.2,37612.2
1747749921712.0,37607.7,37614.7
1747749923062,,
1747749923263.0,37610.2,37617.2
1747749923463.0,37607.7,37614.7
1747749923775.0,37610.2,37617.2
1747749923975.0,37607.7,37614.7
1747749924855.0,37610.2,37617.2
1747749926889.0,37607.7,37614.7
1747749927398.0,37610.2,37617.2
1747749927599.0,37607.7,37614.7
1747749927998.0,37610.2,37617.2
1747749928399.0,37607.7,37614.7
1747749928796.0,37610.2,37617.2
1747749931378.0,37612.7,37619.7
1747749931575.0,37610.2,37617.2
1747749931965.0,37607.7,37614.7
1747749933831.0,37610.2,37617.2
1747749934485.0,37612.7,37619.7
1747749934685.0,37610.2,37617.2
1747749936875.0,37607.7,37614.7
1747749937644.0,37610.2,37617.2
1747749937842.0,37607.7,37614.7
1747749940436.0,37610.2,37617.2
1747749940941.0,37607.7,37614.7
1747749941340.0,37610.2,37617.2
1747749941894.0,37607.7,37614.7
1747749942295.0,37610.2,37617.2
1747749942508.0,37612.7,37619.7
1747749951810,,
1747749952007.0,37607.7,37614.7
1747749954013.0,37605.2,37612.2
1747749954211,,
1747749954410.0,37607.7,37614.7
1747749954610.0,37605.2,37612.2
1747749954808.0,37602.7,37609.7
1747749955808.0,37605.2,37612.2
1747749956408.0,37602.7,37609.7
1747749956610.0,37605.2,37612.2
1747749957081.0,37607.7,37614.7
1747749957281.0,37605.2,37612.2
1747749958014.0,37607.7,37614.7
1747749958468.0,37605.2,37612.2
1747749958666.0,37607.7,37614.7
1747749959830.0,37605.2,37612.2
1747749960023.0,37607.7,37614.7
1747749961112.0,37605.2,37612.2
1747749961510.0,37607.7,37614.7
1747749962027,,
1747749962223.0,37610.2,37617.2
1747749962436.0,37612.7,37619.7
1747749965325.0,37610.2,37617.2
1747749966222.0,37612.7,37619.7
1747749966422.0,37610.2,37617.2
1747749966822.0,37612.7,37619.7
1747749968751.0,37610.2,37617.2
1747749969152.0,37612.7,37619.7
1747749969465.0,37610.2,37617.2
1747749970462.0,37607.7,37614.7
1747749970662.0,37610.2,37617.2
1747749970861.0,37607.7,37614.7
1747749971109.0,37610.2,37617.2
1747749971584.0,37607.7,37614.7
1747749976982.0,37605.2,37612.2
1747749977383.0,37607.7,37614.7
1747749977581.0,37605.2,37612.2
1747749978485.0,37602.7,37609.7
1747749978683.0,37600.2,37607.2
1747749978883.0,37597.7,37604.7
1747749980208.0,37600.2,37607.2
1747749980408,,
1747749981135.0,37597.7,37604.7
1747749981534.0,37597.7,37604.7
1747749982029.0,37600.2,37607.2
1747749982629.0,37602.7,37609.7
1747749983304.0,37600.2,37607.2
1747749983503.0,37602.7,37609.7
1747749983841.0,37600.2,37607.2
1747749984041.0,37602.7,37609.7
1747749991678.0,37600.2,37607.2
1747749992078.0,37602.7,37609.7
1747749999326,,
1747749999526.0,37607.7,37614.7
1747750004449,,
1747750005209.0,37605.2,37612.2
1747750005804.0,37605.2,37612.2
1747750006196.0,37602.7,37609.7
1747750006944.0,37605.2,37612.2
1747750007503.0,37602.7,37609.7
1747750012861.0,37600.2,37607.2
1747750013254.0,37597.7,37604.7
1747750013545.0,37600.2,37607.2
1747750013944.0,37597.7,37604.7
1747750014345.0,37600.2,37607.2
1747750015007.0,37597.7,37604.7
1747750015747.0,37600.2,37607.2
1747750016148.0,37600.2,37607.2
1747750016347.0,37597.7,37604.7
1747750017039.0,37600.2,37607.2
1747750017437.0,37597.7,37604.7
1747750017670.0,37600.2,37607.2
1747750019486.0,37602.7,37609.7
1747750020014.0,37600.2,37607.2
1747750020456.0,37597.7,37604.7
1747750021963,,
1747750022164.0,37602.7,37609.7
1747750024088.0,37600.2,37607.2
1747750024639.0,37602.7,37609.7
1747750025252.0,37600.2,37607.2
1747750026265.0,37602.7,37609.7
1747750026463.0,37600.2,37607.2
1747750026697.0,37597.7,37604.7
1747750027352.0,37600.2,37607.2
1747750027789.0,37602.7,37609.7
1747750030502.0,37597.7,37604.7
1747750031963,,
1747750032163.0,37595.2,37602.2
1747750032608.0,37595.2,37602.2
1747750032808.0,37592.7,37599.7
1747750034551.0,37590.2,37597.2
1747750034750.0,37592.7,37599.7
1747750035305.0,37590.2,37597.2
1747750035813.0,37592.7,37599.7
1747750036013.0,37590.2,37597.2
1747750036275.0,37587.7,37594.7
1747750037262.0,37590.2,37597.2
1747750037461.0,37587.7,37594.7
1747750038364.0,37590.2,37597.2
1747750039496.0,37587.7,37594.7
1747750041005.0,37585.2,37592.2
1747750041404.0,37582.7,37589.7
1747750042341.0,37580.2,37587.2
1747750042737.0,37577.7,37584.7
1747750043813.0,37575.2,37582.2
1747750044350.0,37572.7,37579.7
1747750044548.0,37575.2,37582.2
1747750044990.0,37577.7,37584.7
1747750045739.0,37575.2,37582.2
1747750046135.0,37577.7,37584.7
1747750048140,,
1747750048338.0,37582.7,37589.7
1747750050044.0,37575.2,37582.2
1747750050148.0,37577.7,37584.7
1747750050402.0,37575.2,37582.2
1747750050600.0,37577.7,37584.7
1747750052239.0,37580.2,37587.2
1747750053529.0,37577.7,37584.7
1747750054556.0,37580.2,37587.2
1747750055165.0,37582.7,37589.7
1747750055364.0,37580.2,37587.2
1747750055761.0,37577.7,37584.7
1747750056556.0,37580.2,37587.2
1747750057206.0,37577.7,37584.7
1747750057751.0,37580.2,37587.2
1747750058149.0,37577.7,37584.7
1747750059548.0,37580.2,37587.2
1747750059747.0,37577.7,37584.7
1747750059947.0,37580.2,37587.2
1747750060670.0,37582.7,37589.7
1747750062515.0,37585.2,37592.2
1747750062714.0,37582.7,37589.7
1747750065316.0,37580.2,37587.2
1747750065516.0,37577.7,37584.7
1747750066395.0,37580.2,37587.2
1747750067208.0,37582.7,37589.7
1747750067409.0,37580.2,37587.2
1747750067608.0,37582.7,37589.7
1747750069214,,
1747750069416.0,37587.7,37594.7
1747750071021.0,37585.2,37592.2
1747750071415.0,37587.7,37594.7
1747750072132.0,37585.2,37592.2
1747750072634.0,37582.7,37589.7
1747750073197.0,37585.2,37592.2
1747750073599.0,37582.7,37589.7
1747750077304.0,37585.2,37592.2
1747750078392.0,37582.7,37589.7
1747750078791.0,37582.7,37589.7
1747750079480.0,37585.2,37592.2
1747750079877.0,37582.7,37589.7
1747750080139.0,37580.2,37587.2
1747750081059.0,37582.7,37589.7
1747750081258.0,37580.2,37587.2
1747750081462.0,37582.7,37589.7
1747750081659.0,37580.2,37587.2
1747750082535.0,37577.7,37584.7
1747750083583.0,37575.2,37582.2
1747750083784.0,37572.7,37579.7
1747750085840,,
1747750086032.0,37570.2,37577.2
1747750086431.0,37570.2,37577.2
1747750086664.0,37572.7,37579.7
1747750087267.0,37575.2,37582.2
1747750087465.0,37577.7,37584.7
1747750090721,,
1747750090921.0,37572.7,37579.7
1747750094180.0,37575.2,37582.2
1747750094831.0,37572.7,37579.7
1747750095031.0,37575.2,37582.2
1747750095377.0,37572.7,37579.7
1747750095576.0,37575.2,37582.2
1747750097638.0,37577.7,37584.7
1747750098038.0,37575.2,37582.2
1747750098239.0,37577.7,37584.7
1747750103663.0,37575.2,37582.2
1747750104995.0,37577.7,37584.7
1747750105805.0,37575.2,37582.2
1747750106004.0,37572.7,37579.7
1747750108202.0,37570.2,37577.2
1747750108810.0,37572.7,37579.7
1747750109008.0,37570.2,37577.2
1747750109472.0,37567.7,37574.7
1747750109671.0,37570.2,37577.2
1747750109871.0,37567.7,37574.7
1747750110124.0,37570.2,37577.2
1747750110524.0,37567.7,37574.7
1747750110723.0,37570.2,37577.2
1747750111720.0,37567.7,37574.7
1747750112414.0,37565.2,37572.2
1747750112611.0,37567.7,37574.7
1747750115072.0,37565.2,37572.2
1747750115272.0,37572.7,37579.7
1747750118232.0,37577.7,37584.7
1747750120412.0,37580.2,37587.2
1747750121311.0,37582.7,37589.7
1747750121509.0,37580.2,37587.2
1747750123356.0,37577.7,37584.7
1747750126528.0,37580.2,37587.2
1747750126726.0,37577.7,37584.7
1747750135706,,
1747750135807.0,37572.7,37579.7
1747750136505.0,37575.2,37582.2
1747750137294.0,37572.7,37579.7
1747750141723.0,37575.2,37582.2
1747750141923.0,37572.7,37579.7
1747750142811.0,37575.2,37582.2
1747750143803.0,37572.7,37579.7
1747750144710.0,37572.7,37579.7
1747750146831.0,37577.7,37584.7
1747750147070.0,37580.2,37587.2
1747750148118.0,37577.7,37584.7
1747750148724.0,37575.2,37582.2
1747750149570.0,37577.7,37584.7
1747750149770.0,37575.2,37582.2
1747750150709.0,37577.7,37584.7
1747750150909.0,37575.2,37582.2
1747750151413.0,37572.7,37579.7
1747750151610.0,37575.2,37582.2
1747750152107.0,37572.7,37579.7
1747750153358.0,37575.2,37582.2
1747750153965.0,37577.7,37584.7
1747750157396.0,37575.2,37582.2
1747750157596.0,37577.7,37584.7
1747750157794.0,37575.2,37582.2
1747750158278.0,37575.2,37582.2
1747750158560.0,37577.7,37584.7
1747750162073.0,37577.7,37584.7
1747750165125.0,37575.2,37582.2
1747750165706.0,37572.7,37579.7
1747750166105.0,37575.2,37582.2
1747750166304.0,37572.7,37579.7
1747750166505.0,37575.2,37582.2
1747750167254.0,37572.7,37579.7
1747750167454.0,37575.2,37582.2
1747750167853.0,37572.7,37579.7
1747750169200.0,37575.2,37582.2
1747750169614.0,37572.7,37579.7
1747750170730.0,37570.2,37577.2
1747750171280.0,37567.7,37574.7
1747750171471.0,37570.2,37577.2
1747750171875.0,37567.7,37574.7
1747750174057.0,37570.2,37577.2
1747750174455.0,37567.7,37574.7
1747750174656.0,37570.2,37577.2
1747750175115.0,37567.7,37574.7
1747750176724.0,37570.2,37577.2
1747750176923,,
1747750177524.0,37572.7,37579.7
1747750177725.0,37570.2,37577.2
1747750178304.0,37572.7,37579.7
1747750178505.0,37567.7,37574.7
1747750179984.0,37570.2,37577.2
1747750180181.0,37567.7,37574.7
1747750180399.0,37570.2,37577.2
1747750180803.0,37572.7,37579.7
1747750181145.0,37570.2,37577.2
1747750181543.0,37572.7,37579.7
1747750181923.0,37570.2,37577.2
1747750182389.0,37572.7,37579.7
1747750184360.0,37570.2,37577.2
1747750185047.0,37567.7,37574.7
1747750185245.0,37570.2,37577.2
1747750185446.0,37567.7,37574.7
1747750185893.0,37570.2,37577.2
1747750186294.0,37567.7,37574.7
1747750186894.0,37565.2,37572.2
1747750187093.0,37562.7,37569.7
1747750187324.0,37560.2,37567.2
1747750187522.0,37562.7,37569.7
1747750189006.0,37560.2,37567.2
1747750189399.0,37562.7,37569.7
1747750192571,,
1747750192771.0,37560.2,37567.2
1747750193005.0,37562.7,37569.7
1747750193406.0,37560.2,37567.2
1747750193908.0,37562.7,37569.7
1747750194309.0,37560.2,37567.2
1747750194509.0,37562.7,37569.7
1747750195939.0,37565.2,37572.2
1747750196138.0,37567.7,37574.7
1747750196540.0,37565.2,37572.2
1747750197013.0,37562.7,37569.7
1747750197213.0,37565.2,37572.2
1747750197414.0,37562.7,37569.7
1747750198398.0,37562.7,37569.7
1747750199466.0,37560.2,37567.2
1747750199666.0,37562.7,37569.7
1747750199867.0,37560.2,37567.2
1747750200285.0,37560.2,37567.2
1747750200486.0,37557.7,37564.7
1747750200876.0,37560.2,37567.2
1747750201074.0,37557.7,37564.7
1747750202428.0,37555.2,37562.2
1747750202634.0,37552.7,37559.7
1747750203223.0,37550.2,37557.2
1747750203822.0,37547.7,37554.7
1747750204024.0,37550.2,37557.2
1747750204223.0,37547.7,37554.7
1747750204423.0,37552.7,37559.7
1747750206590.0,37555.2,37562.2
1747750206990.0,37552.7,37559.7
1747750208143,,
1747750208335.0,37550.2,37557.2
1747750209226.0,37547.7,37554.7
1747750209753.0,37550.2,37557.2
1747750210463.0,37547.7,37554.7
1747750210864.0,37547.7,37554.7
1747750211495.0,37550.2,37557.2
1747750211693.0,37547.7,37554.7
1747750211893.0,37550.2,37557.2
1747750212097.0,37547.7,37554.7
1747750212296.0,37550.2,37557.2
1747750212577.0,37547.7,37554.7
1747750212977.0,37550.2,37557.2
1747750213281.0,37547.7,37554.7
1747750213480.0,37550.2,37557.2
1747750213881.0,37552.7,37559.7
1747750215097.0,37550.2,37557.2
1747750215495.0,37552.7,37559.7
1747750216191.0,37550.2,37557.2
1747750216590.0,37552.7,37559.7
1747750217386.0,37555.2,37562.2
1747750217584.0,37557.7,37564.7
1747750218187.0,37562.7,37569.7
1747750218385.0,37560.2,37567.2
1747750218657.0,37562.7,37569.7
1747750219207.0,37565.2,37572.2
1747750219404.0,37562.7,37569.7
1747750219806.0,37565.2,37572.2
1747750220005.0,37567.7,37574.7
1747750220206.0,37562.7,37569.7
1747750223650.0,37560.2,37567.2
1747750224678.0,37560.2,37567.2
1747750224993.0,37557.7,37564.7
1747750225392.0,37560.2,37567.2
1747750225797.0,37557.7,37564.7
1747750227383,,
1747750227582.0,37560.2,37567.2
1747750227782.0,37562.7,37569.7
1747750228181.0,37562.7,37569.7
1747750228653.0,37560.2,37567.2
1747750229451.0,37562.7,37569.7
1747750230061.0,37560.2,37567.2
1747750230672.0,37557.7,37564.7
1747750231072.0,37560.2,37567.2
1747750231473.0,37560.2,37567.2
1747750231669.0,37557.7,37564.7
1747750234566.0,37555.2,37562.2
1747750234966.0,37557.7,37564.7
1747750237148.0,37560.2,37567.2
1747750238098.0,37562.7,37569.7
1747750239042.0,37562.7,37569.7
1747750239241.0,37565.2,37572.2
1747750239444.0,37562.7,37569.7
1747750239641.0,37565.2,37572.2
1747750240224.0,37562.7,37569.7
1747750243309.0,37565.2,37572.2
1747750244038.0,37562.7,37569.7
1747750244436.0,37565.2,37572.2
1747750245087.0,37562.7,37569.7
1747750246353.0,37565.2,37572.2
1747750246753.0,37562.7,37569.7
1747750246952.0,37565.2,37572.2
1747750247153.0,37562.7,37569.7
1747750248046,,
1747750248247.0,37567.7,37574.7
1747750249555.0,37565.2,37572.2
1747750251789.0,37565.2,37572.2
1747750251989.0,37562.7,37569.7
1747750253127.0,37565.2,37572.2
1747750254946.0,37562.7,37569.7
1747750255345.0,37565.2,37572.2
1747750255952.0,37562.7,37569.7
1747750256351.0,37565.2,37572.2
1747750256551.0,37562.7,37569.7
1747750256788.0,37565.2,37572.2
1747750257187.0,37562.7,37569.7
1747750257598.0,37565.2,37572.2
1747750258204.0,37562.7,37569.7
1747750259938.0,37562.7,37569.7
1747750260372.0,37565.2,37572.2
1747750260942.0,37562.7,37569.7
1747750261143.0,37565.2,37572.2
1747750261664.0,37562.7,37569.7
1747750262067.0,37565.2,37572.2
1747750263391.0,37562.7,37569.7
1747750263792.0,37565.2,37572.2
1747750264705.0,37567.7,37574.7
1747750265385.0,37565.2,37572.2
1747750265586.0,37567.7,37574.7
1747750265786.0,37565.2,37572.2
1747750266664.0,37567.7,37574.7
1747750266866.0,37565.2,37572.2
1747750267063.0,37567.7,37574.7
1747750269958.0,37572.7,37579.7
1747750270157.0,37570.2,37577.2
1747750270540.0,37572.7,37579.7
1747750270738.0,37570.2,37577.2
1747750272328.0,37567.7,37574.7
1747750272528.0,37570.2,37577.2
1747750272932.0,37567.7,37574.7
1747750273128.0,37562.7,37569.7
1747750274006.0,37565.2,37572.2
1747750274200.0,37567.7,37574.7
1747750277468.0,37565.2,37572.2
1747750278066.0,37567.7,37574.7
1747750278466.0,37565.2,37572.2
1747750278666.0,37567.7,37574.7
1747750279066.0,37565.2,37572.2
1747750279465.0,37565.2,37572.2
1747750280395.0,37567.7,37574.7
1747750281537,,
1747750281739.0,37565.2,37572.2
1747750282189.0,37562.7,37569.7
1747750282385.0,37560.2,37567.2
1747750282808.0,37562.7,37569.7
1747750284851,,
1747750285052.0,37565.2,37572.2
1747750285313.0,37562.7,37569.7
1747750285713.0,37565.2,37572.2
1747750286394.0,37567.7,37574.7
1747750288111.0,37565.2,37572.2
1747750289026.0,37567.7,37574.7
1747750289426.0,37565.2,37572.2
1747750289626.0,37567.7,37574.7
1747750290433.0,37565.2,37572.2
1747750291105.0,37567.7,37574.7
1747750291305.0,37565.2,37572.2
1747750292475.0,37562.7,37569.7
1747750293394,,
1747750293794.0,37560.2,37567.2
1747750294011.0,37557.7,37564.7
1747750294211.0,37560.2,37567.2
1747750294411.0,37557.7,37564.7
1747750294611.0,37555.2,37562.2
1747750294811.0,37557.7,37564.7
1747750295012.0,37555.2,37562.2
1747750295412.0,37552.7,37559.7
1747750295812.0,37555.2,37562.2
1747750296210.0,37555.2,37562.2
1747750296763.0,37557.7,37564.7
1747750296963.0,37555.2,37562.2
1747750297636.0,37552.7,37559.7
1747750297833.0,37555.2,37562.2
1747750298034.0,37552.7,37559.7
1747750298592.0,37555.2,37562.2
1747750298992.0,37552.7,37559.7
1747750299427.0,37555.2,37562.2
1747750300006.0,37557.7,37564.7
1747750301131,,
1747750305236,,
1747750306445,,
1747750306846.0,37560.2,37567.2
1747750308171.0,37557.7,37564.7
1747750308770.0,37555.2,37562.2
1747750309582.0,37557.7,37564.7
1747750310685.0,37560.2,37567.2
1747750311918.0,37562.7,37569.7
1747750316788,,
1747750316989.0,37560.2,37567.2
1747750317998.0,37557.7,37564.7
1747750318397.0,37560.2,37567.2
1747750318688.0,37557.7,37564.7
1747750321337.0,37560.2,37567.2
1747750321538.0,37557.7,37564.7
1747750323684.0,37555.2,37562.2
1747750323884.0,37557.7,37564.7
1747750324086.0,37555.2,37562.2
1747750324977.0,37557.7,37564.7
1747750325178.0,37555.2,37562.2
1747750326633.0,37552.7,37559.7
1747750326833.0,37555.2,37562.2
1747750327844.0,37557.7,37564.7
1747750328044.0,37555.2,37562.2
1747750329035.0,37557.7,37564.7
1747750329430.0,37555.2,37562.2
1747750329926.0,37552.7,37559.7
1747750330616.0,37555.2,37562.2
1747750330812.0,37552.7,37559.7
1747750331436.0,37555.2,37562.2
1747750331837.0,37552.7,37559.7
1747750332331.0,37555.2,37562.2
1747750332533.0,37552.7,37559.7
1747750335515.0,37555.2,37562.2
1747750335914.0,37552.7,37559.7
1747750336997.0,37555.2,37562.2
1747750337397.0,37552.7,37559.7
1747750338831.0,37547.7,37554.7
1747750339030.0,37550.2,37557.2
1747750339430.0,37552.7,37559.7
1747750341498,,
1747750341703.0,37550.2,37557.2
1747750342093.0,37552.7,37559.7
1747750345362.0,37555.2,37562.2
1747750345762.0,37552.7,37559.7
1747750345960.0,37555.2,37562.2
1747750346316.0,37557.7,37564.7
1747750347027.0,37555.2,37562.2
1747750347657.0,37557.7,37564.7
1747750348056.0,37557.7,37564.7
1747750351178.0,37555.2,37562.2
1747750351664.0,37557.7,37564.7
1747750356144.0,37555.2,37562.2
1747750356343.0,37557.7,37564.7
1747750357849.0,37555.2,37562.2
1747750358466.0,37552.7,37559.7
1747750358664.0,37555.2,37562.2
1747750358864.0,37557.7,37564.7
1747750359064.0,37555.2,37562.2
1747750359263.0,37557.7,37564.7
1747750359742,,
1747750359941.0,37560.2,37567.2
1747750361335.0,37562.7,37569.7
1747750361526.0,37560.2,37567.2
1747750361727.0,37562.7,37569.7
1747750362333.0,37560.2,37567.2
1747750364315.0,37562.7,37569.7
1747750364712.0,37560.2,37567.2
1747750364912.0,37562.7,37569.7
1747750365165.0,37560.2,37567.2
1747750366412.0,37562.7,37569.7
1747750366812.0,37560.2,37567.2
1747750367449.0,37557.7,37564.7
1747750368211.0,37560.2,37567.2
1747750368626.0,37557.7,37564.7
1747750368833.0,37560.2,37567.2
1747750369784.0,37557.7,37564.7
1747750370185.0,37560.2,37567.2
1747750370611.0,37562.7,37569.7
1747750371811.0,37560.2,37567.2
1747750372009.0,37562.7,37569.7
1747750372411.0,37560.2,37567.2
1747750372643.0,37562.7,37569.7
1747750372844.0,37560.2,37567.2
1747750373044.0,37562.7,37569.7
1747750376723,,
1747750376922.0,37565.2,37572.2
1747750377533.0,37567.7,37574.7
1747750377932.0,37565.2,37572.2
1747750378321.0,37567.7,37574.7
1747750378779.0,37565.2,37572.2
1747750378974.0,37567.7,37574.7
1747750379953.0,37565.2,37572.2
1747750380154.0,37567.7,37574.7
1747750380354.0,37565.2,37572.2
1747750380955.0,37562.7,37569.7
1747750381152.0,37565.2,37572.2
1747750382313.0,37562.7,37569.7
1747750382514.0,37565.2,37572.2
1747750382786.0,37562.7,37569.7
1747750382985.0,37565.2,37572.2
1747750383267.0,37567.7,37574.7
1747750388305,,
1747750388505.0,37570.2,37577.2
1747750389519.0,37567.7,37574.7
1747750390081.0,37570.2,37577.2
1747750390482.0,37567.7,37574.7
1747750390882.0,37567.7,37574.7
1747750391081.0,37570.2,37577.2
1747750391319.0,37567.7,37574.7
1747750391517.0,37570.2,37577.2
1747750391912.0,37572.7,37579.7
1747750392693,,
1747750392799.0,37567.7,37574.7
1747750394012.0,37565.2,37572.2
1747750394209.0,37567.7,37574.7
1747750395872.0,37570.2,37577.2
1747750396472.0,37567.7,37574.7
1747750396673.0,37570.2,37577.2
1747750397709.0,37572.7,37579.7
1747750398328.0,37570.2,37577.2
1747750398524.0,37572.7,37579.7
1747750398929.0,37570.2,37577.2
1747750399127.0,37567.7,37574.7
1747750399525.0,37570.2,37577.2
1747750399724.0,37567.7,37574.7
1747750405189,,
1747750405372.0,37572.7,37579.7
1747750405572.0,37570.2,37577.2
1747750405941.0,37572.7,37579.7
1747750406342.0,37567.7,37574.7
1747750406540.0,37570.2,37577.2
1747750406873.0,37567.7,37574.7
1747750407950.0,37570.2,37577.2
1747750409079.0,37567.7,37574.7
1747750409553.0,37570.2,37577.2
1747750410091.0,37567.7,37574.7
1747750410295.0,37570.2,37577.2
1747750411384.0,37567.7,37574.7
1747750411991.0,37570.2,37577.2
1747750412523.0,37567.7,37574.7
1747750412722.0,37570.2,37577.2
1747750412921.0,37567.7,37574.7
1747750413657.0,37570.2,37577.2
1747750413854.0,37567.7,37574.7
1747750414704.0,37570.2,37577.2
1747750416424.0,37567.7,37574.7
1747750418010.0,37570.2,37577.2
1747750418411.0,37567.7,37574.7
1747750420043.0,37565.2,37572.2
1747750420241.0,37567.7,37574.7
1747750422911.0,37565.2,37572.2
1747750423112.0,37567.7,37574.7
1747750423415.0,37565.2,37572.2
1747750423861.0,37567.7,37574.7
1747750424060.0,37562.7,37569.7
1747750424461.0,37567.7,37574.7
1747750429641,,
1747750433730.0,37565.2,37572.2
1747750434226.0,37567.7,37574.7
1747750434425.0,37565.2,37572.2
1747750434626.0,37562.7,37569.7
1747750444308.0,37560.2,37567.2
1747750444708.0,37557.7,37564.7
1747750446381.0,37555.2,37562.2
1747750446581.0,37557.7,37564.7
1747750446781.0,37552.7,37559.7
1747750447659,,
1747750447859.0,37550.2,37557.2
1747750448239.0,37552.7,37559.7
1747750448435.0,37550.2,37557.2
1747750448927.0,37552.7,37559.7
1747750449122.0,37550.2,37557.2
1747750449383.0,37547.7,37554.7
1747750449588.0,37550.2,37557.2
1747750449779.0,37547.7,37554.7
1747750450113.0,37550.2,37557.2
1747750450312,,
1747750451122.0,37552.7,37559.7
1747750451322.0,37550.2,37557.2
1747750451787.0,37547.7,37554.7
1747750452717,,
1747750452916.0,37552.7,37559.7
1747750454089.0,37550.2,37557.2
1747750454576.0,37552.7,37559.7
1747750454989.0,37550.2,37557.2
1747750455189.0,37552.7,37559.7
1747750457937,,
1747750460843,,
1747750460984.0,37547.7,37554.7
1747750461484.0,37550.2,37557.2
1747750461882.0,37547.7,37554.7
1747750462645.0,37550.2,37557.2
1747750462837.0,37547.7,37554.7
1747750463036.0,37552.7,37559.7
1747750464636.0,37550.2,37557.2
1747750465599.0,37552.7,37559.7
1747750467721.0,37550.2,37557.2
1747750467919.0,37552.7,37559.7
1747750470231,,
1747750470432.0,37555.2,37562.2
1747750470636.0,37552.7,37559.7
1747750473098.0,37555.2,37562.2
1747750473992.0,37552.7,37559.7
1747750474192.0,37555.2,37562.2
1747750474998.0,37552.7,37559.7
1747750475420.0,37555.2,37562.2
1747750475818.0,37552.7,37559.7
1747750476069.0,37555.2,37562.2
1747750476482.0,37557.7,37564.7
1747750477556.0,37555.2,37562.2
1747750477758.0,37552.7,37559.7
1747750478159.0,37555.2,37562.2
1747750478464.0,37552.7,37559.7
1747750478890.0,37555.2,37562.2
1747750479089.0,37552.7,37559.7
1747750479494.0,37555.2,37562.2
1747750480883.0,37557.7,37564.7
1747750481082.0,37555.2,37562.2
1747750481284.0,37557.7,37564.7
1747750484369.0,37555.2,37562.2
1747750484832.0,37557.7,37564.7
1747750488960,,
1747750492856.0,37560.2,37567.2
1747750494192.0,37557.7,37564.7
1747750494391.0,37560.2,37567.2
1747750495241.0,37557.7,37564.7
1747750495640.0,37560.2,37567.2
1747750497331.0,37562.7,37569.7
1747750497530.0,37560.2,37567.2
1747750497952.0,37557.7,37564.7
1747750498159.0,37560.2,37567.2
1747750498720.0,37557.7,37564.7
1747750499119.0,37560.2,37567.2
1747750499520.0,37557.7,37564.7
1747750499907.0,37560.2,37567.2
1747750500109.0,37557.7,37564.7
1747750501612.0,37555.2,37562.2
1747750501815.0,37557.7,37564.7
1747750507629.0,37555.2,37562.2
1747750508049.0,37557.7,37564.7
1747750508251.0,37555.2,37562.2
1747750508580.0,37552.7,37559.7
1747750508980.0,37555.2,37562.2
1747750509815.0,37557.7,37564.7
1747750510216.0,37555.2,37562.2
1747750510969.0,37552.7,37559.7
1747750511169.0,37555.2,37562.2
1747750511569.0,37557.7,37564.7
1747750515281,,
1747750515482.0,37562.7,37569.7
1747750516338.0,37565.2,37572.2
1747750516538.0,37562.7,37569.7
1747750517447.0,37560.2,37567.2
1747750517899.0,37557.7,37564.7
1747750518299.0,37557.7,37564.7
1747750519282.0,37560.2,37567.2
1747750519973.0,37562.7,37569.7
1747750520897.0,37560.2,37567.2
1747750521296.0,37560.2,37567.2
1747750521497.0,37557.7,37564.7
1747750522659.0,37560.2,37567.2
1747750523057.0,37562.7,37569.7
1747750523257.0,37560.2,37567.2
1747750524421.0,37562.7,37569.7
1747750525079.0,37560.2,37567.2
1747750525277.0,37562.7,37569.7
1747750525844.0,37560.2,37567.2
1747750526724.0,37560.2,37567.2
1747750527544.0,37557.7,37564.7
1747750529110,,
1747750529309.0,37562.7,37569.7
1747750532572,,
1747750532770.0,37565.2,37572.2
1747750533113.0,37567.7,37574.7
1747750534131.0,37565.2,37572.2
1747750534731.0,37567.7,37574.7
1747750548538,,
1747750548734.0,37572.7,37579.7
1747750559044.0,37570.2,37577.2
1747750560149.0,37572.7,37579.7
1747750566390.0,37570.2,37577.2
1747750567046.0,37567.7,37574.7
1747750567447.0,37570.2,37577.2
1747750568204.0,37567.7,37574.7
1747750568623.0,37570.2,37577.2
1747750569987.0,37567.7,37574.7
1747750570794.0,37570.2,37577.2
1747750571440.0,37567.7,37574.7
1747750571640.0,37570.2,37577.2
1747750573677.0,37567.7,37574.7
1747750574299.0,37570.2,37577.2
1747750574699.0,37567.7,37574.7
1747750582792.0,37572.7,37579.7
1747750584403.0,37570.2,37577.2
1747750584603.0,37572.7,37579.7
1747750590070.0,37570.2,37577.2
1747750590268.0,37572.7,37579.7
1747750590468.0,37570.2,37577.2
1747750590734.0,37567.7,37574.7
1747750590934.0,37570.2,37577.2
1747750591231.0,37567.7,37574.7
1747750591433.0,37570.2,37577.2
1747750591631.0,37567.7,37574.7
1747750592686.0,37570.2,37577.2
1747750593084.0,37567.7,37574.7
1747750593286.0,37570.2,37577.2
1747750593533.0,37567.7,37574.7
1747750594035.0,37570.2,37577.2
1747750594445.0,37567.7,37574.7
1747750596862.0,37570.2,37577.2
1747750597325.0,37572.7,37579.7
1747750597722.0,37570.2,37577.2
1747750598990.0,37567.7,37574.7
1747750602261,,
1747750602462.0,37562.7,37569.7
1747750605918,,
1747750606119.0,37560.2,37567.2
1747750606314.0,37562.7,37569.7
1747750607496.0,37560.2,37567.2
1747750607999.0,37562.7,37569.7
1747750610188.0,37560.2,37567.2
1747750610389.0,37562.7,37569.7
1747750611955.0,37560.2,37567.2
1747750613146.0,37557.7,37564.7
1747750613346.0,37560.2,37567.2
1747750614084.0,37557.7,37564.7
1747750614666.0,37555.2,37562.2
1747750615893.0,37557.7,37564.7
1747750616293.0,37555.2,37562.2
1747750616494.0,37557.7,37564.7
1747750616691.0,37555.2,37562.2
1747750617120.0,37557.7,37564.7
1747750617792.0,37555.2,37562.2
1747750618191.0,37552.7,37559.7
1747750618390.0,37555.2,37562.2
1747750618592.0,37557.7,37564.7
1747750621727.0,37555.2,37562.2
1747750622520.0,37557.7,37564.7
1747750622720.0,37555.2,37562.2
1747750622918.0,37552.7,37559.7
1747750623424,,
1747750623623.0,37547.7,37554.7
1747750623905.0,37550.2,37557.2
1747750624107.0,37552.7,37559.7
1747750626174,,
1747750626376.0,37555.2,37562.2
1747750626794.0,37557.7,37564.7
1747750626994.0,37555.2,37562.2
1747750627462.0,37552.7,37559.7
1747750627889.0,37555.2,37562.2
1747750629151.0,37557.7,37564.7
1747750629555.0,37555.2,37562.2
1747750630873.0,37552.7,37559.7
1747750631415.0,37555.2,37562.2
1747750632057.0,37552.7,37559.7
1747750638010.0,37550.2,37557.2
1747750638205.0,37552.7,37559.7
1747750640022.0,37555.2,37562.2
1747750640224.0,37557.7,37564.7
1747750642241.0,37560.2,37567.2
1747750642443.0,37562.7,37569.7
1747750642844.0,37560.2,37567.2
1747750643290.0,37562.7,37569.7
1747750645555.0,37560.2,37567.2
1747750645754.0,37557.7,37564.7
1747750659689,,
1747750659896.0,37562.7,37569.7
1747750660623.0,37565.2,37572.2
1747750661019.0,37562.7,37569.7
1747750665812,,
1747750666012.0,37557.7,37564.7
1747750667135.0,37555.2,37562.2
1747750667337.0,37557.7,37564.7
1747750672620.0,37560.2,37567.2
1747750673216.0,37562.7,37569.7
1747750674421.0,37560.2,37567.2
1747750674620.0,37562.7,37569.7
1747750674821.0,37560.2,37567.2
1747750675473.0,37562.7,37569.7
1747750676297.0,37560.2,37567.2
1747750676496.0,37562.7,37569.7
1747750676896.0,37560.2,37567.2
1747750677641.0,37562.7,37569.7
1747750678083.0,37560.2,37567.2
1747750678614.0,37562.7,37569.7
1747750679623.0,37560.2,37567.2
1747750681080.0,37562.7,37569.7
1747750681496.0,37560.2,37567.2
1747750683205.0,37557.7,37564.7
1747750683403.0,37560.2,37567.2
1747750683605.0,37562.7,37569.7
1747750683873.0,37560.2,37567.2
1747750684071.0,37562.7,37569.7
1747750684273.0,37560.2,37567.2
1747750685769.0,37562.7,37569.7
1747750686280.0,37560.2,37567.2
1747750687495.0,37562.7,37569.7
1747750689071.0,37560.2,37567.2
1747750689270.0,37562.7,37569.7
1747750690972.0,37560.2,37567.2
1747750691719.0,37562.7,37569.7
1747750691920.0,37560.2,37567.2
1747750692209.0,37562.7,37569.7
1747750692410.0,37560.2,37567.2
1747750692963.0,37562.7,37569.7
1747750697085.0,37560.2,37567.2
1747750697284.0,37562.7,37569.7
1747750697945.0,37560.2,37567.2
1747750698146.0,37562.7,37569.7
1747750698345.0,37560.2,37567.2
1747750698544.0,37562.7,37569.7
1747750699787.0,37560.2,37567.2
1747750699987.0,37562.7,37569.7
1747750701127,,
1747750701327.0,37567.7,37574.7
1747750701612.0,37565.2,37572.2
1747750702495.0,37567.7,37574.7
1747750702696.0,37565.2,37572.2
1747750702893.0,37567.7,37574.7
1747750703095.0,37565.2,37572.2
1747750703291.0,37567.7,37574.7
1747750703492.0,37565.2,37572.2
1747750704030.0,37562.7,37569.7
1747750705037.0,37565.2,37572.2
1747750705456.0,37567.7,37574.7
1747750705652.0,37565.2,37572.2
1747750706339.0,37567.7,37574.7
1747750709944,,
1747750710146.0,37572.7,37579.7
1747750713523.0,37570.2,37577.2
1747750713723.0,37572.7,37579.7
1747750715757.0,37570.2,37577.2
1747750715956.0,37567.7,37574.7
1747750716283.0,37570.2,37577.2
1747750717373.0,37572.7,37579.7
1747750718057.0,37570.2,37577.2
1747750718896.0,37572.7,37579.7
1747750719415.0,37570.2,37577.2
1747750720043.0,37572.7,37579.7
1747750720241.0,37570.2,37577.2
1747750720596.0,37567.7,37574.7
1747750720997.0,37570.2,37577.2
1747750721397.0,37567.7,37574.7
1747750721622.0,37565.2,37572.2
1747750722020.0,37567.7,37574.7
1747750723472,,
1747750723710,,
1747750724874.0,37570.2,37577.2
1747750725075.0,37567.7,37574.7
1747750729404.0,37565.2,37572.2
1747750729604.0,37567.7,37574.7
1747750730516.0,37565.2,37572.2
1747750730713.0,37567.7,37574.7
1747750732045.0,37565.2,37572.2
1747750733511.0,37562.7,37569.7
1747750739083.0,37560.2,37567.2
1747750739282.0,37562.7,37569.7
1747750740354,,
1747750740554.0,37565.2,37572.2
1747750740878.0,37567.7,37574.7
1747750744188.0,37570.2,37577.2
1747750744833.0,37567.7,37574.7
1747750745660.0,37570.2,37577.2
1747750745861.0,37567.7,37574.7
1747750746513.0,37570.2,37577.2
1747750747474.0,37567.7,37574.7
1747750747883.0,37570.2,37577.2
1747750749075.0,37567.7,37574.7
1747750754038.0,37565.2,37572.2
1747750754235.0,37567.7,37574.7
1747750761185.0,37565.2,37572.2
1747750761944.0,37562.7,37569.7
1747750762143.0,37565.2,37572.2
1747750762505.0,37562.7,37569.7
1747750762706.0,37565.2,37572.2
1747750763137.0,37562.7,37569.7
1747750763535.0,37565.2,37572.2
1747750763937.0,37562.7,37569.7
1747750764135.0,37565.2,37572.2
1747750764335.0,37562.7,37569.7
1747750782591,,
1747750784132.0,37565.2,37572.2
1747750785905.0,37567.7,37574.7
1747750786304.0,37565.2,37572.2
1747750786811.0,37567.7,37574.7
1747750787010.0,37565.2,37572.2
1747750788628.0,37562.7,37569.7
1747750788837.0,37565.2,37572.2
1747750789036.0,37562.7,37569.7
1747750791489.0,37565.2,37572.2
1747750793506.0,37567.7,37574.7
1747750794177.0,37565.2,37572.2
1747750795613.0,37562.7,37569.7
1747750795812.0,37565.2,37572.2
1747750796010.0,37562.7,37569.7
1747750798856.0,37565.2,37572.2
1747750799055.0,37562.7,37569.7
1747750799455.0,37565.2,37572.2
1747750799957.0,37562.7,37569.7
1747750800157.0,37565.2,37572.2
1747750801507.0,37567.7,37574.7
1747750802351.0,37565.2,37572.2
1747750803067.0,37567.7,37574.7
1747750804305.0,37570.2,37577.2
1747750804505,,
1747750804981.0,37567.7,37574.7
1747750805384.0,37567.7,37574.7
1747750806750.0,37565.2,37572.2
1747750806951.0,37562.7,37569.7
1747750807587.0,37565.2,37572.2
1747750807985.0,37562.7,37569.7
1747750808896.0,37565.2,37572.2
1747750809946.0,37562.7,37569.7
1747750810146.0,37565.2,37572.2
1747750810546.0,37560.2,37567.2
1747750810747.0,37562.7,37569.7
1747750810945.0,37560.2,37567.2
1747750811992.0,37562.7,37569.7
1747750812191.0,37560.2,37567.2
1747750812392.0,37562.7,37569.7
1747750816709,,
1747750816909.0,37565.2,37572.2
1747750817357.0,37567.7,37574.7
1747750817864.0,37565.2,37572.2
1747750818551.0,37567.7,37574.7
1747750819363.0,37565.2,37572.2
1747750820630.0,37567.7,37574.7
1747750821690.0,37565.2,37572.2
1747750822088.0,37562.7,37569.7
1747750822503,,
1747750822705.0,37560.2,37567.2
1747750824988.0,37562.7,37569.7
1747750826040.0,37560.2,37567.2
1747750826483.0,37562.7,37569.7
1747750826683.0,37560.2,37567.2
1747750827281.0,37562.7,37569.7
1747750827682.0,37560.2,37567.2
1747750827885.0,37562.7,37569.7
1747750828303.0,37560.2,37567.2
1747750832021.0,37562.7,37569.7
1747750832421.0,37560.2,37567.2
1747750832876.0,37557.7,37564.7
1747750833675.0,37557.7,37564.7
1747750836026,,
1747750836126.0,37560.2,37567.2
1747750837950.0,37562.7,37569.7
1747750838349.0,37560.2,37567.2
1747750838802.0,37562.7,37569.7
1747750839376.0,37560.2,37567.2
1747750839776.0,37562.7,37569.7
1747750848797,,
1747750848995.0,37565.2,37572.2
1747750849454.0,37562.7,37569.7
1747750849653.0,37565.2,37572.2
1747750849855.0,37567.7,37574.7
1747750850056.0,37565.2,37572.2
1747750850345.0,37562.7,37569.7
1747750851422.0,37565.2,37572.2
1747750851621.0,37562.7,37569.7
1747750851823.0,37565.2,37572.2
1747750852564.0,37562.7,37569.7
1747750853255.0,37565.2,37572.2
1747750853680.0,37562.7,37569.7
1747750854719.0,37565.2,37572.2
1747750855623.0,37567.7,37574.7
1747750857255.0,37572.7,37579.7
1747750862632,,
1747750862832.0,37577.7,37584.7
1747750865512.0,37580.2,37587.2
1747750866122.0,37582.7,37589.7
1747750866324.0,37580.2,37587.2
1747750867282.0,37577.7,37584.7
1747750867691.0,37580.2,37587.2
1747750867880.0,37582.7,37589.7
1747750876885.0,37585.2,37592.2
1747750877083.0,37582.7,37589.7
1747750888101,,
1747750888297.0,37577.7,37584.7
1747750895283,,
1747750895456.0,37582.7,37589.7
1747750895753.0,37580.2,37587.2
1747750895953.0,37582.7,37589.7
1747750898428.0,37580.2,37587.2
1747750898627.0,37582.7,37589.7
1747750899029.0,37580.2,37587.2
1747750899282.0,37582.7,37589.7
1747750899482.0,37580.2,37587.2
1747750899881.0,37582.7,37589.7
1747750900340.0,37580.2,37587.2
1747750901246.0,37582.7,37589.7
1747750901443.0,37580.2,37587.2
1747750901664.0,37577.7,37584.7
1747750901865.0,37580.2,37587.2
1747750903152.0,37577.7,37584.7
1747750904047.0,37575.2,37582.2
1747750904446.0,37577.7,37584.7
1747750905258.0,37577.7,37584.7
1747750909308.0,37575.2,37582.2
1747750909710.0,37572.7,37579.7
1747750910258.0,37575.2,37582.2
1747750910655.0,37572.7,37579.7
1747750912970,,
1747750913171.0,37567.7,37574.7
1747750916385,,
1747750916584.0,37562.7,37569.7
1747750918180.0,37565.2,37572.2
1747750918579.0,37562.7,37569.7
1747750918793.0,37565.2,37572.2
1747750919191.0,37562.7,37569.7
1747750919391.0,37565.2,37572.2
1747750919956.0,37562.7,37569.7
1747750922541.0,37560.2,37567.2
1747750922776.0,37562.7,37569.7
1747750924710,,
1747750924810.0,37567.7,37574.7
1747750925296.0,37565.2,37572.2
1747750925496.0,37567.7,37574.7
1747750932091.0,37570.2,37577.2
1747750932505.0,37572.7,37579.7
1747750933556.0,37570.2,37577.2
1747750933954.0,37567.7,37574.7
1747750935806,,
1747750935968.0,37570.2,37577.2
1747750936934.0,37572.7,37579.7
1747750937531.0,37570.2,37577.2
1747750937733.0,37567.7,37574.7
1747750940847,,
1747750941785,,
1747750941985.0,37572.7,37579.7
1747750942905,,
1747750943047.0,37570.2,37577.2
1747750943545.0,37572.7,37579.7
1747750947712.0,37575.2,37582.2
1747750947904.0,37572.7,37579.7
1747750948157.0,37575.2,37582.2
1747750948604.0,37572.7,37579.7
1747750949096.0,37575.2,37582.2
1747750949495.0,37572.7,37579.7
1747750950035,,
1747750950239.0,37575.2,37582.2
1747750950994.0,37572.7,37579.7
1747750951393.0,37575.2,37582.2
1747750951593.0,37572.7,37579.7
1747750953824.0,37570.2,37577.2
1747750954224.0,37572.7,37579.7
1747750954460.0,37570.2,37577.2
1747750954863.0,37572.7,37579.7
1747750955561.0,37575.2,37582.2
1747750956357.0,37577.7,37584.7
1747750956555.0,37575.2,37582.2
1747750957683.0,37577.7,37584.7
1747750957883.0,37575.2,37582.2
1747750959799.0,37572.7,37579.7
1747750960867.0,37575.2,37582.2
1747750963332.0,37577.7,37584.7
1747750964835,,
1747750964934.0,37572.7,37579.7
1747750965303.0,37575.2,37582.2
1747750967033.0,37572.7,37579.7
1747750968639.0,37575.2,37582.2
1747750971124.0,37575.2,37582.2
1747750971449.0,37577.7,37584.7
1747750971650.0,37575.2,37582.2
1747750972350.0,37577.7,37584.7
1747750972549.0,37575.2,37582.2
1747750973243.0,37577.7,37584.7
1747750973441.0,37575.2,37582.2
1747750973770.0,37572.7,37579.7
1747750975216,,
1747750975463,,
1747750975654.0,37570.2,37577.2
1747750975855.0,37572.7,37579.7
1747750976746.0,37570.2,37577.2
1747750977735.0,37567.7,37574.7
1747750985638.0,37565.2,37572.2
1747750985836.0,37562.7,37569.7
1747750986855.0,37560.2,37567.2
1747750987254.0,37557.7,37564.7
1747750987823.0,37560.2,37567.2
1747750988234.0,37562.7,37569.7
1747750989305.0,37560.2,37567.2
1747750989704.0,37557.7,37564.7
1747750990208.0,37560.2,37567.2
1747750991412.0,37562.7,37569.7
1747750994384,,
1747751000149,,
1747751000348.0,37557.7,37564.7
1747751000550.0,37560.2,37567.2
1747751000825.0,37557.7,37564.7
1747751005281.0,37552.7,37559.7
1747751006223.0,37555.2,37562.2
1747751007206.0,37555.2,37562.2
1747751007406.0,37557.7,37564.7
1747751014992,,
1747751015193.0,37560.2,37567.2
1747751016326.0,37557.7,37564.7
1747751017383.0,37555.2,37562.2
1747751018474.0,37557.7,37564.7
1747751020551.0,37555.2,37562.2
1747751021317.0,37552.7,37559.7
1747751021716.0,37555.2,37562.2
1747751022531.0,37552.7,37559.7
1747751022929.0,37555.2,37562.2
1747751023330.0,37552.7,37559.7
1747751023530.0,37555.2,37562.2
1747751024509.0,37557.7,37564.7
1747751027802.0,37560.2,37567.2
1747751028003.0,37557.7,37564.7
1747751028209.0,37560.2,37567.2
1747751028409.0,37557.7,37564.7
1747751029021.0,37560.2,37567.2
1747751030244.0,37560.2,37567.2
1747751030444.0,37562.7,37569.7
1747751030645.0,37560.2,37567.2
1747751033006.0,37557.7,37564.7
1747751033403.0,37560.2,37567.2
1747751033603.0,37557.7,37564.7
1747751034406.0,37560.2,37567.2
1747751036608.0,37557.7,37564.7
1747751037641.0,37560.2,37567.2
1747751040273.0,37557.7,37564.7
1747751041290.0,37560.2,37567.2
1747751042150.0,37562.7,37569.7
1747751044566.0,37560.2,37567.2
1747751047014.0,37557.7,37564.7
1747751047409.0,37560.2,37567.2
1747751047975.0,37557.7,37564.7
1747751050108.0,37560.2,37567.2
1747751051174.0,37557.7,37564.7
1747751051374.0,37560.2,37567.2
1747751051786.0,37557.7,37564.7
1747751053873,,
1747751054075.0,37555.2,37562.2
1747751055175.0,37552.7,37559.7
1747751055374.0,37555.2,37562.2
1747751057293.0,37557.7,37564.7
1747751057490.0,37555.2,37562.2
1747751060669.0,37557.7,37564.7
1747751061921.0,37555.2,37562.2
1747751068079.0,37557.7,37564.7
1747751072124.0,37555.2,37562.2
1747751072823.0,37557.7,37564.7
1747751073023.0,37555.2,37562.2
1747751075697.0,37557.7,37564.7
1747751075895.0,37555.2,37562.2
1747751077227.0,37557.7,37564.7
1747751078260.0,37555.2,37562.2
1747751079961.0,37552.7,37559.7
1747751080362.0,37550.2,37557.2
1747751080561.0,37552.7,37559.7
1747751080761.0,37550.2,37557.2
1747751081273.0,37552.7,37559.7
1747751083407.0,37550.2,37557.2
1747751085126.0,37552.7,37559.7
1747751089630.0,37552.7,37559.7
1747751091395.0,37550.2,37557.2
1747751093515.0,37552.7,37559.7
1747751093915.0,37550.2,37557.2
1747751094115.0,37552.7,37559.7
1747751095058.0,37550.2,37557.2
1747751096444.0,37552.7,37559.7
1747751097935.0,37550.2,37557.2
1747751099287.0,37552.7,37559.7
1747751100237.0,37550.2,37557.2
1747751100649.0,37552.7,37559.7
1747751100843.0,37550.2,37557.2
1747751101044.0,37552.7,37559.7
1747751102397.0,37550.2,37557.2
1747751102816.0,37552.7,37559.7
1747751103016.0,37550.2,37557.2
1747751103623.0,37552.7,37559.7
1747751108041.0,37552.7,37559.7
1747751108240.0,37550.2,37557.2
1747751108623.0,37547.7,37554.7
1747751109084.0,37550.2,37557.2
1747751110622.0,37547.7,37554.7
1747751111063.0,37550.2,37557.2
1747751112250.0,37552.7,37559.7
1747751112450.0,37547.7,37554.7
1747751112876.0,37550.2,37557.2
1747751114807.0,37550.2,37557.2
1747751115650.0,37547.7,37554.7
1747751116623.0,37550.2,37557.2
1747751116869.0,37552.7,37559.7
1747751117068.0,37550.2,37557.2
1747751117393.0,37547.7,37554.7
1747751119404,,
1747751119603.0,37550.2,37557.2
1747751121087.0,37547.7,37554.7
1747751121286.0,37550.2,37557.2
1747751122103.0,37552.7,37559.7
1747751122503.0,37555.2,37562.2
1747751123793.0,37557.7,37564.7
1747751123993.0,37555.2,37562.2
1747751124343.0,37557.7,37564.7
1747751124556.0,37555.2,37562.2
1747751124955.0,37557.7,37564.7
1747751125479.0,37555.2,37562.2
1747751125679.0,37557.7,37564.7
1747751125935.0,37560.2,37567.2
1747751126133.0,37557.7,37564.7
1747751127262.0,37560.2,37567.2
1747751128145.0,37562.7,37569.7
1747751128545.0,37560.2,37567.2
1747751128917.0,37562.7,37569.7
1747751129115.0,37560.2,37567.2
1747751129481.0,37557.7,37564.7
1747751130577.0,37555.2,37562.2
1747751131591.0,37557.7,37564.7
1747751135045.0,37560.2,37567.2
1747751136054.0,37557.7,37564.7
1747751137210.0,37560.2,37567.2
1747751138364.0,37562.7,37569.7
1747751138565.0,37560.2,37567.2
1747751138971.0,37562.7,37569.7
1747751139169.0,37560.2,37567.2
1747751141711.0,37562.7,37569.7
1747751142311.0,37565.2,37572.2
1747751142711.0,37565.2,37572.2
1747751143467.0,37562.7,37569.7
1747751144390.0,37562.7,37569.7
1747751144669,,
1747751144809.0,37560.2,37567.2
1747751145141.0,37557.7,37564.7
1747751145341.0,37560.2,37567.2
1747751149715.0,37557.7,37564.7
1747751149916.0,37560.2,37567.2
1747751154771.0,37557.7,37564.7
1747751155949.0,37560.2,37567.2
1747751160628.0,37557.7,37564.7
1747751160829.0,37560.2,37567.2
1747751164583.0,37557.7,37564.7
1747751166031.0,37560.2,37567.2
1747751166425.0,37557.7,37564.7
1747751166816.0,37555.2,37562.2
1747751167213.0,37557.7,37564.7
1747751167435.0,37555.2,37562.2
1747751167868.0,37557.7,37564.7
1747751169063.0,37560.2,37567.2
1747751169262.0,37557.7,37564.7
1747751170159.0,37560.2,37567.2
1747751170898.0,37557.7,37564.7
1747751171688.0,37560.2,37567.2
1747751173250.0,37562.7,37569.7
1747751173650.0,37560.2,37567.2
1747751174172.0,37557.7,37564.7
1747751174370.0,37560.2,37567.2
1747751174773.0,37562.7,37569.7
1747751176560.0,37560.2,37567.2
1747751176757.0,37562.7,37569.7
1747751176957.0,37560.2,37567.2
1747751177277.0,37562.7,37569.7
1747751177893,,
1747751178093.0,37567.7,37574.7
1747751178292.0,37565.2,37572.2
1747751178699.0,37562.7,37569.7
1747751179157.0,37560.2,37567.2
1747751179737.0,37562.7,37569.7
1747751181565.0,37560.2,37567.2
1747751182766.0,37557.7,37564.7
1747751182964.0,37560.2,37567.2
1747751183369,,
1747751183570.0,37555.2,37562.2
1747751184699.0,37557.7,37564.7
1747751185206.0,37560.2,37567.2
1747751186659.0,37562.7,37569.7
1747751187059.0,37560.2,37567.2
1747751190880.0,37562.7,37569.7
1747751192452,,
1747751192652.0,37560.2,37567.2
1747751194796.0,37560.2,37567.2
1747751199425.0,37562.7,37569.7
1747751201491.0,37560.2,37567.2
1747751203583.0,37562.7,37569.7
1747751203985.0,37565.2,37572.2
1747751204269.0,37562.7,37569.7
1747751204468.0,37565.2,37572.2
1747751208336.0,37567.7,37574.7
1747751208535.0,37565.2,37572.2
1747751208957.0,37567.7,37574.7
1747751212359.0,37570.2,37577.2
1747751217047.0,37572.7,37579.7
1747751219003.0,37575.2,37582.2
1747751219402.0,37572.7,37579.7
1747751219633.0,37575.2,37582.2
1747751221139.0,37577.7,37584.7
1747751223292.0,37580.2,37587.2
1747751223492.0,37577.7,37584.7
1747751229194,,
1747751229393.0,37572.7,37579.7
1747751230095.0,37570.2,37577.2
1747751231072.0,37567.7,37574.7
1747751231705.0,37570.2,37577.2
1747751233604.0,37567.7,37574.7
1747751233805.0,37570.2,37577.2
1747751234350.0,37572.7,37579.7
1747751234844.0,37570.2,37577.2
1747751235045.0,37572.7,37579.7
1747751235244.0,37570.2,37577.2
1747751235629.0,37572.7,37579.7
1747751236095.0,37570.2,37577.2
1747751237399.0,37567.7,37574.7
1747751238580.0,37565.2,37572.2
1747751238777.0,37567.7,37574.7
1747751246641.0,37565.2,37572.2
1747751250723.0,37567.7,37574.7
1747751252488.0,37565.2,37572.2
1747751253191.0,37567.7,37574.7
1747751253391.0,37565.2,37572.2
1747751255009.0,37567.7,37574.7
1747751255207.0,37565.2,37572.2
1747751257170.0,37562.7,37569.7
1747751258612,,
1747751258812.0,37565.2,37572.2
1747751260964.0,37567.7,37574.7
1747751261164.0,37565.2,37572.2
1747751263478.0,37567.7,37574.7
1747751263908.0,37565.2,37572.2
1747751265215.0,37567.7,37574.7
1747751265414.0,37565.2,37572.2
1747751265622.0,37567.7,37574.7
1747751277468.0,37562.7,37569.7
1747751278226.0,37565.2,37572.2
1747751278789.0,37567.7,37574.7
1747751278988.0,37565.2,37572.2
1747751279379.0,37562.7,37569.7
1747751279779.0,37565.2,37572.2
1747751280131.0,37567.7,37574.7
1747751284229,,
1747751284430.0,37570.2,37577.2
1747751284628.0,37567.7,37574.7
1747751286203.0,37570.2,37577.2
1747751286944.0,37572.7,37579.7
1747751287143.0,37570.2,37577.2
1747751288105.0,37572.7,37579.7
1747751288760.0,37570.2,37577.2
1747751288960.0,37572.7,37579.7
1747751289159.0,37570.2,37577.2
1747751290452.0,37567.7,37574.7
1747751290651.0,37570.2,37577.2
1747751291050.0,37570.2,37577.2
1747751292120.0,37567.7,37574.7
1747751293906.0,37565.2,37572.2
1747751294821.0,37567.7,37574.7
1747751295246.0,37562.7,37569.7
1747751296789.0,37560.2,37567.2
1747751297189.0,37562.7,37569.7
1747751298336.0,37560.2,37567.2
1747751298535.0,37562.7,37569.7
1747751299353.0,37560.2,37567.2
1747751299552.0,37557.7,37564.7
1747751300138.0,37560.2,37567.2
1747751300753.0,37557.7,37564.7
1747751301926.0,37557.7,37564.7
1747751303679,,
1747751303879.0,37552.7,37559.7
1747751304296,,
1747751304494.0,37547.7,37554.7
1747751305849.0,37545.2,37552.2
1747751306895.0,37547.7,37554.7
1747751307094.0,37545.2,37552.2
1747751307648.0,37542.7,37549.7
1747751308046.0,37545.2,37552.2
1747751308358.0,37547.7,37554.7
1747751309547.0,37545.2,37552.2
1747751310517.0,37547.7,37554.7
1747751310917.0,37545.2,37552.2
1747751311123.0,37542.7,37549.7
1747751311318.0,37545.2,37552.2
1747751311731.0,37542.7,37549.7
1747751311931,,
1747751312131.0,37540.2,37547.2
1747751313124.0,37542.7,37549.7
1747751313323.0,37540.2,37547.2
1747751313636.0,37542.7,37549.7
1747751316313.0,37545.2,37552.2
1747751316738.0,37547.7,37554.7
1747751316939.0,37545.2,37552.2
1747751317854.0,37547.7,37554.7
1747751320895.0,37550.2,37557.2
1747751321295.0,37547.7,37554.7
1747751321496.0,37550.2,37557.2
1747751322984.0,37552.7,37559.7
1747751324613.0,37550.2,37557.2
1747751325594.0,37552.7,37559.7
1747751326989.0,37550.2,37557.2
1747751327190.0,37552.7,37559.7
1747751328145.0,37550.2,37557.2
1747751328853.0,37552.7,37559.7
1747751330327.0,37555.2,37562.2
1747751330726.0,37552.7,37559.7
1747751335509.0,37555.2,37562.2
1747751336039.0,37557.7,37564.7
1747751336238.0,37555.2,37562.2
1747751337373.0,37552.7,37559.7
1747751337571.0,37555.2,37562.2
1747751338104.0,37552.7,37559.7
1747751338886.0,37555.2,37562.2
1747751339608.0,37552.7,37559.7
1747751340006.0,37555.2,37562.2
1747751340206.0,37552.7,37559.7
1747751340407.0,37555.2,37562.2
1747751340605.0,37552.7,37559.7
1747751340806.0,37555.2,37562.2
1747751341765.0,37552.7,37559.7
1747751342165.0,37557.7,37564.7
1747751342581.0,37555.2,37562.2
1747751342783.0,37557.7,37564.7
1747751345263.0,37560.2,37567.2
1747751347410.0,37562.7,37569.7
1747751348776.0,37565.2,37572.2
1747751349243.0,37562.7,37569.7
1747751349642.0,37565.2,37572.2
1747751350200.0,37562.7,37569.7
1747751351392.0,37565.2,37572.2
1747751351792.0,37562.7,37569.7
1747751352404.0,37565.2,37572.2
1747751353054.0,37562.7,37569.7
1747751354793.0,37562.7,37569.7
1747751360868,,
1747751361068.0,37560.2,37567.2
1747751361803.0,37562.7,37569.7
1747751365857.0,37565.2,37572.2
1747751366257.0,37562.7,37569.7
1747751366457.0,37565.2,37572.2
1747751367720.0,37562.7,37569.7
1747751367919.0,37565.2,37572.2
1747751368121.0,37562.7,37569.7
1747751373521.0,37565.2,37572.2
1747751373918.0,37562.7,37569.7
1747751374557.0,37565.2,37572.2
1747751374756.0,37562.7,37569.7
1747751375330.0,37565.2,37572.2
1747751375768.0,37562.7,37569.7
1747751376388.0,37565.2,37572.2
1747751376589.0,37562.7,37569.7
1747751378689.0,37565.2,37572.2
1747751379610.0,37562.7,37569.7
1747751380067.0,37565.2,37572.2
1747751380779.0,37562.7,37569.7
1747751380978.0,37565.2,37572.2
1747751381935.0,37562.7,37569.7
1747751383062.0,37565.2,37572.2
1747751383262.0,37562.7,37569.7
1747751383727.0,37565.2,37572.2
1747751384627.0,37562.7,37569.7
1747751385824.0,37565.2,37572.2
1747751386424.0,37562.7,37569.7
1747751387782.0,37565.2,37572.2
1747751388181.0,37562.7,37569.7
1747751388381.0,37565.2,37572.2
1747751389368.0,37562.7,37569.7
1747751389568.0,37565.2,37572.2
1747751391066.0,37567.7,37574.7
1747751399072,,
1747751399272.0,37572.7,37579.7
1747751399956.0,37570.2,37577.2
1747751400156.0,37567.7,37574.7
1747751401471.0,37570.2,37577.2
1747751403454.0,37572.7,37579.7
1747751403653.0,37570.2,37577.2
1747751403986.0,37567.7,37574.7
1747751406842,,
1747751407045.0,37562.7,37569.7
1747751409438.0,37567.7,37574.7
1747751410859,,
1747751410974.0,37565.2,37572.2
1747751411174.0,37567.7,37574.7
1747751417004.0,37570.2,37577.2
1747751417904.0,37567.7,37574.7
1747751424899,,
1747751425103.0,37562.7,37569.7
1747751425299.0,37565.2,37572.2
1747751428194.0,37567.7,37574.7
1747751448825,,
1747751449562.0,37572.7,37579.7
1747751450472.0,37570.2,37577.2
1747751450674.0,37567.7,37574.7
1747751450982.0,37570.2,37577.2
1747751451762.0,37567.7,37574.7
1747751452161.0,37570.2,37577.2
1747751452481.0,37567.7,37574.7
1747751452956.0,37570.2,37577.2
1747751453355.0,37567.7,37574.7
1747751454088.0,37565.2,37572.2
1747751457543.0,37562.7,37569.7
1747751457742.0,37565.2,37572.2
1747751458148.0,37562.7,37569.7
1747751458770.0,37565.2,37572.2
1747751459665.0,37562.7,37569.7
1747751459866.0,37565.2,37572.2
1747751460217.0,37562.7,37569.7
1747751460416.0,37565.2,37572.2
1747751461433.0,37567.7,37574.7
1747751463891.0,37565.2,37572.2
1747751464085.0,37567.7,37574.7
1747751464424.0,37565.2,37572.2
1747751465178.0,37562.7,37569.7
1747751465773.0,37565.2,37572.2
1747751467230.0,37562.7,37569.7
1747751468184.0,37565.2,37572.2
1747751468584.0,37562.7,37569.7
1747751469539.0,37565.2,37572.2
1747751469735.0,37562.7,37569.7
1747751470384.0,37565.2,37572.2
1747751470583.0,37562.7,37569.7
1747751470782.0,37565.2,37572.2
1747751470983.0,37562.7,37569.7
1747751471259.0,37565.2,37572.2
1747751471943.0,37562.7,37569.7
1747751473057.0,37565.2,37572.2
1747751473676.0,37567.7,37574.7
1747751475294,,
1747751475495.0,37572.7,37579.7
1747751477422,,
1747751477629.0,37567.7,37574.7
1747751478937.0,37570.2,37577.2
1747751479390.0,37567.7,37574.7
1747751479652.0,37570.2,37577.2
1747751480052.0,37567.7,37574.7
1747751480521.0,37570.2,37577.2
1747751481198.0,37572.7,37579.7
1747751481402.0,37570.2,37577.2
1747751481704.0,37572.7,37579.7
1747751481904.0,37570.2,37577.2
1747751482619.0,37567.7,37574.7
1747751484294.0,37567.7,37574.7
1747751487238.0,37565.2,37572.2
1747751487437.0,37567.7,37574.7
1747751488443,,
1747751488643.0,37565.2,37572.2
1747751488842.0,37567.7,37574.7
1747751489042.0,37565.2,37572.2
1747751490116.0,37567.7,37574.7
1747751491432,,
1747751491634.0,37570.2,37577.2
1747751493380.0,37567.7,37574.7
1747751493581.0,37570.2,37577.2
1747751493781.0,37567.7,37574.7
1747751494473.0,37570.2,37577.2
1747751496190.0,37572.7,37579.7
1747751496865.0,37570.2,37577.2
1747751497606.0,37572.7,37579.7
1747751498804.0,37570.2,37577.2
1747751499205.0,37572.7,37579.7
1747751499406.0,37570.2,37577.2
1747751500166.0,37572.7,37579.7
1747751501240.0,37570.2,37577.2
1747751501442.0,37572.7,37579.7
1747751501757.0,37570.2,37577.2
1747751501954.0,37572.7,37579.7
1747751506918,,
1747751507116.0,37577.7,37584.7
1747751512957,,
1747751513157.0,37582.7,37589.7
1747751516948.0,37580.2,37587.2
1747751518128.0,37577.7,37584.7
1747751535172.0,37575.2,37582.2
1747751535370.0,37577.7,37584.7
1747751539346.0,37575.2,37582.2
1747751539745,,
1747751539946.0,37572.7,37579.7
1747751540484.0,37575.2,37582.2
1747751541083.0,37577.7,37584.7
1747751541283.0,37575.2,37582.2
1747751541649.0,37577.7,37584.7
1747751541850.0,37575.2,37582.2
1747751542342.0,37575.2,37582.2
1747751542541.0,37577.7,37584.7
1747751542740.0,37575.2,37582.2
1747751543394.0,37572.7,37579.7
1747751545603.0,37575.2,37582.2
1747751546004.0,37572.7,37579.7
1747751546409.0,37572.7,37579.7
1747751549936,,
1747751553167.0,37570.2,37577.2
1747751553364.0,37567.7,37574.7
1747751553571.0,37565.2,37572.2
1747751553772.0,37567.7,37574.7
1747751553968.0,37562.7,37569.7
1747751554305,,
1747751554923.0,37565.2,37572.2
1747751555124.0,37567.7,37574.7
1747751555686.0,37565.2,37572.2
1747751556087.0,37562.7,37569.7
1747751556286.0,37565.2,37572.2
1747751556628.0,37567.7,37574.7
1747751557818.0,37565.2,37572.2
1747751558021.0,37567.7,37574.7
1747751558876.0,37565.2,37572.2
1747751559594.0,37567.7,37574.7
1747751560195.0,37565.2,37572.2
1747751560394.0,37567.7,37574.7
1747751561154.0,37565.2,37572.2
1747751561553.0,37565.2,37572.2
1747751561840.0,37567.7,37574.7
1747751562041.0,37565.2,37572.2
1747751563446.0,37567.7,37574.7
1747751563645.0,37565.2,37572.2
1747751564697.0,37567.7,37574.7
1747751564897.0,37565.2,37572.2
1747751565592.0,37567.7,37574.7
1747751565790.0,37565.2,37572.2
1747751565988.0,37562.7,37569.7
1747751567188.0,37565.2,37572.2
1747751567991.0,37567.7,37574.7
1747751569605.0,37565.2,37572.2
1747751570848.0,37567.7,37574.7
1747751571047.0,37565.2,37572.2
1747751571943.0,37567.7,37574.7
1747751572143.0,37565.2,37572.2
1747751572572.0,37567.7,37574.7
1747751583375.0,37565.2,37572.2
1747751583777.0,37567.7,37574.7
1747751584169.0,37565.2,37572.2
1747751584769.0,37562.7,37569.7
1747751586069.0,37565.2,37572.2
1747751586519.0,37562.7,37569.7
1747751586919.0,37565.2,37572.2
1747751587120.0,37562.7,37569.7
1747751588410.0,37565.2,37572.2
1747751588609,,
1747751589107.0,37567.7,37574.7
1747751589502.0,37565.2,37572.2
1747751590295.0,37562.7,37569.7
1747751590494.0,37565.2,37572.2
1747751591024.0,37562.7,37569.7
1747751591223.0,37565.2,37572.2
1747751591423.0,37562.7,37569.7
1747751591917.0,37560.2,37567.2
1747751592115.0,37562.7,37569.7
1747751593977.0,37565.2,37572.2
1747751594378.0,37567.7,37574.7
1747751598612.0,37565.2,37572.2
1747751599010.0,37567.7,37574.7
1747751599576.0,37567.7,37574.7
1747751599975.0,37565.2,37572.2
1747751602102.0,37567.7,37574.7
1747751602302.0,37565.2,37572.2
1747751602845.0,37567.7,37574.7
1747751603046.0,37565.2,37572.2
1747751604913.0,37562.7,37569.7
1747751605113.0,37565.2,37572.2
1747751605512.0,37562.7,37569.7
1747751606111.0,37565.2,37572.2
1747751606712.0,37562.7,37569.7
1747751606911.0,37565.2,37572.2
1747751607311.0,37562.7,37569.7
1747751608794.0,37565.2,37572.2
1747751608995.0,37562.7,37569.7
1747751610090.0,37565.2,37572.2
1747751612735.0,37562.7,37569.7
1747751612934.0,37565.2,37572.2
1747751614546.0,37567.7,37574.7
1747751615103.0,37565.2,37572.2
1747751615704.0,37567.7,37574.7
1747751616295,,
1747751616697.0,37572.7,37579.7
1747751617535.0,37567.7,37574.7
1747751618253.0,37570.2,37577.2
1747751618754.0,37567.7,37574.7
1747751618953.0,37570.2,37577.2
1747751619155.0,37567.7,37574.7
1747751619875.0,37570.2,37577.2
1747751620664.0,37572.7,37579.7
1747751621096.0,37570.2,37577.2
1747751621552.0,37572.7,37579.7
1747751621753.0,37570.2,37577.2
1747751622127.0,37567.7,37574.7
1747751622528.0,37570.2,37577.2
1747751622727.0,37572.7,37579.7
1747751624779.0,37570.2,37577.2
1747751625176.0,37572.7,37579.7
1747751627603.0,37577.7,37584.7
1747751636463,,
1747751636665.0,37582.7,37589.7
1747751638523,,
1747751638715.0,37577.7,37584.7
1747751648300.0,37575.2,37582.2
1747751648698.0,37577.7,37584.7
1747751652546.0,37575.2,37582.2
1747751653252.0,37577.7,37584.7
1747751654297,,
1747751654697.0,37577.7,37584.7
1747751655971.0,37575.2,37582.2
1747751656371.0,37577.7,37584.7
1747751656930.0,37575.2,37582.2
1747751657328.0,37577.7,37584.7
1747751662145,,
1747751662345.0,37580.2,37587.2
1747751662678.0,37577.7,37584.7
1747751662879.0,37580.2,37587.2
1747751666756.0,37577.7,37584.7
1747751668951.0,37580.2,37587.2
1747751669643.0,37582.7,37589.7
1747751670789.0,37580.2,37587.2
1747751673013.0,37582.7,37589.7
1747751673213.0,37580.2,37587.2
1747751674317.0,37582.7,37589.7
1747751674515.0,37580.2,37587.2
1747751679534.0,37577.7,37584.7
1747751682634.0,37580.2,37587.2
1747751683140.0,37577.7,37584.7
1747751683703,,
1747751687950,,
1747751688151.0,37582.7,37589.7
1747751694307,,
1747751694505.0,37585.2,37592.2
1747751695696.0,37582.7,37589.7
1747751695895.0,37585.2,37592.2
1747751696669.0,37582.7,37589.7
1747751697067.0,37585.2,37592.2
1747751698533.0,37587.7,37594.7
1747751698932.0,37585.2,37592.2
1747751700159.0,37582.7,37589.7
1747751700908.0,37585.2,37592.2
1747751702264.0,37587.7,37594.7
1747751702663.0,37585.2,37592.2
1747751702970.0,37587.7,37594.7
1747751703171.0,37585.2,37592.2
1747751703795.0,37587.7,37594.7
1747751705156.0,37587.7,37594.7
1747751705558.0,37585.2,37592.2
1747751706047.0,37587.7,37594.7
1747751707456.0,37585.2,37592.2
1747751708240.0,37582.7,37589.7
1747751708639.0,37585.2,37592.2
1747751708840.0,37582.7,37589.7
1747751709239.0,37585.2,37592.2
1747751709639.0,37582.7,37589.7
1747751709840.0,37585.2,37592.2
1747751710357.0,37582.7,37589.7
1747751719360.0,37580.2,37587.2
1747751720684.0,37582.7,37589.7
1747751721975.0,37577.7,37584.7
1747751722906,,
1747751723308.0,37580.2,37587.2
1747751724287.0,37582.7,37589.7
1747751724690.0,37580.2,37587.2
1747751725645.0,37582.7,37589.7
1747751725946.0,37580.2,37587.2
1747751726460.0,37582.7,37589.7
1747751726660.0,37580.2,37587.2
1747751726859.0,37582.7,37589.7
1747751729970.0,37580.2,37587.2
1747751730679.0,37580.2,37587.2
1747751732421.0,37577.7,37584.7
1747751733108.0,37580.2,37587.2
1747751734394.0,37582.7,37589.7
1747751740246,,
1747751740447.0,37587.7,37594.7
1747751742978,,
1747751743180.0,37585.2,37592.2
1747751743377.0,37587.7,37594.7
1747751745405.0,37585.2,37592.2
1747751745606.0,37587.7,37594.7
1747751749228.0,37585.2,37592.2
1747751749692.0,37587.7,37594.7
1747751752671.0,37585.2,37592.2
1747751752869.0,37587.7,37594.7
1747751753944.0,37585.2,37592.2
1747751754143.0,37587.7,37594.7
1747751755798.0,37585.2,37592.2
1747751756317.0,37587.7,37594.7
1747751757155,,
1747751762273,,
1747751762470.0,37582.7,37589.7
1747751762833.0,37585.2,37592.2
1747751764436.0,37587.7,37594.7
1747751768536.0,37590.2,37597.2
1747751769473.0,37587.7,37594.7
1747751770562.0,37590.2,37597.2
1747751770761.0,37587.7,37594.7
1747751771429.0,37590.2,37597.2
1747751772133.0,37592.7,37599.7
1747751774606.0,37590.2,37597.2
1747751775506.0,37587.7,37594.7
1747751777060.0,37590.2,37597.2
1747751777458.0,37592.7,37599.7
1747751780675.0,37590.2,37597.2
1747751780872.0,37587.7,37594.7
1747751782359.0,37590.2,37597.2
1747751782859.0,37587.7,37594.7
1747751784630.0,37590.2,37597.2
1747751785031.0,37587.7,37594.7
1747751785432.0,37590.2,37597.2
1747751785630.0,37592.7,37599.7
1747751786312,,
1747751786514.0,37587.7,37594.7
1747751788113.0,37585.2,37592.2
1747751788711.0,37585.2,37592.2
1747751789108.0,37582.7,37589.7
1747751789508.0,37587.7,37594.7
1747751790024.0,37585.2,37592.2
1747751790637.0,37587.7,37594.7
1747751791114.0,37585.2,37592.2
1747751791313.0,37587.7,37594.7
1747751792109.0,37585.2,37592.2
1747751792587.0,37587.7,37594.7
1747751805687.0,37590.2,37597.2
1747751805887.0,37587.7,37594.7
1747751806088.0,37590.2,37597.2
1747751806488.0,37587.7,37594.7
1747751808415.0,37590.2,37597.2
1747751808614.0,37587.7,37594.7
1747751809014.0,37590.2,37597.2
1747751809213.0,37587.7,37594.7
1747751811207.0,37585.2,37592.2
1747751811683.0,37582.7,37589.7
1747751811881.0,37585.2,37592.2
1747751812099.0,37582.7,37589.7
1747751813906,,
1747751814107.0,37585.2,37592.2
1747751814306.0,37582.7,37589.7
1747751815014.0,37587.7,37594.7
1747751815702.0,37585.2,37592.2
1747751817276.0,37587.7,37594.7
1747751817477.0,37585.2,37592.2
1747751819219.0,37587.7,37594.7
1747751832837,,
1747751833038.0,37590.2,37597.2
1747751833594.0,37592.7,37599.7
1747751842024.0,37590.2,37597.2
1747751847919.0,37592.7,37599.7
1747751848316.0,37590.2,37597.2
1747751855303.0,37587.7,37594.7
1747751857486,,
1747751857671.0,37592.7,37599.7
1747751858524.0,37590.2,37597.2
1747751859770.0,37587.7,37594.7
1747751860759.0,37590.2,37597.2
1747751861210.0,37587.7,37594.7
1747751861995.0,37590.2,37597.2
1747751862195.0,37587.7,37594.7
1747751863847.0,37590.2,37597.2
1747751864246.0,37587.7,37594.7
1747751865094,,
1747751867389,,
1747751867556.0,37582.7,37589.7
1747751868197.0,37585.2,37592.2
1747751868597.0,37582.7,37589.7
1747751869221.0,37585.2,37592.2
1747751869623.0,37582.7,37589.7
1747751869822.0,37585.2,37592.2
1747751870734.0,37582.7,37589.7
1747751870935.0,37585.2,37592.2
1747751873626.0,37587.7,37594.7
1747751876449.0,37590.2,37597.2
1747751877160.0,37587.7,37594.7
1747751877870.0,37590.2,37597.2
1747751878505.0,37592.7,37599.7
1747751890228,,
1747751890429.0,37595.2,37602.2
1747751891017.0,37597.7,37604.7
1747751893225,,
1747751893426.0,37600.2,37607.2
1747751893627.0,37597.7,37604.7
1747751908290,,
1747751909832.0,37602.7,37609.7
1747751912010.0,37605.2,37612.2
1747751912209.0,37602.7,37609.7
1747751914718,,
1747751915693,,
1747751915865.0,37605.2,37612.2
1747751916084.0,37607.7,37614.7
1747751917308.0,37605.2,37612.2
1747751917709.0,37607.7,37614.7
1747751917908.0,37605.2,37612.2
1747751919837.0,37602.7,37609.7
1747751920038.0,37605.2,37612.2
1747751920858.0,37602.7,37609.7
1747751921256.0,37600.2,37607.2
1747751922434.0,37602.7,37609.7
1747751923211.0,37600.2,37607.2
1747751925621.0,37597.7,37604.7
1747751926020.0,37600.2,37607.2
1747751926219.0,37602.7,37609.7
1747751939225.0,37600.2,37607.2
1747751939541.0,37602.7,37609.7
1747751940769,,
1747751945199.0,37607.7,37614.7
1747751945797.0,37605.2,37612.2
1747751946477.0,37607.7,37614.7
1747751946675.0,37605.2,37612.2
1747751948817.0,37602.7,37609.7
1747751949015.0,37605.2,37612.2
1747751950494.0,37602.7,37609.7
1747751958266,,
1747751958388.0,37607.7,37614.7
1747751959074.0,37605.2,37612.2
1747751959852.0,37602.7,37609.7
1747751960050.0,37605.2,37612.2
1747751960250.0,37610.2,37617.2
1747751963059.0,37612.7,37619.7
1747751963654,,
1747751965071.0,37615.2,37622.2
1747751965270.0,37612.7,37619.7
1747751971317.0,37615.2,37622.2
1747751971726.0,37612.7,37619.7
1747751972128.0,37615.2,37622.2
1747751972327.0,37612.7,37619.7
1747751972528.0,37615.2,37622.2
1747751972729.0,37612.7,37619.7
1747751973481.0,37615.2,37622.2
1747751974054.0,37612.7,37619.7
1747751974456.0,37615.2,37622.2
1747751975504.0,37612.7,37619.7
1747751975904.0,37615.2,37622.2
1747751977397.0,37612.7,37619.7
1747751978260.0,37615.2,37622.2
1747751978460.0,37612.7,37619.7
1747751983138.0,37615.2,37622.2
1747751983338.0,37612.7,37619.7
1747751999295.0,37615.2,37622.2
1747751999492.0,37612.7,37619.7
1747752000124.0,37615.2,37622.2
1747752000324.0,37612.7,37619.7
1747752001124.0,37615.2,37622.2
1747752003041.0,37617.7,37624.7
1747752008032,,
1747752008233.0,37612.7,37619.7
1747752014908.0,37615.2,37622.2
1747752015854.0,37612.7,37619.7
1747752016253.0,37615.2,37622.2
1747752017347.0,37612.7,37619.7
1747752017545.0,37615.2,37622.2
1747752017743.0,37612.7,37619.7
1747752017947.0,37615.2,37622.2
1747752018728.0,37617.7,37624.7
1747752022339.0,37615.2,37622.2
1747752022539.0,37617.7,37624.7
1747752024344,,
1747752025707.0,37615.2,37622.2
1747752027252.0,37617.7,37624.7
1747752027651.0,37615.2,37622.2
1747752028004.0,37617.7,37624.7
1747752030127.0,37615.2,37622.2
1747752030850.0,37617.7,37624.7
1747752031050.0,37615.2,37622.2
1747752033521.0,37612.7,37619.7
1747752033920.0,37615.2,37622.2
1747752034122.0,37612.7,37619.7
1747752035646,,
1747752035842.0,37615.2,37622.2
1747752036646.0,37612.7,37619.7
1747752037626.0,37617.7,37624.7
1747752040439.0,37620.2,37627.2
1747752040638.0,37617.7,37624.7
1747752043116.0,37620.2,37627.2
1747752047960.0,37617.7,37624.7
1747752050390,,
1747752050490.0,37625.2,37632.2
1747752050590.0,37622.7,37629.7
1747752050885.0,37625.2,37632.2
1747752051083.0,37622.7,37629.7
1747752054667.0,37620.2,37627.2
1747752054865.0,37622.7,37629.7
1747752059205.0,37620.2,37627.2
1747752059402.0,37622.7,37629.7
1747752071671,,
1747752071871.0,37620.2,37627.2
1747752072070.0,37622.7,37629.7
1747752073227.0,37620.2,37627.2
1747752074047.0,37617.7,37624.7
1747752075116.0,37615.2,37622.2
1747752075515.0,37617.7,37624.7
1747752075716.0,37615.2,37622.2
1747752076115.0,37612.7,37619.7
1747752076353.0,37615.2,37622.2
1747752076552.0,37612.7,37619.7
1747752076752.0,37615.2,37622.2
1747752077161.0,37612.7,37619.7
1747752079083.0,37615.2,37622.2
1747752079482.0,37612.7,37619.7
1747752081232.0,37615.2,37622.2
1747752081429.0,37612.7,37619.7
1747752084107.0,37615.2,37622.2
1747752084835.0,37617.7,37624.7
1747752087175,,
1747752087371.0,37612.7,37619.7
1747752095287.0,37610.2,37617.2
1747752095486.0,37607.7,37614.7
1747752095686.0,37612.7,37619.7
1747752113124.0,37607.7,37614.7
1747752113321.0,37610.2,37617.2
1747752114059.0,37607.7,37614.7
1747752121015,,
1747752121206.0,37610.2,37617.2
1747752122647.0,37607.7,37614.7
1747752122845.0,37610.2,37617.2
1747752123579.0,37607.7,37614.7
1747752123977.0,37610.2,37617.2
1747752124538.0,37610.2,37617.2
1747752125550.0,37607.7,37614.7
1747752125749.0,37610.2,37617.2
1747752128168.0,37612.7,37619.7
1747752128370.0,37610.2,37617.2
1747752129149.0,37612.7,37619.7
1747752129348.0,37610.2,37617.2
1747752129724.0,37612.7,37619.7
1747752136564,,
1747752136765.0,37615.2,37622.2
1747752137139.0,37612.7,37619.7
1747752139458.0,37615.2,37622.2
1747752140243.0,37612.7,37619.7
1747752140908.0,37615.2,37622.2
1747752143889.0,37612.7,37619.7
1747752146691.0,37615.2,37622.2
1747752146892.0,37612.7,37619.7
1747752147158.0,37615.2,37622.2
1747752147359.0,37612.7,37619.7
1747752148511,,
1747752148710.0,37615.2,37622.2
1747752149367.0,37612.7,37619.7
1747752150096.0,37615.2,37622.2
1747752150495.0,37612.7,37619.7
1747752153184.0,37615.2,37622.2
1747752157122.0,37617.7,37624.7
1747752157320.0,37615.2,37622.2
1747752157708,,
1747752158787.0,37617.7,37624.7
1747752159368.0,37615.2,37622.2
1747752159771.0,37612.7,37619.7
1747752168223.0,37615.2,37622.2
1747752169756.0,37612.7,37619.7
1747752170258,,
1747752170460.0,37615.2,37622.2
1747752171337.0,37617.7,37624.7
1747752190361.0,37615.2,37622.2
1747752190902.0,37617.7,37624.7
1747752222082.0,37620.2,37627.2
1747752222615.0,37617.7,37624.7
1747752222814.0,37620.2,37627.2
1747752223990.0,37617.7,37624.7
1747752224390.0,37620.2,37627.2
1747752229007.0,37617.7,37624.7
1747752230129.0,37620.2,37627.2
1747752230327.0,37617.7,37624.7
1747752230527.0,37620.2,37627.2
1747752231226.0,37617.7,37624.7
1747752231425.0,37620.2,37627.2
1747752232932.0,37617.7,37624.7
1747752233331.0,37620.2,37627.2
1747752234644.0,37622.7,37629.7
1747752246960.0,37625.2,37632.2
1747752247766.0,37627.7,37634.7
1747752272428,,
1747752272627.0,37630.2,37637.2
1747752273365.0,37627.7,37634.7
1747752273564.0,37630.2,37637.2
1747752275626.0,37627.7,37634.7
1747752275825.0,37630.2,37637.2
1747752277176.0,37627.7,37634.7
1747752277914.0,37630.2,37637.2
1747752278375.0,37627.7,37634.7
1747752278583.0,37630.2,37637.2
1747752280163.0,37632.7,37639.7
1747752284855,,
1747752285548,,
1747752285707.0,37627.7,37634.7
1747752286902.0,37630.2,37637.2
1747752287635.0,37627.7,37634.7
1747752287829.0,37630.2,37637.2
1747752290996.0,37627.7,37634.7
1747752291195.0,37630.2,37637.2
1747752295297.0,37632.7,37639.7
1747752295495.0,37630.2,37637.2
1747752295694.0,37632.7,37639.7
1747752306378.0,37635.2,37642.2
1747752306575.0,37632.7,37639.7
1747752306977.0,37635.2,37642.2
1747752308360.0,37632.7,37639.7
1747752308757.0,37635.2,37642.2
1747752310169.0,37632.7,37639.7
1747752315382.0,37630.2,37637.2
1747752315897.0,37630.2,37637.2
1747752316097.0,37632.7,37639.7
1747752331097.0,37630.2,37637.2
1747752331676.0,37632.7,37639.7
1747752336443.0,37630.2,37637.2
1747752337073.0,37632.7,37639.7
1747752343138,,
1747752343244.0,37630.2,37637.2
1747752345056.0,37632.7,37639.7
1747752346505.0,37635.2,37642.2
1747752346702.0,37632.7,37639.7
1747752347208.0,37635.2,37642.2
1747752347408.0,37637.7,37644.7
1747752351904,,
1747752352105.0,37640.2,37647.2
1747752352309.0,37637.7,37644.7
1747752352505.0,37640.2,37647.2
1747752354170.0,37642.7,37649.7
1747752354368.0,37640.2,37647.2
1747752354575.0,37637.7,37644.7
1747752357237.0,37640.2,37647.2
1747752357446.0,37637.7,37644.7
1747752361151.0,37640.2,37647.2
1747752362889.0,37637.7,37644.7
1747752366298.0,37640.2,37647.2
1747752366501.0,37637.7,37644.7
1747752367369.0,37640.2,37647.2
1747752367568.0,37637.7,37644.7
1747752367839.0,37640.2,37647.2
1747752368040.0,37637.7,37644.7
1747752369386,,
1747752369586.0,37632.7,37639.7
1747752386333,,
1747752387209.0,37630.2,37637.2
1747752387833.0,37632.7,37639.7
1747752388484.0,37630.2,37637.2
1747752388809.0,37632.7,37639.7
1747752389009.0,37630.2,37637.2
1747752390324.0,37632.7,37639.7
1747752390522.0,37630.2,37637.2
1747752391142.0,37632.7,37639.7
1747752391341.0,37630.2,37637.2
1747752391539.0,37632.7,37639.7
1747752392316.0,37630.2,37637.2
1747752393246.0,37627.7,37634.7
1747752393446.0,37630.2,37637.2
1747752393647.0,37627.7,37634.7
1747752398154.0,37625.2,37632.2
1747752398354.0,37627.7,37634.7
1747752398553.0,37625.2,37632.2
1747752398755.0,37627.7,37634.7
1747752399758.0,37625.2,37632.2
1747752400157,,
1747752400358.0,37627.7,37634.7
1747752400773.0,37625.2,37632.2
1747752400974.0,37627.7,37634.7
1747752401175.0,37622.7,37629.7
1747752401477.0,37625.2,37632.2
1747752402046.0,37622.7,37629.7
1747752403778,,
1747752403924.0,37625.2,37632.2
1747752405747.0,37627.7,37634.7
1747752405942.0,37625.2,37632.2
1747752407573.0,37622.7,37629.7
1747752407771.0,37625.2,37632.2
1747752408230.0,37625.2,37632.2
1747752412021.0,37622.7,37629.7
1747752412621.0,37625.2,37632.2
1747752413446.0,37622.7,37629.7
1747752417091,,
1747752417291.0,37620.2,37627.2
1747752417490.0,37622.7,37629.7
1747752423056,,
1747752423242.0,37620.2,37627.2
1747752423442.0,37617.7,37624.7
1747752423818.0,37620.2,37627.2
1747752424642.0,37617.7,37624.7
1747752425043.0,37620.2,37627.2
1747752425790.0,37617.7,37624.7
1747752426188.0,37617.7,37624.7
1747752426973.0,37620.2,37627.2
1747752427373.0,37617.7,37624.7
1747752428177.0,37620.2,37627.2
1747752430450.0,37617.7,37624.7
1747752430649.0,37620.2,37627.2
1747752431337.0,37617.7,37624.7
1747752431737.0,37620.2,37627.2
1747752432309.0,37617.7,37624.7
1747752432506.0,37620.2,37627.2
1747752432709.0,37617.7,37624.7
1747752433714.0,37620.2,37627.2
1747752434628.0,37622.7,37629.7
1747752438272.0,37620.2,37627.2
1747752438567.0,37617.7,37624.7
1747752440785.0,37615.2,37622.2
1747752440979.0,37617.7,37624.7
1747752450936.0,37620.2,37627.2
1747752451491.0,37622.7,37629.7
1747752454168.0,37620.2,37627.2
1747752455607.0,37622.7,37629.7
1747752456003.0,37620.2,37627.2
1747752457497.0,37617.7,37624.7
1747752458228.0,37620.2,37627.2
1747752461960.0,37617.7,37624.7
1747752464336.0,37620.2,37627.2
1747752464960.0,37617.7,37624.7
1747752469967.0,37620.2,37627.2
1747752476869.0,37617.7,37624.7
1747752477269.0,37620.2,37627.2
1747752481234.0,37622.7,37629.7
1747752482815.0,37620.2,37627.2
1747752483719.0,37622.7,37629.7
1747752484411.0,37620.2,37627.2
1747752484811.0,37622.7,37629.7
1747752532199,,
1747752532675,,
1747752544835,,
1747752545033.0,37617.7,37624.7
1747752566409,,
1747752566805,,
1747752575383.0,37620.2,37627.2
1747752576002.0,37617.7,37624.7
1747752576808.0,37620.2,37627.2
1747752577972.0,37622.7,37629.7
1747752582076.0,37620.2,37627.2
1747752583733.0,37617.7,37624.7
1747752584133.0,37620.2,37627.2
1747752584933.0,37617.7,37624.7
1747752586206,,
1747752586403.0,37622.7,37629.7
1747752601664,,
1747752601839.0,37617.7,37624.7
1747752603548.0,37620.2,37627.2
1747752603747.0,37617.7,37624.7
1747752605543.0,37615.2,37622.2
1747752605744.0,37612.7,37619.7
1747752606926.0,37610.2,37617.2
1747752607122.0,37607.7,37614.7
1747752612332.0,37605.2,37612.2
1747752612732.0,37607.7,37614.7
1747752612931.0,37602.7,37609.7
1747752614515.0,37605.2,37612.2
1747752614715.0,37602.7,37609.7
1747752614915.0,37605.2,37612.2
1747752615115.0,37602.7,37609.7
1747752624514.0,37600.2,37607.2
1747752625531.0,37602.7,37609.7
1747752628365,,
1747752628465.0,37607.7,37614.7
1747752629964.0,37610.2,37617.2
1747752630363.0,37607.7,37614.7
1747752630946.0,37610.2,37617.2
1747752631683.0,37607.7,37614.7
1747752667103.0,37605.2,37612.2
1747752669912.0,37607.7,37614.7
1747752670559.0,37610.2,37617.2
1747752671910.0,37607.7,37614.7
1747752672106.0,37610.2,37617.2
1747752674434.0,37612.7,37619.7
1747752676190.0,37610.2,37617.2
1747752676391.0,37612.7,37619.7
1747752678417.0,37610.2,37617.2
1747752679184.0,37612.7,37619.7
1747752679383.0,37610.2,37617.2
1747752679582.0,37612.7,37619.7
1747752679782.0,37610.2,37617.2
1747752680136.0,37607.7,37614.7
1747752680335.0,37610.2,37617.2
1747752680834.0,37610.2,37617.2
1747752681050.0,37612.7,37619.7
1747752681534.0,37610.2,37617.2
1747752682086.0,37612.7,37619.7
1747752682484.0,37610.2,37617.2
1747752682733.0,37612.7,37619.7
1747752683134.0,37607.7,37614.7
1747752683951.0,37610.2,37617.2
1747752684150.0,37607.7,37614.7
1747752685867.0,37605.2,37612.2
1747752686308.0,37607.7,37614.7
1747752686916.0,37605.2,37612.2
1747752687515.0,37602.7,37609.7
1747752687916,,
1747752688165,,
1747752692104.0,37600.2,37607.2
1747752692804.0,37602.7,37609.7
1747752694944.0,37597.7,37604.7
1747752697028.0,37600.2,37607.2
1747752697229.0,37597.7,37604.7
1747752703075.0,37592.7,37599.7
1747752703290,,
1747752703489.0,37587.7,37594.7
1747752703872.0,37590.2,37597.2
1747752704502.0,37587.7,37594.7
1747752709617.0,37590.2,37597.2
1747752709816.0,37592.7,37599.7
1747752711042.0,37590.2,37597.2
1747752711437.0,37592.7,37599.7
1747752717551.0,37590.2,37597.2
1747752719461.0,37587.7,37594.7
1747752719660.0,37590.2,37597.2
1747752720092.0,37587.7,37594.7
1747752720695.0,37590.2,37597.2
1747752721236.0,37592.7,37599.7
1747752723799.0,37590.2,37597.2
1747752727366.0,37592.7,37599.7
1747752727766.0,37590.2,37597.2
1747752730118.0,37587.7,37594.7
1747752736821.0,37590.2,37597.2
1747752737022.0,37592.7,37599.7
1747752737353.0,37595.2,37602.2
1747752738354.0,37597.7,37604.7
1747752741424.0,37595.2,37602.2
1747752743991.0,37595.2,37602.2
1747752745052.0,37597.7,37604.7
1747752745252.0,37595.2,37602.2
1747752746013.0,37597.7,37604.7
1747752746468,,
1747752746668.0,37602.7,37609.7
1747752746868.0,37600.2,37607.2
1747752747161,,
1747752747364.0,37597.7,37604.7
1747752753505.0,37600.2,37607.2
1747752753704,,
1747752754318.0,37600.2,37607.2
1747752755594.0,37597.7,37604.7
1747752755994.0,37600.2,37607.2
1747752756194.0,37597.7,37604.7
1747752759158.0,37600.2,37607.2
1747752759357,,
1747752759695,,
1747752759901.0,37590.2,37597.2
1747752760096.0,37587.7,37594.7
1747752762186.0,37585.2,37592.2
1747752763846.0,37587.7,37594.7
1747752765214.0,37590.2,37597.2
1747752767536.0,37587.7,37594.7
1747752767744.0,37590.2,37597.2
1747752770449.0,37587.7,37594.7
1747752771075.0,37590.2,37597.2
1747752771979.0,37587.7,37594.7
1747752772180.0,37590.2,37597.2
1747752773240.0,37587.7,37594.7
1747752773640.0,37590.2,37597.2
1747752773838.0,37587.7,37594.7
1747752775103.0,37590.2,37597.2
1747752777847.0,37592.7,37599.7
1747752778044.0,37590.2,37597.2
1747752780600.0,37587.7,37594.7
1747752780998.0,37590.2,37597.2
1747752781634.0,37592.7,37599.7
1747752786348.0,37592.7,37599.7
1747752791270.0,37595.2,37602.2
1747752791464.0,37592.7,37599.7
1747752791664.0,37595.2,37602.2
1747752794596.0,37597.7,37604.7
1747752794797.0,37595.2,37602.2
1747752795597.0,37597.7,37604.7
1747752797298,,
1747752797503.0,37595.2,37602.2
1747752799231.0,37592.7,37599.7
1747752799630.0,37595.2,37602.2
1747752800162.0,37592.7,37599.7
1747752805398.0,37590.2,37597.2
1747752805889.0,37592.7,37599.7
1747752806289.0,37590.2,37597.2
1747752808024.0,37592.7,37599.7
1747752808224.0,37590.2,37597.2
1747752809156.0,37592.7,37599.7
1747752809712.0,37590.2,37597.2
1747752811060.0,37592.7,37599.7
1747752812109.0,37590.2,37597.2
1747752814691.0,37587.7,37594.7
1747752815090.0,37587.7,37594.7
1747752815490.0,37590.2,37597.2
1747752817776.0,37592.7,37599.7
1747752817976.0,37590.2,37597.2
1747752818315.0,37592.7,37599.7
1747752818905.0,37590.2,37597.2
1747752819105.0,37592.7,37599.7
1747752821161.0,37590.2,37597.2
1747752821362.0,37592.7,37599.7
1747752822168.0,37592.7,37599.7
1747752822802.0,37590.2,37597.2
1747752823808.0,37592.7,37599.7
1747752826134.0,37590.2,37597.2
1747752826533.0,37592.7,37599.7
1747752826732.0,37590.2,37597.2
1747752826932.0,37592.7,37599.7
1747752829395.0,37595.2,37602.2
1747752829794.0,37592.7,37599.7
1747752830093.0,37595.2,37602.2
1747752831898.0,37597.7,37604.7
1747752832299.0,37595.2,37602.2
1747752839526.0,37592.7,37599.7
1747752840348.0,37595.2,37602.2
1747752840748.0,37592.7,37599.7
1747752842382,,
1747752842576.0,37595.2,37602.2
1747752846603.0,37592.7,37599.7
1747752846802.0,37595.2,37602.2
1747752848795.0,37597.7,37604.7
1747752852546.0,37595.2,37602.2
1747752853514.0,37592.7,37599.7
1747752854025.0,37595.2,37602.2
1747752854983.0,37592.7,37599.7
1747752855183.0,37595.2,37602.2
1747752857095.0,37597.7,37604.7
1747752857292.0,37595.2,37602.2
1747752857857.0,37597.7,37604.7
1747752858389.0,37595.2,37602.2
1747752858924.0,37597.7,37604.7
1747752859729.0,37595.2,37602.2
1747752860256.0,37597.7,37604.7
1747752861794.0,37595.2,37602.2
1747752862391.0,37597.7,37604.7
1747752862592.0,37595.2,37602.2
1747752862793.0,37597.7,37604.7
1747752862993.0,37595.2,37602.2
1747752863250.0,37597.7,37604.7
1747752863649.0,37595.2,37602.2
1747752866262.0,37597.7,37604.7
1747752866461.0,37595.2,37602.2
1747752868377.0,37597.7,37604.7
1747752869852.0,37595.2,37602.2
1747752870377.0,37597.7,37604.7
1747752882129,,
1747752882329.0,37595.2,37602.2
1747752882528.0,37592.7,37599.7
1747752886042.0,37595.2,37602.2
1747752886239,,
1747752886829.0,37597.7,37604.7
1747752887029.0,37595.2,37602.2
1747752889134.0,37597.7,37604.7
1747752889334.0,37592.7,37599.7
1747752889694.0,37595.2,37602.2
1747752890493.0,37595.2,37602.2
1747752890778.0,37592.7,37599.7
1747752891176.0,37595.2,37602.2
1747752896721.0,37592.7,37599.7
1747752896921.0,37595.2,37602.2
1747752898044.0,37592.7,37599.7
1747752898443.0,37595.2,37602.2
1747752899225.0,37592.7,37599.7
1747752901153.0,37595.2,37602.2
1747752901350.0,37592.7,37599.7
1747752902375,,
1747752902575.0,37595.2,37602.2
1747752903316.0,37597.7,37604.7
1747752903760.0,37595.2,37602.2
1747752904185.0,37597.7,37604.7
1747752904583.0,37595.2,37602.2
1747752905224.0,37597.7,37604.7
1747752908803.0,37595.2,37602.2
1747752910507.0,37597.7,37604.7
1747752910906.0,37595.2,37602.2
1747752911548.0,37592.7,37599.7
1747752911946.0,37597.7,37604.7
1747752912669.0,37595.2,37602.2
1747752913498.0,37597.7,37604.7
1747752914358.0,37595.2,37602.2
1747752914562.0,37597.7,37604.7
1747752916897,,
1747752917098.0,37600.2,37607.2
1747752918654.0,37597.7,37604.7
1747752920199.0,37595.2,37602.2
1747752920597.0,37597.7,37604.7
1747752921064.0,37595.2,37602.2
1747752921265.0,37597.7,37604.7
1747752921953.0,37595.2,37602.2
1747752922160.0,37597.7,37604.7
1747752926878.0,37595.2,37602.2
1747752928480.0,37592.7,37599.7
1747752928679.0,37595.2,37602.2
1747752929531.0,37597.7,37604.7
1747752934580,,
1747752934775.0,37600.2,37607.2
1747752935040.0,37602.7,37609.7
1747752935239.0,37600.2,37607.2
1747752935442.0,37602.7,37609.7
1747752936792.0,37600.2,37607.2
1747752937443.0,37602.7,37609.7
1747752938436.0,37600.2,37607.2
1747752940141.0,37602.7,37609.7
1747752942381.0,37600.2,37607.2
1747752942580.0,37602.7,37609.7
1747752943077.0,37600.2,37607.2
1747752943277.0,37602.7,37609.7
1747752945066.0,37600.2,37607.2
1747752945916.0,37602.7,37609.7
1747752946475.0,37600.2,37607.2
1747752947285.0,37602.7,37609.7
1747752950203,,
1747752950403.0,37605.2,37612.2
1747752951011.0,37602.7,37609.7
1747752957036,,
1747752958093,,
1747752958219.0,37600.2,37607.2
1747752959119.0,37602.7,37609.7
1747752959318.0,37600.2,37607.2
1747752959717.0,37600.2,37607.2
1747752965713.0,37597.7,37604.7
1747752965914.0,37600.2,37607.2
1747752966111.0,37597.7,37604.7
1747752966580.0,37600.2,37607.2
1747752966791.0,37597.7,37604.7
1747752970664.0,37600.2,37607.2
1747752970864.0,37597.7,37604.7
1747752977328.0,37595.2,37602.2
1747752978034.0,37597.7,37604.7
1747752978433.0,37595.2,37602.2
1747752978632.0,37597.7,37604.7
1747752979135.0,37595.2,37602.2
1747752980124.0,37597.7,37604.7
1747752981493.0,37600.2,37607.2
1747752981693.0,37597.7,37604.7
1747752983515,,
1747752983712.0,37600.2,37607.2
1747752986510.0,37602.7,37609.7
1747752988020.0,37600.2,37607.2
1747752991075.0,37602.7,37609.7
1747752993068.0,37600.2,37607.2
1747752994066.0,37602.7,37609.7
1747752994666.0,37600.2,37607.2
1747752995194.0,37602.7,37609.7
1747752995394.0,37600.2,37607.2
1747752996415.0,37597.7,37604.7
1747752996613.0,37600.2,37607.2
1747752998923.0,37597.7,37604.7
1747752999122.0,37600.2,37607.2
1747752999702.0,37602.7,37609.7
1747753000444.0,37600.2,37607.2
1747753001223.0,37602.7,37609.7
1747753011964.0,37600.2,37607.2
1747753013373.0,37602.7,37609.7
1747753014239.0,37600.2,37607.2
1747753014435.0,37597.7,37604.7
1747753014635.0,37600.2,37607.2
1747753014838.0,37597.7,37604.7
1747753015236.0,37600.2,37607.2
1747753016093.0,37602.7,37609.7
1747753017912.0,37600.2,37607.2
1747753019226.0,37597.7,37604.7
1747753021052.0,37595.2,37602.2
1747753021248.0,37597.7,37604.7
1747753021613.0,37595.2,37602.2
1747753021811.0,37597.7,37604.7
1747753022034.0,37595.2,37602.2
1747753022633.0,37597.7,37604.7
1747753023863.0,37595.2,37602.2
1747753024262.0,37597.7,37604.7
1747753024783.0,37600.2,37607.2
1747753025620.0,37602.7,37609.7
1747753025819.0,37600.2,37607.2
1747753027533.0,37602.7,37609.7
1747753028144.0,37600.2,37607.2
1747753028339.0,37602.7,37609.7
1747753028541.0,37600.2,37607.2
1747753031909.0,37597.7,37604.7
1747753034670.0,37600.2,37607.2
1747753035071.0,37602.7,37609.7
1747753035424.0,37600.2,37607.2
1747753035891.0,37597.7,37604.7
1747753036681.0,37595.2,37602.2
1747753037333.0,37592.7,37599.7
1747753038298.0,37595.2,37602.2
1747753039827.0,37592.7,37599.7
1747753042580.0,37595.2,37602.2
1747753042978.0,37592.7,37599.7
1747753044803.0,37590.2,37597.2
1747753045204.0,37592.7,37599.7
1747753045445.0,37590.2,37597.2
1747753045845.0,37592.7,37599.7
1747753046045.0,37590.2,37597.2
1747753046380.0,37592.7,37599.7
1747753046579.0,37590.2,37597.2
1747753047079.0,37592.7,37599.7
1747753047672.0,37590.2,37597.2
1747753048363.0,37592.7,37599.7
1747753049854.0,37595.2,37602.2
1747753050054,,
1747753050445.0,37592.7,37599.7
1747753050860.0,37595.2,37602.2
1747753051363.0,37592.7,37599.7
1747753056936.0,37590.2,37597.2
1747753057684.0,37587.7,37594.7
1747753058084.0,37587.7,37594.7
1747753060049,,
1747753060251.0,37582.7,37589.7
1747753060850.0,37580.2,37587.2
1747753061052.0,37577.7,37584.7
1747753062713,,
1747753062913.0,37575.2,37582.2
1747753063443.0,37572.7,37579.7
1747753063858.0,37570.2,37577.2
1747753064059.0,37572.7,37579.7
1747753065761.0,37570.2,37577.2
1747753065962.0,37572.7,37579.7
1747753067486,,
1747753067676.0,37575.2,37582.2
1747753067876.0,37572.7,37579.7
1747753070020,,
1747753070221.0,37570.2,37577.2
1747753070648.0,37572.7,37579.7
1747753070846.0,37567.7,37574.7
1747753071484.0,37570.2,37577.2
1747753072122.0,37567.7,37574.7
1747753072523.0,37570.2,37577.2
1747753073092.0,37572.7,37579.7
1747753073607.0,37575.2,37582.2
1747753073807.0,37577.7,37584.7
1747753075876.0,37575.2,37582.2
1747753076274.0,37572.7,37579.7
1747753076474.0,37575.2,37582.2
1747753077490.0,37572.7,37579.7
1747753078810.0,37575.2,37582.2
1747753079211.0,37572.7,37579.7
1747753079652.0,37570.2,37577.2
1747753080453.0,37567.7,37574.7
1747753080652.0,37570.2,37577.2
1747753080852.0,37572.7,37579.7
1747753083190.0,37575.2,37582.2
1747753083387,,
1747753083586.0,37577.7,37584.7
1747753083787.0,37575.2,37582.2
1747753084037.0,37577.7,37584.7
1747753084236.0,37575.2,37582.2
1747753084780.0,37572.7,37579.7
1747753085468.0,37575.2,37582.2
1747753086068.0,37577.7,37584.7
1747753086268.0,37575.2,37582.2
1747753086787.0,37577.7,37584.7
1747753086987.0,37575.2,37582.2
1747753087187.0,37577.7,37584.7
1747753087387.0,37575.2,37582.2
1747753088059.0,37572.7,37579.7
1747753088942.0,37575.2,37582.2
1747753090791.0,37577.7,37584.7
1747753090992.0,37575.2,37582.2
1747753092225.0,37572.7,37579.7
1747753092424,,
1747753093525.0,37575.2,37582.2
1747753093725.0,37572.7,37579.7
1747753093925.0,37575.2,37582.2
1747753094126.0,37572.7,37579.7
1747753094324.0,37575.2,37582.2
1747753095153.0,37572.7,37579.7
1747753096224.0,37570.2,37577.2
1747753096620.0,37567.7,37574.7
1747753097846.0,37570.2,37577.2
1747753098049.0,37567.7,37574.7
1747753099895,,
1747753100095.0,37565.2,37572.2
1747753100319.0,37567.7,37574.7
1747753102419,,
1747753103760,,
1747753103959.0,37570.2,37577.2
1747753105404.0,37567.7,37574.7
1747753106337.0,37570.2,37577.2
1747753107284.0,37567.7,37574.7
1747753107720.0,37570.2,37577.2
1747753108647.0,37567.7,37574.7
1747753109055.0,37570.2,37577.2
1747753109257.0,37567.7,37574.7
1747753110956.0,37570.2,37577.2
1747753111157.0,37567.7,37574.7
1747753112054.0,37570.2,37577.2
1747753112254.0,37567.7,37574.7
1747753114224.0,37565.2,37572.2
1747753117366.0,37567.7,37574.7
1747753117967.0,37565.2,37572.2
1747753118647.0,37562.7,37569.7
1747753119626.0,37560.2,37567.2
1747753120346.0,37562.7,37569.7
1747753120914.0,37560.2,37567.2
1747753122906.0,37562.7,37569.7
1747753124078.0,37560.2,37567.2
1747753124745.0,37557.7,37564.7
1747753125421.0,37560.2,37567.2
1747753128328.0,37562.7,37569.7
1747753129338.0,37560.2,37567.2
1747753130103.0,37562.7,37569.7
1747753130304.0,37560.2,37567.2
1747753131080.0,37560.2,37567.2
1747753132169.0,37557.7,37564.7
1747753132369.0,37560.2,37567.2
1747753132921.0,37562.7,37569.7
1747753133121.0,37560.2,37567.2
1747753133632.0,37562.7,37569.7
1747753141442.0,37565.2,37572.2
1747753142062.0,37562.7,37569.7
1747753143006.0,37565.2,37572.2
1747753143582.0,37562.7,37569.7
1747753146146.0,37565.2,37572.2
1747753146545.0,37567.7,37574.7
1747753146948.0,37565.2,37572.2
1747753147344.0,37565.2,37572.2
1747753147771.0,37567.7,37574.7
1747753148171.0,37565.2,37572.2
1747753148370.0,37567.7,37574.7
1747753148770.0,37565.2,37572.2
1747753149625.0,37567.7,37574.7
1747753150347.0,37570.2,37577.2
1747753151149.0,37567.7,37574.7
1747753155422.0,37570.2,37577.2
1747753155622.0,37567.7,37574.7
1747753155821.0,37570.2,37577.2
1747753156147.0,37572.7,37579.7
1747753156349.0,37570.2,37577.2
1747753157204.0,37567.7,37574.7
1747753157406.0,37570.2,37577.2
1747753158648.0,37572.7,37579.7
