1747749486164.0,23713.6,23721.6
1747749487916.0,23714.1,23722.1
1747749488699.0,23713.6,23721.6
1747749489209.0,23714.1,23722.1
1747749490079.0,23715.1,23723.1
1747749490284.0,23714.1,23722.1
1747749491185.0,23713.6,23721.6
1747749491378.0,23713.1,23721.1
1747749492779.0,23713.6,23721.6
1747749492978.0,23713.1,23721.1
1747749493272.0,23713.6,23721.6
1747749493474.0,23713.1,23721.1
1747749494227.0,23712.6,23720.6
1747749494983.0,23713.1,23721.1
1747749495183.0,23712.6,23720.6
1747749495670.0,23712.1,23720.1
1747749499849.0,23712.6,23720.6
1747749500047.0,23713.1,23721.1
1747749500400.0,23713.6,23721.6
1747749500599.0,23716.1,23724.1
1747749501223.0,23716.6,23724.6
1747749501422.0,23717.1,23725.1
1747749501621.0,23718.1,23726.1
1747749502379.0,23717.6,23725.6
1747749502780.0,23718.1,23726.1
1747749503603.0,23717.6,23725.6
1747749503803.0,23717.1,23725.1
1747749506368.0,23716.6,23724.6
1747749506566.0,23716.1,23724.1
1747749506782.0,23716.6,23724.6
1747749510690.0,23717.6,23725.6
1747749510972.0,23717.1,23725.1
1747749511173.0,23719.1,23727.1
1747749511789.0,23718.6,23726.6
1747749512041.0,23717.6,23725.6
1747749512620.0,23718.6,23726.6
1747749512817.0,23718.1,23726.1
1747749513123.0,23717.6,23725.6
1747749513934.0,23717.1,23725.1
1747749515040,,
1747749518535.0,23716.6,23724.6
1747749518733.0,23717.1,23725.1
1747749519165.0,23716.6,23724.6
1747749519422.0,23717.1,23725.1
1747749519744.0,23716.6,23724.6
1747749520198.0,23716.1,23724.1
1747749520393.0,23715.1,23723.1
1747749520593.0,23714.1,23722.1
1747749520884.0,23714.6,23722.6
1747749521089.0,23715.1,23723.1
1747749521282.0,23715.6,23723.6
1747749521483.0,23717.1,23725.1
1747749521682.0,23717.6,23725.6
1747749522618.0,23716.1,23724.1
1747749524650,,
1747749524927.0,23715.6,23723.6
1747749525128.0,23715.1,23723.1
1747749526659.0,23714.1,23722.1
1747749526859.0,23713.6,23721.6
1747749528382.0,23714.1,23722.1
1747749528784.0,23712.1,23720.1
1747749529245,,
1747749530059.0,23711.6,23719.6
1747749530262.0,23711.1,23719.1
1747749530658.0,23711.6,23719.6
1747749530857.0,23711.1,23719.1
1747749531731.0,23710.6,23718.6
1747749531932.0,23711.1,23719.1
1747749533568.0,23711.6,23719.6
1747749533759.0,23711.1,23719.1
1747749534519.0,23710.1,23718.1
1747749536168.0,23710.6,23718.6
1747749536369.0,23710.1,23718.1
1747749537181.0,23710.6,23718.6
1747749537684.0,23710.1,23718.1
1747749539426.0,23710.1,23718.1
1747749540474.0,23710.6,23718.6
1747749540673.0,23710.1,23718.1
1747749540873.0,23710.6,23718.6
1747749541871.0,23710.6,23718.6
1747749542530.0,23710.1,23718.1
1747749543118.0,23710.6,23718.6
1747749543447.0,23711.1,23719.1
1747749543744.0,23710.1,23718.1
1747749543943.0,23709.6,23717.6
1747749545709.0,23709.1,23717.1
1747749545908.0,23709.6,23717.6
1747749546833.0,23709.1,23717.1
1747749547032.0,23708.1,23716.1
1747749547355,,
1747749548204.0,23707.6,23715.6
1747749549822.0,23707.1,23715.1
1747749551025.0,23707.6,23715.6
1747749551223.0,23707.1,23715.1
1747749552847.0,23707.6,23715.6
1747749553046.0,23707.1,23715.1
1747749553278.0,23706.6,23714.6
1747749553476.0,23706.1,23714.1
1747749553674.0,23706.6,23714.6
1747749553877.0,23706.1,23714.1
1747749555461.0,23706.6,23714.6
1747749555659.0,23707.1,23715.1
1747749556105.0,23707.6,23715.6
1747749556399.0,23707.1,23715.1
1747749556999.0,23707.6,23715.6
1747749557196.0,23707.1,23715.1
1747749557756.0,23706.6,23714.6
1747749557959.0,23707.1,23715.1
1747749558218.0,23706.6,23714.6
1747749558416.0,23706.1,23714.1
1747749559811.0,23705.6,23713.6
1747749560011.0,23706.1,23714.1
1747749560831.0,23706.1,23714.1
1747749561160.0,23706.6,23714.6
1747749561560.0,23706.1,23714.1
1747749562283.0,23706.6,23714.6
1747749562481.0,23706.1,23714.1
1747749563142.0,23705.6,23713.6
1747749563339.0,23706.1,23714.1
1747749564016.0,23705.6,23713.6
1747749564216.0,23706.1,23714.1
1747749564669.0,23705.6,23713.6
1747749564867.0,23706.1,23714.1
1747749565168.0,23705.6,23713.6
1747749565366.0,23706.1,23714.1
1747749566805.0,23706.6,23714.6
1747749567005.0,23707.1,23715.1
1747749568994.0,23707.6,23715.6
1747749569336.0,23707.1,23715.1
1747749569534.0,23706.1,23714.1
1747749570192.0,23705.6,23713.6
1747749570591.0,23705.6,23713.6
1747749572402.0,23706.1,23714.1
1747749572773.0,23705.6,23713.6
1747749572971.0,23703.1,23711.1
1747749573171.0,23702.6,23710.6
1747749574043.0,23703.1,23711.1
1747749574240.0,23703.6,23711.6
1747749576245.0,23703.1,23711.1
1747749578149.0,23702.6,23710.6
1747749578362.0,23703.1,23711.1
1747749579109.0,23703.6,23711.6
1747749579308.0,23704.1,23712.1
1747749580581.0,23703.6,23711.6
1747749580778.0,23703.1,23711.1
1747749581360.0,23703.6,23711.6
1747749582297.0,23703.1,23711.1
1747749583183.0,23703.6,23711.6
1747749583624.0,23703.1,23711.1
1747749585342.0,23702.6,23710.6
1747749586842.0,23706.1,23714.1
1747749587644.0,23705.6,23713.6
1747749587839.0,23705.1,23713.1
1747749589741.0,23704.6,23712.6
1747749589939.0,23705.1,23713.1
1747749590192.0,23705.6,23713.6
1747749590649.0,23707.1,23715.1
1747749590848.0,23708.6,23716.6
1747749591235.0,23708.1,23716.1
1747749591434.0,23708.6,23716.6
1747749591634.0,23709.6,23717.6
1747749591834.0,23710.1,23718.1
1747749592033.0,23709.6,23717.6
1747749592235.0,23707.6,23715.6
1747749592434.0,23708.1,23716.1
1747749594292.0,23707.6,23715.6
1747749594691.0,23706.1,23714.1
1747749595640.0,23705.6,23713.6
1747749595841.0,23705.1,23713.1
1747749597752.0,23705.6,23713.6
1747749598168.0,23706.1,23714.1
1747749598364.0,23705.6,23713.6
1747749598605.0,23706.1,23714.1
1747749599713.0,23705.6,23713.6
1747749599908.0,23704.6,23712.6
1747749600320.0,23705.1,23713.1
1747749600507.0,23705.6,23713.6
1747749600707.0,23706.1,23714.1
1747749601224.0,23705.1,23713.1
1747749601425.0,23706.6,23714.6
1747749601623.0,23707.1,23715.1
1747749601822.0,23706.6,23714.6
1747749602226.0,23706.1,23714.1
1747749602426.0,23706.6,23714.6
1747749602626.0,23707.1,23715.1
1747749602825.0,23706.1,23714.1
1747749604140.0,23706.6,23714.6
1747749604339.0,23706.1,23714.1
1747749604606.0,23706.6,23714.6
1747749604890.0,23706.1,23714.1
1747749606106.0,23705.6,23713.6
1747749606306.0,23705.1,23713.1
1747749607328.0,23705.6,23713.6
1747749607744.0,23706.1,23714.1
1747749607942.0,23707.1,23715.1
1747749608143.0,23707.6,23715.6
1747749608435.0,23707.1,23715.1
1747749609350.0,23707.6,23715.6
1747749609750.0,23708.1,23716.1
1747749610150.0,23708.6,23716.6
1747749610350.0,23708.1,23716.1
1747749610566.0,23708.6,23716.6
1747749610764.0,23710.1,23718.1
1747749610966.0,23708.1,23716.1
1747749612104.0,23707.6,23715.6
1747749612506.0,23708.1,23716.1
1747749612985.0,23708.6,23716.6
1747749613185.0,23709.1,23717.1
1747749613386.0,23708.1,23716.1
1747749614147.0,23707.6,23715.6
1747749614347.0,23707.1,23715.1
1747749615662.0,23706.6,23714.6
1747749616544.0,23707.1,23715.1
1747749617241.0,23706.6,23714.6
1747749617992.0,23707.1,23715.1
1747749618192.0,23709.1,23717.1
1747749618813.0,23708.6,23716.6
1747749619015.0,23709.1,23717.1
1747749619367.0,23709.6,23717.6
1747749619860.0,23710.1,23718.1
1747749620475.0,23703.6,23711.6
1747749620675.0,23702.1,23710.1
1747749620875.0,23701.6,23709.6
1747749621076.0,23702.1,23710.1
1747749621275.0,23703.6,23711.6
1747749621676.0,23704.1,23712.1
1747749622979.0,23704.6,23712.6
1747749623178.0,23705.1,23713.1
1747749623858.0,23704.6,23712.6
1747749624264.0,23703.1,23711.1
1747749624461.0,23702.6,23710.6
1747749624658.0,23699.1,23707.1
1747749624859.0,23699.6,23707.6
1747749625336.0,23698.1,23706.1
1747749626107.0,23698.6,23706.6
1747749626306.0,23700.6,23708.6
1747749626932.0,23699.1,23707.1
1747749627659.0,23700.1,23708.1
1747749629122.0,23701.1,23709.1
1747749629322.0,23700.1,23708.1
1747749629897.0,23699.6,23707.6
1747749630510.0,23699.1,23707.1
1747749630709.0,23699.6,23707.6
1747749631310.0,23700.6,23708.6
1747749631968.0,23700.1,23708.1
1747749632168.0,23698.1,23706.1
1747749632486.0,23697.6,23705.6
1747749632757.0,23698.1,23706.1
1747749633122.0,23698.6,23706.6
1747749633321.0,23698.1,23706.1
1747749633523.0,23697.1,23705.1
1747749635290.0,23696.6,23704.6
1747749635977.0,23696.1,23704.1
1747749636430.0,23696.6,23704.6
1747749636830.0,23696.1,23704.1
1747749637028.0,23696.6,23704.6
1747749637228.0,23695.6,23703.6
1747749638364.0,23695.1,23703.1
1747749638551.0,23696.1,23704.1
1747749638952.0,23696.1,23704.1
1747749639363.0,23695.6,23703.6
1747749639561.0,23696.1,23704.1
1747749639961.0,23695.6,23703.6
1747749641086.0,23696.1,23704.1
1747749641286.0,23697.6,23705.6
1747749641486.0,23698.1,23706.1
1747749641978,,
1747749642468.0,23698.6,23706.6
1747749642666.0,23700.1,23708.1
1747749644299.0,23699.1,23707.1
1747749644697.0,23701.1,23709.1
1747749645410.0,23701.6,23709.6
1747749645610.0,23701.1,23709.1
1747749645811.0,23700.1,23708.1
1747749646245.0,23700.6,23708.6
1747749646443.0,23701.1,23709.1
1747749646869.0,23700.1,23708.1
1747749647135.0,23700.6,23708.6
1747749647329.0,23702.1,23710.1
1747749647529.0,23701.6,23709.6
1747749647729.0,23700.1,23708.1
1747749648071.0,23699.6,23707.6
1747749648267.0,23699.1,23707.1
1747749648757.0,23697.1,23705.1
1747749649316.0,23696.6,23704.6
1747749649513.0,23696.1,23704.1
1747749649711.0,23696.6,23704.6
1747749650250.0,23697.1,23705.1
1747749650447.0,23698.1,23706.1
1747749650647.0,23698.6,23706.6
1747749650847.0,23699.1,23707.1
1747749651132.0,23699.6,23707.6
1747749651331.0,23700.1,23708.1
1747749651572.0,23699.6,23707.6
1747749652266.0,23699.1,23707.1
1747749652840.0,23699.1,23707.1
1747749654043.0,23699.6,23707.6
1747749654242.0,23700.1,23708.1
1747749654647.0,23699.6,23707.6
1747749654845.0,23699.1,23707.1
1747749655221.0,23699.6,23707.6
1747749655421.0,23698.6,23706.6
1747749655820.0,23698.6,23706.6
1747749656139.0,23699.1,23707.1
1747749656463.0,23698.6,23706.6
1747749656863.0,23699.1,23707.1
1747749657062.0,23698.6,23706.6
1747749657709.0,23700.1,23708.1
1747749657905.0,23699.1,23707.1
1747749658141.0,23699.6,23707.6
1747749658633.0,23700.1,23708.1
1747749658937.0,23699.6,23707.6
1747749659137.0,23699.1,23707.1
1747749659783.0,23699.6,23707.6
1747749660183.0,23701.1,23709.1
1747749660382.0,23700.1,23708.1
1747749660580.0,23699.6,23707.6
1747749660983.0,23700.1,23708.1
1747749661183.0,23699.6,23707.6
1747749661734.0,23699.1,23707.1
1747749661957.0,23698.6,23706.6
1747749662156.0,23699.1,23707.1
1747749662555.0,23699.1,23707.1
1747749665395.0,23698.6,23706.6
1747749666605.0,23698.1,23706.1
1747749666807.0,23698.6,23706.6
1747749667169.0,23698.1,23706.1
1747749667367.0,23698.6,23706.6
1747749667580.0,23699.1,23707.1
1747749667778.0,23698.6,23706.6
1747749668012.0,23698.1,23706.1
1747749668521.0,23694.6,23702.6
1747749668717,,
1747749668921.0,23695.1,23703.1
1747749669751.0,23694.6,23702.6
1747749669948.0,23694.1,23702.1
1747749670151.0,23693.6,23701.6
1747749670351.0,23694.1,23702.1
1747749672059.0,23695.1,23703.1
1747749672258.0,23696.1,23704.1
1747749672459.0,23695.6,23703.6
1747749672658.0,23696.1,23704.1
1747749672858.0,23695.6,23703.6
1747749673058.0,23696.1,23704.1
1747749673584.0,23695.6,23703.6
1747749673983.0,23695.6,23703.6
1747749674183.0,23696.1,23704.1
1747749674382.0,23695.6,23703.6
1747749674588.0,23697.1,23705.1
1747749674925.0,23697.6,23705.6
1747749675542.0,23697.1,23705.1
1747749676341.0,23696.1,23704.1
1747749676549.0,23696.6,23704.6
1747749676751.0,23696.1,23704.1
1747749677528.0,23695.1,23703.1
1747749677728.0,23696.1,23704.1
1747749677928.0,23694.1,23702.1
1747749678632.0,23693.6,23701.6
1747749679158.0,23693.1,23701.1
1747749679435.0,23692.6,23700.6
1747749679635.0,23692.1,23700.1
1747749680186.0,23693.1,23701.1
1747749680386.0,23692.6,23700.6
1747749680857.0,23693.1,23701.1
1747749681056.0,23693.6,23701.6
1747749681557.0,23694.6,23702.6
1747749681975.0,23695.6,23703.6
1747749682373.0,23695.1,23703.1
1747749682572.0,23698.1,23706.1
1747749683167.0,23698.6,23706.6
1747749683367.0,23698.1,23706.1
1747749684058.0,23697.1,23705.1
1747749684257.0,23698.1,23706.1
1747749684810.0,23697.1,23705.1
1747749685009.0,23696.1,23704.1
1747749685900,,
1747749686128.0,23692.6,23700.6
1747749686327.0,23692.1,23700.1
1747749687253.0,23692.6,23700.6
1747749687453.0,23692.1,23700.1
1747749688507.0,23691.6,23699.6
1747749688706.0,23690.1,23698.1
1747749688907.0,23691.1,23699.1
1747749689109.0,23690.6,23698.6
1747749691953.0,23691.1,23699.1
1747749692188.0,23690.6,23698.6
1747749692389.0,23691.1,23699.1
1747749693428.0,23692.1,23700.1
1747749693626.0,23693.1,23701.1
1747749693863.0,23692.6,23700.6
1747749694266.0,23690.6,23698.6
1747749694484.0,23691.1,23699.1
1747749695310.0,23691.6,23699.6
1747749695511.0,23690.6,23698.6
1747749695710.0,23691.1,23699.1
1747749700578.0,23691.6,23699.6
1747749700777.0,23691.1,23699.1
1747749701153.0,23690.6,23698.6
1747749701354.0,23691.1,23699.1
1747749701753.0,23691.6,23699.6
1747749702151.0,23691.6,23699.6
1747749702835.0,23692.1,23700.1
1747749703233.0,23691.1,23699.1
1747749704224.0,23691.6,23699.6
1747749704424.0,23692.1,23700.1
1747749706381.0,23692.6,23700.6
1747749706777.0,23692.1,23700.1
1747749710038.0,23690.6,23698.6
1747749710248.0,23690.1,23698.1
1747749711351.0,23690.6,23698.6
1747749711549.0,23690.1,23698.1
1747749711749.0,23690.6,23698.6
1747749712819.0,23690.1,23698.1
1747749713812.0,23690.6,23698.6
1747749714256.0,23691.1,23699.1
1747749714706.0,23690.6,23698.6
1747749714918.0,23691.1,23699.1
1747749715373.0,23690.6,23698.6
1747749715572.0,23689.1,23697.1
1747749716582.0,23689.6,23697.6
1747749717365.0,23689.1,23697.1
1747749717563.0,23688.6,23696.6
1747749719409.0,23688.1,23696.1
1747749719606,,
1747749720010.0,23689.6,23697.6
1747749720284.0,23690.1,23698.1
1747749720485.0,23689.6,23697.6
1747749720911.0,23689.1,23697.1
1747749721111.0,23688.1,23696.1
1747749721310.0,23686.6,23694.6
1747749722182.0,23685.6,23693.6
1747749722381.0,23686.1,23694.1
1747749722579.0,23685.1,23693.1
1747749723839.0,23684.1,23692.1
1747749724037.0,23685.6,23693.6
1747749724438.0,23684.6,23692.6
1747749724639.0,23683.6,23691.6
1747749724840.0,23684.1,23692.1
1747749725042.0,23684.6,23692.6
1747749725437.0,23684.1,23692.1
1747749725899.0,23684.6,23692.6
1747749726742.0,23685.1,23693.1
1747749726938.0,23684.1,23692.1
1747749727339.0,23684.6,23692.6
1747749727539.0,23685.1,23693.1
1747749728290.0,23687.1,23695.1
1747749728689.0,23685.6,23693.6
1747749728981.0,23686.1,23694.1
1747749729230.0,23686.6,23694.6
1747749729635.0,23687.1,23695.1
1747749730309.0,23688.1,23696.1
1747749731458.0,23690.1,23698.1
1747749732367.0,23689.6,23697.6
1747749732777.0,23691.1,23699.1
1747749732971.0,23690.6,23698.6
1747749733390.0,23691.1,23699.1
1747749733589.0,23690.6,23698.6
1747749734497.0,23691.1,23699.1
1747749734696.0,23690.6,23698.6
1747749734896.0,23691.1,23699.1
1747749735178.0,23690.6,23698.6
1747749736064.0,23691.1,23699.1
1747749736265.0,23691.6,23699.6
1747749736464.0,23692.6,23700.6
1747749736663.0,23692.1,23700.1
1747749737959.0,23693.1,23701.1
1747749738160.0,23693.6,23701.6
1747749738360.0,23694.1,23702.1
1747749738760.0,23693.6,23701.6
1747749738959.0,23694.1,23702.1
1747749739160.0,23695.1,23703.1
1747749739359.0,23696.1,23704.1
1747749739699.0,23696.6,23704.6
1747749739899.0,23697.1,23705.1
1747749740790.0,23696.6,23704.6
1747749741327.0,23697.1,23705.1
1747749741956.0,23696.6,23704.6
1747749742154.0,23697.1,23705.1
1747749742758.0,23697.6,23705.6
1747749742956.0,23698.1,23706.1
1747749743687.0,23697.6,23705.6
1747749743889.0,23698.1,23706.1
1747749744913.0,23698.6,23706.6
1747749745109,,
1747749746612.0,23699.1,23707.1
1747749746811.0,23699.6,23707.6
1747749747012.0,23699.1,23707.1
1747749748108.0,23699.6,23707.6
1747749748626.0,23699.1,23707.1
1747749748991.0,23698.6,23706.6
1747749749190.0,23698.1,23706.1
1747749750417.0,23698.6,23706.6
1747749750615.0,23700.1,23708.1
1747749751509.0,23701.6,23709.6
1747749751710.0,23700.6,23708.6
1747749751909.0,23700.1,23708.1
1747749752455.0,23700.6,23708.6
1747749753039.0,23700.1,23708.1
1747749753535.0,23700.6,23708.6
1747749754463.0,23700.1,23708.1
1747749754661.0,23699.1,23707.1
1747749754860.0,23699.6,23707.6
1747749756014.0,23700.1,23708.1
1747749756213.0,23700.6,23708.6
1747749756416.0,23699.6,23707.6
1747749756813.0,23699.1,23707.1
1747749757012.0,23700.1,23708.1
1747749757513.0,23700.6,23708.6
1747749757711.0,23700.1,23708.1
1747749758293.0,23700.6,23708.6
1747749760050.0,23701.1,23709.1
1747749760449.0,23699.6,23707.6
1747749761504.0,23698.1,23706.1
1747749761704.0,23699.1,23707.1
1747749762028.0,23699.6,23707.6
1747749762227.0,23700.1,23708.1
1747749764110.0,23699.6,23707.6
1747749764525.0,23700.1,23708.1
1747749765849.0,23699.6,23707.6
1747749766045.0,23699.1,23707.1
1747749766447.0,23699.1,23707.1
1747749767156.0,23698.6,23706.6
1747749767358.0,23697.1,23705.1
1747749768071.0,23697.6,23705.6
1747749768267.0,23698.1,23706.1
1747749768468.0,23699.1,23707.1
1747749768869.0,23698.1,23706.1
1747749770736.0,23698.6,23706.6
1747749771118.0,23698.1,23706.1
1747749771319.0,23697.6,23705.6
1747749771975.0,23698.1,23706.1
1747749772176.0,23699.1,23707.1
1747749773206.0,23698.6,23706.6
1747749773404.0,23698.1,23706.1
1747749775896.0,23696.1,23704.1
1747749776296.0,23693.6,23701.6
1747749776734.0,23692.1,23700.1
1747749776933.0,23691.1,23699.1
1747749777133.0,23690.6,23698.6
1747749777337.0,23688.6,23696.6
1747749777736.0,23690.1,23698.1
1747749777936.0,23689.6,23697.6
1747749778134.0,23690.1,23698.1
1747749778333.0,23690.6,23698.6
1747749778735.0,23689.6,23697.6
1747749778932.0,23690.1,23698.1
1747749779134.0,23690.6,23698.6
1747749779429.0,23690.1,23698.1
1747749780111.0,23690.6,23698.6
1747749780512.0,23691.6,23699.6
1747749780711.0,23691.1,23699.1
1747749780911.0,23690.6,23698.6
1747749781314.0,23692.1,23700.1
1747749781896.0,23692.1,23700.1
1747749782409.0,23692.6,23700.6
1747749782608.0,23692.1,23700.1
1747749783448.0,23691.6,23699.6
1747749783646.0,23691.1,23699.1
1747749784171.0,23691.6,23699.6
1747749784567.0,23693.1,23701.1
1747749784837.0,23693.6,23701.6
1747749785629.0,23694.1,23702.1
1747749786625.0,23693.6,23701.6
1747749788737.0,23693.1,23701.1
1747749790062.0,23693.6,23701.6
1747749790261.0,23696.1,23704.1
1747749790458.0,23697.1,23705.1
1747749790661.0,23696.1,23704.1
1747749791062.0,23694.1,23702.1
1747749791852.0,23693.6,23701.6
1747749792051.0,23695.1,23703.1
1747749792251.0,23696.1,23704.1
1747749792453.0,23695.1,23703.1
1747749792757.0,23695.6,23703.6
1747749792958.0,23695.1,23703.1
1747749793790.0,23694.6,23702.6
1747749793987.0,23694.1,23702.1
1747749794505,,
1747749795303.0,23694.6,23702.6
1747749795706.0,23694.6,23702.6
1747749795902.0,23694.1,23702.1
1747749796247.0,23694.6,23702.6
1747749796445.0,23695.1,23703.1
1747749796704.0,23695.6,23703.6
1747749797272.0,23695.1,23703.1
1747749798353.0,23695.6,23703.6
1747749798551.0,23696.1,23704.1
1747749799207.0,23697.1,23705.1
1747749799660.0,23697.6,23705.6
1747749800059.0,23695.6,23703.6
1747749800259.0,23696.1,23704.1
1747749801854.0,23696.6,23704.6
1747749802048.0,23696.1,23704.1
1747749802489.0,23696.6,23704.6
1747749802708.0,23697.1,23705.1
1747749802940.0,23697.6,23705.6
1747749803303.0,23698.1,23706.1
1747749804375.0,23698.6,23706.6
1747749804775.0,23699.1,23707.1
1747749805175.0,23698.6,23706.6
1747749805374.0,23699.1,23707.1
1747749805894.0,23700.1,23708.1
1747749806144.0,23699.6,23707.6
1747749806376.0,23700.1,23708.1
1747749806575.0,23699.6,23707.6
1747749808062.0,23700.1,23708.1
1747749810195.0,23700.6,23708.6
1747749810396.0,23701.1,23709.1
1747749811683.0,23700.6,23708.6
1747749811949.0,23701.1,23709.1
1747749812512.0,23700.1,23708.1
1747749812711.0,23700.6,23708.6
1747749813021.0,23700.1,23708.1
1747749813988.0,23700.6,23708.6
1747749814383.0,23701.1,23709.1
1747749814580.0,23700.1,23708.1
1747749814995.0,23701.1,23709.1
1747749815539.0,23700.6,23708.6
1747749815733.0,23700.1,23708.1
1747749816070.0,23700.6,23708.6
1747749816271.0,23701.1,23709.1
1747749816470.0,23700.6,23708.6
1747749816870.0,23701.1,23709.1
1747749817245.0,23700.6,23708.6
1747749817446.0,23700.1,23708.1
1747749819308.0,23700.6,23708.6
1747749819507.0,23701.1,23709.1
1747749820035.0,23700.6,23708.6
1747749820433.0,23700.1,23708.1
1747749822020.0,23700.6,23708.6
1747749822220.0,23700.1,23708.1
1747749824111.0,23699.6,23707.6
1747749824310.0,23699.1,23707.1
1747749824995.0,23699.6,23707.6
1747749825194.0,23701.1,23709.1
1747749825403.0,23702.1,23710.1
1747749825799.0,23699.1,23707.1
1747749826571.0,23700.1,23708.1
1747749826815.0,23699.6,23707.6
1747749827143.0,23700.1,23708.1
1747749827548.0,23699.6,23707.6
1747749829256.0,23699.1,23707.1
1747749829451,,
1747749832049.0,23700.1,23708.1
1747749832579.0,23700.1,23708.1
1747749833224.0,23700.6,23708.6
1747749833423.0,23701.6,23709.6
1747749834388.0,23702.1,23710.1
1747749835396.0,23701.6,23709.6
1747749836552.0,23702.1,23710.1
1747749838731.0,23702.6,23710.6
1747749839602.0,23703.1,23711.1
1747749839853.0,23703.6,23711.6
1747749840054.0,23704.1,23712.1
1747749840326.0,23703.6,23711.6
1747749840525.0,23703.1,23711.1
1747749841354.0,23703.6,23711.6
1747749841753.0,23703.1,23711.1
1747749842023.0,23703.6,23711.6
1747749842496.0,23704.1,23712.1
1747749844518.0,23703.6,23711.6
1747749844717.0,23704.1,23712.1
1747749845455.0,23704.6,23712.6
1747749845656.0,23704.1,23712.1
1747749846043.0,23704.6,23712.6
1747749846241.0,23704.1,23712.1
1747749846459.0,23703.6,23711.6
1747749846657.0,23704.1,23712.1
1747749846915.0,23703.6,23711.6
1747749847107.0,23703.1,23711.1
1747749847506.0,23703.1,23711.1
1747749850367.0,23702.6,23710.6
1747749852303.0,23703.1,23711.1
1747749852503.0,23702.6,23710.6
1747749853155.0,23702.1,23710.1
1747749853355.0,23702.6,23710.6
1747749854009.0,23701.1,23709.1
1747749854205.0,23700.1,23708.1
1747749854608.0,23699.6,23707.6
1747749857093.0,23701.6,23709.6
1747749857293.0,23699.6,23707.6
1747749857492.0,23700.1,23708.1
1747749857828.0,23700.6,23708.6
1747749858029.0,23701.1,23709.1
1747749858670.0,23700.6,23708.6
1747749858957.0,23700.1,23708.1
1747749859492.0,23699.1,23707.1
1747749859736.0,23699.6,23707.6
1747749859933.0,23700.1,23708.1
1747749862157.0,23699.6,23707.6
1747749862354.0,23699.1,23707.1
1747749865410.0,23698.6,23706.6
1747749866225.0,23699.1,23707.1
1747749866764.0,23698.6,23706.6
1747749868385.0,23698.1,23706.1
1747749868585.0,23696.1,23704.1
1747749868905.0,23695.6,23703.6
1747749869107.0,23696.1,23704.1
1747749869306.0,23697.1,23705.1
1747749869773.0,23696.6,23704.6
1747749870267.0,23696.1,23704.1
1747749870464,,
1747749871189.0,23696.6,23704.6
1747749872293.0,23698.1,23706.1
1747749872493.0,23699.1,23707.1
1747749872694.0,23698.1,23706.1
1747749872892.0,23698.6,23706.6
1747749875291.0,23698.1,23706.1
1747749875542.0,23697.1,23705.1
1747749876274,,
1747749877549.0,23696.6,23704.6
1747749877748.0,23694.1,23702.1
1747749877949.0,23693.1,23701.1
1747749880876.0,23693.6,23701.6
1747749881077.0,23694.1,23702.1
1747749881653.0,23693.6,23701.6
1747749882176.0,23694.1,23702.1
1747749883648.0,23693.6,23701.6
1747749883845.0,23693.1,23701.1
1747749884986.0,23692.6,23700.6
1747749888199.0,23692.1,23700.1
1747749888687.0,23691.1,23699.1
1747749888884.0,23691.6,23699.6
1747749889282.0,23692.1,23700.1
1747749889481.0,23693.1,23701.1
1747749890487.0,23693.6,23701.6
1747749890687.0,23693.1,23701.1
1747749892574.0,23693.6,23701.6
1747749892772.0,23693.1,23701.1
1747749892971.0,23693.6,23701.6
1747749893239.0,23693.1,23701.1
1747749893437.0,23692.6,23700.6
1747749894994.0,23691.1,23699.1
1747749897273.0,23691.6,23699.6
1747749897473.0,23692.1,23700.1
1747749897921.0,23691.6,23699.6
1747749898119.0,23691.1,23699.1
1747749898909.0,23691.6,23699.6
1747749900271.0,23691.1,23699.1
1747749900470.0,23690.1,23698.1
1747749900873.0,23688.6,23696.6
1747749901071.0,23690.1,23698.1
1747749901790.0,23690.6,23698.6
1747749901988.0,23691.1,23699.1
1747749902188.0,23692.1,23700.1
1747749902397.0,23692.6,23700.6
1747749903097.0,23693.1,23701.1
1747749903297.0,23693.6,23701.6
1747749907633.0,23694.1,23702.1
1747749909679.0,23693.6,23701.6
1747749911402.0,23692.1,23700.1
1747749915215.0,23691.6,23699.6
1747749915409.0,23691.1,23699.1
1747749915612.0,23692.1,23700.1
1747749918032.0,23691.6,23699.6
1747749918626.0,23691.1,23699.1
1747749918828.0,23691.6,23699.6
1747749919529.0,23692.1,23700.1
1747749919728.0,23691.6,23699.6
1747749919929.0,23692.1,23700.1
1747749920284.0,23691.6,23699.6
1747749920645.0,23692.1,23700.1
1747749920844.0,23691.6,23699.6
1747749921246.0,23692.6,23700.6
1747749921585.0,23693.1,23701.1
1747749921790.0,23696.1,23704.1
1747749921985.0,23696.6,23704.6
1747749922185.0,23697.6,23705.6
1747749922383.0,23698.1,23706.1
1747749922921.0,23698.6,23706.6
1747749923122.0,23700.6,23708.6
1747749923320.0,23700.1,23708.1
1747749923884.0,23700.6,23708.6
1747749924083.0,23701.6,23709.6
1747749924282.0,23702.1,23710.1
1747749924765.0,23702.6,23710.6
1747749924984.0,23703.1,23711.1
1747749925451.0,23702.6,23710.6
1747749925651.0,23702.1,23710.1
1747749925887.0,23701.6,23709.6
1747749926270.0,23702.1,23710.1
1747749929170.0,23702.6,23710.6
1747749929369.0,23703.6,23711.6
1747749929655.0,23704.1,23712.1
1747749930369.0,23703.6,23711.6
1747749930828.0,23704.1,23712.1
1747749931240.0,23703.6,23711.6
1747749931640.0,23704.1,23712.1
1747749931838.0,23703.1,23711.1
1747749932040.0,23703.6,23711.6
1747749932239.0,23704.1,23712.1
1747749933715.0,23704.6,23712.6
1747749933914.0,23705.1,23713.1
1747749937499.0,23704.6,23712.6
1747749937697.0,23705.1,23713.1
1747749939076.0,23704.6,23712.6
1747749939275.0,23705.1,23713.1
1747749941677.0,23705.6,23713.6
1747749941878.0,23705.1,23713.1
1747749942828.0,23705.6,23713.6
1747749943286.0,23705.1,23713.1
1747749943687.0,23704.6,23712.6
1747749944805.0,23703.6,23711.6
1747749945211.0,23704.1,23712.1
1747749946271.0,23705.6,23713.6
1747749946467.0,23706.1,23714.1
1747749946667.0,23705.6,23713.6
1747749947112.0,23705.1,23713.1
1747749947313.0,23705.6,23713.6
1747749947721.0,23705.1,23713.1
1747749947919.0,23705.6,23713.6
1747749948387.0,23706.1,23714.1
1747749949450.0,23705.6,23713.6
1747749950073.0,23705.1,23713.1
1747749950472.0,23704.1,23712.1
1747749950672.0,23703.6,23711.6
1747749953393.0,23704.1,23712.1
1747749954177.0,23703.6,23711.6
1747749955508.0,23703.1,23711.1
1747749956565.0,23703.6,23711.6
1747749957502.0,23703.1,23711.1
1747749957836.0,23703.6,23711.6
1747749958107.0,23704.1,23712.1
1747749958306.0,23704.6,23712.6
1747749958584.0,23704.1,23712.1
1747749959853.0,23703.6,23711.6
1747749960475.0,23704.1,23712.1
1747749960676.0,23703.6,23711.6
1747749961242.0,23703.1,23711.1
1747749961442.0,23701.6,23709.6
1747749962013.0,23702.1,23710.1
1747749962215.0,23703.1,23711.1
1747749962566.0,23703.6,23711.6
1747749962765.0,23703.1,23711.1
1747749963165.0,23703.6,23711.6
1747749963880.0,23702.6,23710.6
1747749964079.0,23703.1,23711.1
1747749965681.0,23702.6,23710.6
1747749965878.0,23703.1,23711.1
1747749967029.0,23703.6,23711.6
1747749967225.0,23704.1,23712.1
1747749968190.0,23703.6,23711.6
1747749968391.0,23703.1,23711.1
1747749968712.0,23703.6,23711.6
1747749968913.0,23704.1,23712.1
1747749969364.0,23706.6,23714.6
1747749969565.0,23706.1,23714.1
1747749970070.0,23705.6,23713.6
1747749970265.0,23706.1,23714.1
1747749970923.0,23706.6,23714.6
1747749971122.0,23707.1,23715.1
1747749971932.0,23707.6,23715.6
1747749972599.0,23706.6,23714.6
1747749973660.0,23705.6,23713.6
1747749973860.0,23705.1,23713.1
1747749974257.0,23705.1,23713.1
1747749974835.0,23705.6,23713.6
1747749975035.0,23706.1,23714.1
1747749975300.0,23705.6,23713.6
1747749975498.0,23705.1,23713.1
1747749975697.0,23705.6,23713.6
1747749975899.0,23705.1,23713.1
1747749976633.0,23705.6,23713.6
1747749976831.0,23706.1,23714.1
1747749978626.0,23705.6,23713.6
1747749978829.0,23704.6,23712.6
1747749979225.0,23705.6,23713.6
1747749979424.0,23705.1,23713.1
1747749979913.0,23704.6,23712.6
1747749980113.0,23705.6,23713.6
1747749980312.0,23705.1,23713.1
1747749981026.0,23704.6,23712.6
1747749981542.0,23704.1,23712.1
1747749981741.0,23704.6,23712.6
1747749982391.0,23704.6,23712.6
1747749982590.0,23705.1,23713.1
1747749982791.0,23707.6,23715.6
1747749982991.0,23707.1,23715.1
1747749983979.0,23706.6,23714.6
1747749984178.0,23706.1,23714.1
1747749984378.0,23706.6,23714.6
1747749984746.0,23707.1,23715.1
1747749985804.0,23706.6,23714.6
1747749986205.0,23705.6,23713.6
1747749986402.0,23705.1,23713.1
1747749986787.0,23705.6,23713.6
1747749987370.0,23705.1,23713.1
1747749987884.0,23705.6,23713.6
1747749988495.0,23705.1,23713.1
1747749988792.0,23705.6,23713.6
1747749988990.0,23706.1,23714.1
1747749989393.0,23706.6,23714.6
1747749991022.0,23706.1,23714.1
1747749991220.0,23706.6,23714.6
1747749991476.0,23706.1,23714.1
1747749991675.0,23706.6,23714.6
1747749992424.0,23707.1,23715.1
1747749992624.0,23706.6,23714.6
1747749994560.0,23707.1,23715.1
1747749999156.0,23706.6,23714.6
1747750002175.0,23707.6,23715.6
1747750002373.0,23708.1,23716.1
1747750004866.0,23708.6,23716.6
1747750005466.0,23710.1,23718.1
1747750007020.0,23711.6,23719.6
1747750007991.0,23712.1,23720.1
1747750008399.0,23712.6,23720.6
1747750008799.0,23713.1,23721.1
1747750008998.0,23713.6,23721.6
1747750009253.0,23713.1,23721.1
1747750010371.0,23713.6,23721.6
1747750010570.0,23713.1,23721.1
1747750011433.0,23713.6,23721.6
1747750011632.0,23713.1,23721.1
1747750012763.0,23713.1,23721.1
1747750013681.0,23713.6,23721.6
1747750013879.0,23713.1,23721.1
1747750014206.0,23712.6,23720.6
1747750014915.0,23713.1,23721.1
1747750017369.0,23713.6,23721.6
1747750017568.0,23713.1,23721.1
1747750020339.0,23711.1,23719.1
1747750020537.0,23710.6,23718.6
1747750020738.0,23712.1,23720.1
1747750021247.0,23714.6,23722.6
1747750021443.0,23713.1,23721.1
1747750021841.0,23712.1,23720.1
1747750022255.0,23712.6,23720.6
1747750022735.0,23713.6,23721.6
1747750023166.0,23714.6,23722.6
1747750023364.0,23713.1,23721.1
1747750023811.0,23712.1,23720.1
1747750024210.0,23711.6,23719.6
1747750026091.0,23712.1,23720.1
1747750026290.0,23712.6,23720.6
1747750026489.0,23712.1,23720.1
1747750027482.0,23712.6,23720.6
1747750027680.0,23711.6,23719.6
1747750029275,,
1747750031730.0,23711.1,23719.1
1747750031922.0,23710.6,23718.6
1747750033982.0,23710.1,23718.1
1747750034187,,
1747750035222.0,23709.1,23717.1
1747750035957.0,23709.6,23717.6
1747750036158.0,23709.1,23717.1
1747750036654.0,23709.6,23717.6
1747750036852.0,23709.1,23717.1
1747750037275.0,23708.6,23716.6
1747750038082.0,23708.1,23716.1
1747750038283.0,23708.6,23716.6
1747750038494.0,23709.1,23717.1
1747750039110.0,23708.1,23716.1
1747750039318.0,23708.6,23716.6
1747750039676.0,23708.1,23716.1
1747750039875.0,23708.6,23716.6
1747750040074.0,23709.1,23717.1
1747750040655.0,23708.1,23716.1
1747750041030.0,23707.6,23715.6
1747750042460.0,23707.1,23715.1
1747750042661.0,23706.6,23714.6
1747750043056.0,23707.1,23715.1
1747750043256.0,23706.1,23714.1
1747750043456.0,23706.6,23714.6
1747750043747.0,23706.1,23714.1
1747750044007.0,23705.6,23713.6
1747750044669.0,23705.1,23713.1
1747750044863.0,23704.6,23712.6
1747750045713.0,23704.1,23712.1
1747750045914.0,23702.6,23710.6
1747750046112.0,23702.1,23710.1
1747750046512.0,23703.6,23711.6
1747750046713.0,23704.1,23712.1
1747750046919.0,23705.1,23713.1
1747750047154.0,23704.6,23712.6
1747750048816.0,23705.1,23713.1
1747750049990.0,23704.6,23712.6
1747750050866.0,23705.1,23713.1
1747750052248.0,23705.1,23713.1
1747750053065.0,23704.6,23712.6
1747750053839.0,23704.1,23712.1
1747750054574.0,23704.6,23712.6
1747750054889.0,23705.1,23713.1
1747750057087.0,23704.6,23712.6
1747750057286.0,23704.1,23712.1
1747750058233.0,23704.6,23712.6
1747750058539.0,23705.1,23713.1
1747750059630.0,23705.6,23713.6
1747750061013.0,23706.1,23714.1
1747750061213.0,23706.6,23714.6
1747750061534.0,23706.1,23714.1
1747750061732.0,23706.6,23714.6
1747750062839.0,23706.6,23714.6
1747750063712.0,23706.1,23714.1
1747750064344.0,23706.6,23714.6
1747750065409.0,23706.1,23714.1
1747750065608.0,23705.6,23713.6
1747750067018.0,23705.1,23713.1
1747750067233.0,23705.6,23713.6
1747750067943.0,23705.1,23713.1
1747750068344.0,23705.6,23713.6
1747750068746.0,23705.6,23713.6
1747750068948.0,23706.6,23714.6
1747750069152.0,23707.6,23715.6
1747750070078.0,23708.1,23716.1
1747750070273.0,23707.6,23715.6
1747750071793.0,23707.1,23715.1
1747750071993.0,23706.1,23714.1
1747750072192.0,23706.6,23714.6
1747750072394.0,23707.6,23715.6
1747750072711.0,23707.1,23715.1
1747750072912.0,23706.1,23714.1
1747750073221.0,23706.6,23714.6
1747750074246.0,23706.1,23714.1
1747750075758.0,23705.6,23713.6
1747750076047.0,23705.1,23713.1
1747750076258.0,23705.6,23713.6
1747750076507.0,23706.1,23714.1
1747750076707.0,23706.6,23714.6
1747750076907.0,23705.6,23713.6
1747750077108.0,23706.1,23714.1
1747750077504.0,23705.6,23713.6
1747750077703.0,23705.1,23713.1
1747750078113.0,23705.6,23713.6
1747750078309.0,23706.1,23714.1
1747750078509.0,23705.6,23713.6
1747750079119.0,23705.6,23713.6
1747750079315.0,23706.1,23714.1
1747750079514.0,23705.6,23713.6
1747750079711.0,23706.1,23714.1
1747750080192.0,23705.6,23713.6
1747750080392.0,23704.6,23712.6
1747750081067.0,23705.6,23713.6
1747750081391.0,23706.1,23714.1
1747750081994.0,23705.6,23713.6
1747750082193.0,23706.1,23714.1
1747750083174.0,23705.6,23713.6
1747750083378.0,23706.1,23714.1
1747750083576.0,23705.6,23713.6
1747750083804.0,23706.1,23714.1
1747750084005.0,23705.6,23713.6
1747750084436.0,23706.1,23714.1
1747750084790.0,23705.6,23713.6
1747750085206.0,23705.1,23713.1
1747750085391.0,23704.1,23712.1
1747750085965.0,23704.6,23712.6
1747750087394.0,23705.1,23713.1
1747750087594.0,23705.6,23713.6
1747750088034.0,23707.1,23715.1
1747750088756.0,23706.6,23714.6
1747750089158.0,23705.6,23713.6
1747750089358.0,23704.6,23712.6
1747750089558.0,23704.1,23712.1
1747750089956.0,23704.1,23712.1
1747750090159.0,23705.1,23713.1
1747750090358.0,23704.6,23712.6
1747750090757.0,23704.6,23712.6
1747750091582.0,23705.1,23713.1
1747750094366.0,23705.6,23713.6
1747750094822.0,23705.1,23713.1
1747750096104.0,23705.6,23713.6
1747750096300.0,23704.6,23712.6
1747750098723.0,23706.1,23714.1
1747750098923.0,23705.6,23713.6
1747750099123.0,23705.1,23713.1
1747750099573.0,23705.6,23713.6
1747750099775.0,23708.1,23716.1
1747750103605.0,23707.6,23715.6
1747750104438.0,23706.1,23714.1
1747750104636.0,23705.6,23713.6
1747750104836.0,23705.1,23713.1
1747750105351.0,23705.6,23713.6
1747750105550.0,23705.1,23713.1
1747750108335.0,23704.6,23712.6
1747750108534.0,23704.1,23712.1
1747750108734.0,23705.1,23713.1
1747750109159.0,23704.6,23712.6
1747750109706.0,23705.1,23713.1
1747750109902.0,23704.6,23712.6
1747750110175.0,23705.1,23713.1
1747750110459.0,23704.6,23712.6
1747750110657.0,23705.1,23713.1
1747750110856.0,23704.6,23712.6
1747750111057.0,23705.1,23713.1
1747750111951.0,23704.6,23712.6
1747750112145.0,23705.1,23713.1
1747750115205.0,23704.6,23712.6
1747750115405.0,23705.1,23713.1
1747750115695.0,23705.6,23713.6
1747750117826.0,23705.1,23713.1
1747750118024.0,23704.1,23712.1
1747750119565.0,23704.6,23712.6
1747750120562.0,23705.1,23713.1
1747750122164.0,23705.6,23713.6
1747750122364.0,23707.6,23715.6
1747750122564.0,23707.1,23715.1
1747750123147.0,23707.6,23715.6
1747750123547.0,23706.1,23714.1
1747750125788.0,23706.6,23714.6
1747750126292.0,23706.1,23714.1
1747750127088.0,23706.1,23714.1
1747750127488.0,23706.6,23714.6
1747750127687.0,23706.1,23714.1
1747750128843.0,23705.6,23713.6
1747750129041.0,23705.1,23713.1
1747750130104.0,23705.6,23713.6
1747750131148.0,23705.1,23713.1
1747750131382.0,23705.6,23713.6
1747750131583.0,23707.6,23715.6
1747750131983.0,23707.1,23715.1
1747750132793.0,23707.6,23715.6
1747750133338.0,23707.6,23715.6
1747750133537.0,23707.1,23715.1
1747750133738.0,23706.6,23714.6
1747750133973.0,23707.1,23715.1
1747750135226.0,23706.1,23714.1
1747750136958.0,23705.6,23713.6
1747750137361.0,23705.6,23713.6
1747750137667.0,23706.1,23714.1
1747750137866.0,23705.6,23713.6
1747750138916.0,23706.1,23714.1
1747750140187.0,23705.6,23713.6
1747750140529.0,23705.1,23713.1
1747750140728.0,23704.1,23712.1
1747750141129.0,23703.1,23711.1
1747750141328.0,23704.6,23712.6
1747750141731.0,23705.1,23713.1
1747750141930.0,23706.1,23714.1
1747750142555.0,23705.6,23713.6
1747750142752.0,23705.1,23713.1
1747750144632.0,23705.6,23713.6
1747750144831.0,23706.1,23714.1
1747750145546.0,23706.6,23714.6
1747750145745.0,23706.1,23714.1
1747750145945.0,23704.6,23712.6
1747750147429.0,23705.6,23713.6
1747750147982.0,23705.1,23713.1
1747750148182.0,23705.6,23713.6
1747750148384.0,23705.1,23713.1
1747750149417.0,23705.6,23713.6
1747750149618.0,23706.1,23714.1
1747750149818.0,23705.1,23713.1
1747750150017.0,23705.6,23713.6
1747750150415.0,23706.1,23714.1
1747750150616.0,23706.6,23714.6
1747750150843.0,23707.1,23715.1
1747750151042.0,23706.6,23714.6
1747750151551.0,23706.1,23714.1
1747750151859.0,23706.6,23714.6
1747750152259.0,23708.1,23716.1
1747750154190.0,23708.6,23716.6
1747750154389.0,23708.1,23716.1
1747750154614.0,23708.6,23716.6
1747750154993.0,23708.1,23716.1
1747750155846.0,23707.6,23715.6
1747750156608.0,23708.1,23716.1
1747750157544.0,23707.6,23715.6
1747750157741.0,23707.1,23715.1
1747750158068.0,23707.6,23715.6
1747750158266.0,23708.1,23716.1
1747750159338.0,23707.6,23715.6
1747750160372.0,23707.1,23715.1
1747750164654.0,23707.6,23715.6
1747750164849.0,23708.6,23716.6
1747750165260.0,23708.1,23716.1
1747750165545.0,23708.6,23716.6
1747750167371.0,23708.1,23716.1
1747750167570.0,23708.6,23716.6
1747750168253.0,23710.6,23718.6
1747750168453.0,23709.1,23717.1
1747750168987.0,23709.6,23717.6
1747750169186.0,23709.1,23717.1
1747750169577.0,23709.6,23717.6
1747750169908.0,23710.1,23718.1
1747750170197.0,23710.6,23718.6
1747750170397.0,23710.1,23718.1
1747750170608.0,23709.6,23717.6
1747750170806.0,23709.1,23717.1
1747750171208.0,23709.6,23717.6
1747750171411.0,23709.1,23717.1
1747750171812.0,23709.1,23717.1
1747750173135.0,23708.6,23716.6
1747750174191.0,23709.1,23717.1
1747750175459.0,23709.6,23717.6
1747750176779.0,23709.1,23717.1
1747750177209.0,23710.1,23718.1
1747750177411.0,23709.1,23717.1
1747750177722.0,23708.6,23716.6
1747750177971.0,23708.1,23716.1
1747750178370.0,23708.6,23716.6
1747750178571.0,23708.1,23716.1
1747750180526.0,23708.6,23716.6
1747750180725.0,23709.6,23717.6
1747750180924.0,23710.1,23718.1
1747750181357.0,23709.6,23717.6
1747750181556.0,23709.1,23717.1
1747750182025.0,23708.6,23716.6
1747750182515.0,23709.1,23717.1
1747750182770.0,23709.6,23717.6
1747750183177.0,23710.1,23718.1
1747750184245.0,23709.6,23717.6
1747750184444.0,23710.1,23718.1
1747750185130.0,23710.6,23718.6
1747750185779.0,23710.1,23718.1
1747750186176.0,23710.6,23718.6
1747750186376.0,23710.1,23718.1
1747750186909.0,23710.6,23718.6
1747750187109.0,23713.1,23721.1
1747750187310.0,23712.6,23720.6
1747750189092.0,23712.1,23720.1
1747750189292.0,23710.1,23718.1
1747750189540.0,23710.6,23718.6
1747750189738.0,23711.1,23719.1
1747750190176.0,23711.6,23719.6
1747750190376.0,23711.1,23719.1
1747750190577.0,23712.1,23720.1
1747750194837.0,23712.6,23720.6
1747750195038.0,23713.1,23721.1
1747750195592.0,23713.6,23721.6
1747750195792.0,23713.1,23721.1
1747750196108.0,23713.6,23721.6
1747750196307.0,23713.1,23721.1
1747750196711.0,23713.1,23721.1
1747750197105.0,23713.6,23721.6
1747750197376.0,23713.1,23721.1
1747750197825.0,23713.6,23721.6
1747750198024.0,23713.1,23721.1
1747750198938.0,23713.6,23721.6
1747750199323.0,23713.1,23721.1
1747750200154.0,23712.6,23720.6
1747750200647.0,23712.1,23720.1
1747750201248.0,23713.1,23721.1
1747750201590.0,23713.6,23721.6
1747750201862.0,23713.1,23721.1
1747750202941.0,23712.6,23720.6
1747750203142.0,23712.1,23720.1
1747750203341.0,23711.6,23719.6
1747750204220.0,23711.1,23719.1
1747750204451.0,23711.6,23719.6
1747750204862.0,23711.1,23719.1
1747750205631.0,23711.6,23719.6
1747750206136.0,23711.1,23719.1
1747750206480.0,23711.6,23719.6
1747750206772.0,23711.1,23719.1
1747750206973.0,23711.6,23719.6
1747750207173.0,23711.1,23719.1
1747750208332.0,23711.6,23719.6
1747750208529.0,23711.1,23719.1
1747750208729.0,23711.6,23719.6
1747750208958.0,23711.1,23719.1
1747750209222.0,23711.6,23719.6
1747750209421.0,23711.1,23719.1
1747750209895.0,23711.6,23719.6
1747750210521.0,23711.1,23719.1
1747750211017.0,23710.6,23718.6
1747750212106.0,23711.1,23719.1
1747750212509.0,23711.6,23719.6
1747750212713.0,23711.1,23719.1
1747750214397.0,23708.1,23716.1
1747750214597.0,23709.1,23717.1
1747750215219.0,23708.6,23716.6
1747750215480.0,23709.1,23717.1
1747750215685.0,23708.6,23716.6
1747750215887.0,23709.1,23717.1
1747750217510.0,23709.6,23717.6
1747750217908.0,23710.6,23718.6
1747750218115.0,23711.1,23719.1
1747750218308.0,23711.6,23719.6
1747750218708.0,23711.6,23719.6
1747750219161.0,23713.1,23721.1
1747750220139.0,23712.6,23720.6
1747750221006.0,23713.1,23721.1
1747750221405.0,23711.1,23719.1
1747750221624.0,23710.6,23718.6
1747750221824.0,23711.1,23719.1
1747750222231.0,23710.1,23718.1
1747750222429.0,23708.6,23716.6
1747750223768.0,23708.1,23716.1
1747750223966.0,23707.1,23715.1
1747750224722.0,23707.6,23715.6
1747750224921.0,23708.1,23716.1
1747750225772.0,23709.1,23717.1
1747750225971.0,23708.1,23716.1
1747750227608.0,23708.6,23716.6
1747750227923.0,23709.1,23717.1
1747750228490.0,23708.6,23716.6
1747750228889.0,23709.1,23717.1
1747750231255.0,23708.6,23716.6
1747750231453.0,23708.1,23716.1
1747750234037.0,23708.6,23716.6
1747750234243.0,23709.1,23717.1
1747750234695.0,23708.6,23716.6
1747750234956.0,23708.1,23716.1
1747750236124.0,23707.6,23715.6
1747750236323.0,23707.1,23715.1
1747750236764.0,23707.6,23715.6
1747750237164.0,23707.6,23715.6
1747750238222.0,23708.1,23716.1
1747750238419.0,23709.1,23717.1
1747750239040.0,23710.1,23718.1
1747750240681.0,23709.6,23717.6
1747750240879.0,23709.1,23717.1
1747750241098.0,23709.6,23717.6
1747750242017.0,23710.1,23718.1
1747750242292.0,23709.6,23717.6
1747750242623.0,23710.1,23718.1
1747750243084.0,23709.6,23717.6
1747750243285.0,23709.1,23717.1
1747750243763.0,23709.6,23717.6
1747750243961.0,23710.1,23718.1
1747750244575.0,23710.6,23718.6
1747750244774.0,23712.1,23720.1
1747750245243.0,23711.6,23719.6
1747750245446.0,23711.1,23719.1
1747750246087.0,23711.6,23719.6
1747750247897.0,23712.1,23720.1
1747750249287.0,23711.6,23719.6
1747750249789.0,23712.1,23720.1
1747750251991.0,23711.6,23719.6
1747750253378.0,23712.1,23720.1
1747750255363.0,23711.6,23719.6
1747750255562.0,23710.1,23718.1
1747750255762.0,23709.1,23717.1
1747750256262.0,23708.6,23716.6
1747750256463.0,23708.1,23716.1
1747750256662.0,23708.6,23716.6
1747750256910.0,23709.1,23717.1
1747750257109.0,23708.6,23716.6
1747750257510.0,23709.1,23717.1
1747750258156.0,23708.6,23716.6
1747750258353.0,23708.1,23716.1
1747750258962.0,23708.6,23716.6
1747750259359.0,23708.6,23716.6
1747750259560.0,23709.1,23717.1
1747750259762.0,23708.6,23716.6
1747750260192.0,23708.1,23716.1
1747750260391.0,23708.6,23716.6
1747750260991.0,23709.6,23717.6
1747750261191.0,23709.1,23717.1
1747750262115.0,23709.6,23717.6
1747750262313.0,23712.1,23720.1
1747750262512.0,23713.1,23721.1
1747750262912.0,23713.1,23721.1
1747750263144.0,23712.6,23720.6
1747750263470.0,23712.1,23720.1
1747750263670.0,23711.1,23719.1
1747750264523.0,23711.6,23719.6
1747750264723.0,23712.1,23720.1
1747750264923.0,23711.6,23719.6
1747750265123.0,23711.1,23719.1
1747750267310.0,23710.6,23718.6
1747750267625.0,23710.1,23718.1
1747750268024.0,23709.6,23717.6
1747750268222.0,23709.1,23717.1
1747750268513.0,23709.6,23717.6
1747750268713.0,23709.1,23717.1
1747750269571.0,23709.6,23717.6
1747750270970.0,23709.1,23717.1
1747750271605.0,23710.1,23718.1
1747750271804.0,23709.1,23717.1
1747750272437.0,23708.6,23716.6
1747750272637.0,23708.1,23716.1
1747750273187.0,23707.6,23715.6
1747750273375.0,23708.1,23716.1
1747750274209.0,23708.6,23716.6
1747750274410.0,23709.1,23717.1
1747750274814.0,23708.6,23716.6
1747750275014.0,23709.1,23717.1
1747750277596.0,23708.6,23716.6
1747750277793.0,23708.1,23716.1
1747750277997.0,23708.6,23716.6
1747750278197.0,23709.1,23717.1
1747750278737.0,23708.6,23716.6
1747750278935.0,23709.1,23717.1
1747750279136.0,23708.6,23716.6
1747750279746.0,23708.1,23716.1
1747750279946.0,23707.1,23715.1
1747750282322.0,23706.6,23714.6
1747750282524.0,23706.1,23714.1
1747750282723.0,23705.6,23713.6
1747750282922.0,23706.1,23714.1
1747750284271.0,23705.6,23713.6
1747750285212.0,23706.1,23714.1
1747750286509.0,23706.6,23714.6
1747750287104.0,23707.1,23715.1
1747750287302.0,23706.6,23714.6
1747750287502.0,23707.1,23715.1
1747750287755.0,23706.6,23714.6
1747750287956.0,23705.6,23713.6
1747750288774.0,23704.6,23712.6
1747750289491.0,23704.6,23712.6
1747750289894.0,23705.1,23713.1
1747750290796.0,23704.6,23712.6
1747750290999.0,23704.1,23712.1
1747750292131.0,23703.6,23711.6
1747750292330.0,23703.1,23711.1
1747750294650.0,23702.6,23710.6
1747750294850.0,23703.1,23711.1
1747750295682.0,23702.6,23710.6
1747750295882.0,23702.1,23710.1
1747750296387.0,23702.6,23710.6
1747750299242.0,23702.1,23710.1
1747750299439.0,23704.1,23712.1
1747750299640.0,23704.6,23712.6
1747750300267.0,23704.1,23712.1
1747750300468.0,23704.6,23712.6
1747750300763.0,23705.1,23713.1
1747750300963.0,23707.1,23715.1
1747750301362.0,23708.1,23716.1
1747750301599.0,23707.6,23715.6
1747750301796.0,23707.1,23715.1
1747750301996.0,23706.6,23714.6
1747750302398.0,23707.1,23715.1
1747750303159.0,23707.6,23715.6
1747750303358.0,23708.1,23716.1
1747750304045.0,23707.6,23715.6
1747750304248.0,23707.1,23715.1
1747750305472.0,23707.6,23715.6
1747750305678.0,23708.6,23716.6
1747750305869.0,23709.1,23717.1
1747750306729.0,23708.6,23716.6
1747750306972.0,23709.1,23717.1
1747750307210.0,23708.6,23716.6
1747750307411.0,23708.1,23716.1
1747750308453.0,23708.6,23716.6
1747750308651.0,23708.1,23716.1
1747750309011.0,23707.6,23715.6
1747750309211.0,23707.1,23715.1
1747750309412.0,23707.6,23715.6
1747750309811.0,23708.6,23716.6
1747750310509.0,23709.1,23717.1
1747750312403.0,23709.6,23717.6
1747750312602.0,23710.1,23718.1
1747750314295.0,23709.6,23717.6
1747750315007.0,23710.1,23718.1
1747750315462.0,23710.6,23718.6
1747750315660.0,23710.1,23718.1
1747750316017.0,23709.6,23717.6
1747750318244.0,23708.6,23716.6
1747750318445.0,23709.1,23717.1
1747750319971.0,23708.6,23716.6
1747750320169.0,23708.1,23716.1
1747750320370.0,23707.6,23715.6
1747750321011.0,23707.1,23715.1
1747750321221.0,23706.1,23714.1
1747750322866.0,23705.6,23713.6
1747750323067.0,23705.1,23713.1
1747750323793.0,23704.6,23712.6
1747750323994.0,23703.1,23711.1
1747750325336.0,23703.6,23711.6
1747750325535.0,23704.1,23712.1
1747750325803.0,23703.6,23711.6
1747750326004.0,23704.1,23712.1
1747750327134.0,23703.6,23711.6
1747750327333.0,23703.1,23711.1
1747750329887.0,23702.1,23710.1
1747750330086.0,23702.6,23710.6
1747750330937.0,23702.1,23710.1
1747750331456.0,23702.6,23710.6
1747750331660.0,23702.1,23710.1
1747750332426.0,23702.6,23710.6
1747750332626.0,23703.1,23711.1
1747750333077.0,23702.6,23710.6
1747750333568.0,23702.1,23710.1
1747750335211.0,23702.6,23710.6
1747750335410.0,23702.1,23710.1
1747750336012.0,23701.1,23709.1
1747750336211.0,23699.1,23707.1
1747750336415.0,23698.6,23706.6
1747750336615.0,23699.1,23707.1
1747750337467.0,23698.6,23706.6
1747750337674.0,23697.6,23705.6
1747750343159.0,23698.1,23706.1
1747750343557.0,23699.1,23707.1
1747750343768.0,23699.6,23707.6
1747750345111.0,23700.1,23708.1
1747750345576.0,23701.1,23709.1
1747750345775.0,23701.6,23709.6
1747750347239.0,23700.1,23708.1
1747750347692.0,23700.6,23708.6
1747750347891.0,23701.1,23709.1
1747750348687.0,23701.6,23709.6
1747750349085.0,23701.6,23709.6
1747750349284.0,23701.1,23709.1
1747750356644.0,23700.6,23708.6
1747750358282.0,23700.1,23708.1
1747750358480,,
1747750359740.0,23700.6,23708.6
1747750360532.0,23701.1,23709.1
1747750361181.0,23701.6,23709.6
1747750361581.0,23702.6,23710.6
1747750361780.0,23703.1,23711.1
1747750362118.0,23702.6,23710.6
1747750362402.0,23702.1,23710.1
1747750362603.0,23701.6,23709.6
1747750362802.0,23702.1,23710.1
1747750362998.0,23702.6,23710.6
1747750363282.0,23703.1,23711.1
1747750365778.0,23702.6,23710.6
1747750365976.0,23702.1,23710.1
1747750368606.0,23702.6,23710.6
1747750369539.0,23703.1,23711.1
1747750370150.0,23703.6,23711.6
1747750370732.0,23704.1,23712.1
1747750370930.0,23703.6,23711.6
1747750371821.0,23703.1,23711.1
1747750374345.0,23705.1,23713.1
1747750374576.0,23704.6,23712.6
1747750374774.0,23704.1,23712.1
1747750374974.0,23704.6,23712.6
1747750375176.0,23705.1,23713.1
1747750375433.0,23705.6,23713.6
1747750375631.0,23706.1,23714.1
1747750375830.0,23705.6,23713.6
1747750376032.0,23705.1,23713.1
1747750378731.0,23705.6,23713.6
1747750379273.0,23706.1,23714.1
1747750380050.0,23706.1,23714.1
1747750380862.0,23706.1,23714.1
1747750382956.0,23705.6,23713.6
1747750383217.0,23706.1,23714.1
1747750383670.0,23706.6,23714.6
1747750398058.0,23708.1,23716.1
1747750403186.0,23705.6,23713.6
1747750405221.0,23706.1,23714.1
1747750405535.0,23705.6,23713.6
1747750406458.0,23705.1,23713.1
1747750406816.0,23705.6,23713.6
1747750407120.0,23705.1,23713.1
1747750408282.0,23705.6,23713.6
1747750408481.0,23704.6,23712.6
1747750408967.0,23704.1,23712.1
1747750409455.0,23704.6,23712.6
1747750409653.0,23704.1,23712.1
1747750409855.0,23704.6,23712.6
1747750410053.0,23704.1,23712.1
1747750410790.0,23704.6,23712.6
1747750411071.0,23704.1,23712.1
1747750411638.0,23703.6,23711.6
1747750411836,,
1747750412038.0,23704.6,23712.6
1747750412991.0,23705.1,23713.1
1747750416007.0,23704.6,23712.6
1747750416241.0,23705.1,23713.1
1747750416914.0,23704.6,23712.6
1747750417113.0,23704.1,23712.1
1747750417311.0,23704.6,23712.6
1747750419111.0,23704.1,23712.1
1747750419427.0,23704.6,23712.6
1747750419627.0,23704.1,23712.1
1747750420171.0,23703.6,23711.6
1747750420368.0,23702.6,23710.6
1747750420566.0,23703.1,23711.1
1747750423121.0,23702.6,23710.6
1747750423320.0,23703.1,23711.1
1747750423544.0,23702.6,23710.6
1747750423744.0,23703.1,23711.1
1747750424011.0,23702.6,23710.6
1747750424209.0,23702.1,23710.1
1747750424411.0,23703.1,23711.1
1747750427906.0,23703.6,23711.6
1747750428997.0,23704.1,23712.1
1747750430306.0,23703.1,23711.1
1747750430504.0,23701.6,23709.6
1747750430807.0,23701.1,23709.1
1747750431572.0,23701.6,23709.6
1747750431770.0,23701.1,23709.1
1747750433156.0,23701.6,23709.6
1747750433354.0,23701.1,23709.1
1747750435892.0,23701.6,23709.6
1747750437747.0,23703.1,23711.1
1747750438120.0,23703.6,23711.6
1747750438318.0,23704.1,23712.1
1747750439192.0,23704.6,23712.6
1747750439390.0,23704.1,23712.1
1747750439590.0,23704.6,23712.6
1747750439913.0,23704.1,23712.1
1747750440331.0,23703.6,23711.6
1747750441135.0,23704.1,23712.1
1747750441530.0,23704.6,23712.6
1747750442552.0,23704.1,23712.1
1747750442752.0,23704.6,23712.6
1747750443131.0,23704.1,23712.1
1747750443487.0,23703.6,23711.6
1747750443686.0,23702.1,23710.1
1747750444133.0,23701.6,23709.6
1747750444332.0,23701.1,23709.1
1747750444829.0,23701.6,23709.6
1747750445028.0,23701.1,23709.1
1747750445229.0,23702.1,23710.1
1747750446071.0,23701.6,23709.6
1747750446468.0,23699.6,23707.6
1747750446666.0,23700.1,23708.1
1747750446868.0,23699.6,23707.6
1747750447068.0,23699.1,23707.1
1747750447750.0,23698.6,23706.6
1747750447948.0,23699.1,23707.1
1747750448847.0,23698.6,23706.6
1747750449048.0,23698.1,23706.1
1747750449447.0,23699.1,23707.1
1747750449646.0,23698.6,23706.6
1747750449855.0,23698.1,23706.1
1747750450656.0,23697.6,23705.6
1747750450955.0,23698.1,23706.1
1747750451865.0,23697.6,23705.6
1747750452063.0,23696.1,23704.1
1747750452464.0,23696.6,23704.6
1747750452783.0,23696.1,23704.1
1747750454283.0,23695.6,23703.6
1747750454480.0,23694.6,23702.6
1747750455791.0,23695.1,23703.1
1747750456571.0,23694.6,23702.6
1747750456971.0,23695.1,23703.1
1747750457170.0,23694.6,23702.6
1747750457586.0,23694.1,23702.1
1747750458360.0,23694.6,23702.6
1747750458573.0,23694.1,23702.1
1747750458773.0,23694.6,23702.6
1747750459375.0,23694.1,23702.1
1747750459773.0,23694.1,23702.1
1747750460868.0,23693.6,23701.6
1747750461066.0,23693.1,23701.1
1747750461619.0,23693.6,23701.6
1747750462011.0,23693.1,23701.1
1747750462757.0,23693.6,23701.6
1747750462953.0,23693.1,23701.1
1747750463155.0,23694.1,23702.1
1747750464529.0,23693.6,23701.6
1747750464834.0,23694.1,23702.1
1747750465032.0,23693.6,23701.6
1747750465313.0,23694.1,23702.1
1747750465713.0,23694.1,23702.1
1747750466822.0,23693.6,23701.6
1747750467110.0,23694.1,23702.1
1747750469891.0,23693.6,23701.6
1747750470556.0,23694.1,23702.1
1747750473980.0,23693.6,23701.6
1747750474177.0,23693.1,23701.1
1747750474851.0,23693.6,23701.6
1747750475110.0,23694.1,23702.1
1747750475311.0,23693.6,23701.6
1747750475835.0,23693.1,23701.1
1747750476282.0,23693.1,23701.1
1747750476483.0,23693.6,23701.6
1747750476722.0,23693.1,23701.1
1747750478203.0,23693.6,23701.6
1747750478400.0,23694.1,23702.1
1747750478603.0,23693.1,23701.1
1747750481737.0,23693.6,23701.6
1747750482097.0,23693.1,23701.1
1747750482533.0,23693.6,23701.6
1747750483407.0,23693.1,23701.1
1747750485624.0,23692.1,23700.1
1747750485823.0,23693.6,23701.6
1747750487560.0,23695.1,23703.1
1747750489956.0,23695.6,23703.6
1747750490155.0,23695.1,23703.1
1747750490631.0,23695.1,23703.1
1747750490830.0,23694.1,23702.1
1747750493125.0,23694.6,23702.6
1747750493325.0,23694.1,23702.1
1747750499547.0,23693.6,23701.6
1747750499745.0,23693.1,23701.1
1747750500292.0,23693.6,23701.6
1747750500687.0,23694.6,23702.6
1747750500888.0,23695.1,23703.1
1747750501105.0,23695.6,23703.6
1747750501288.0,23695.1,23703.1
1747750501488.0,23695.6,23703.6
1747750502964.0,23696.6,23704.6
1747750503163.0,23696.1,23704.1
1747750504133.0,23695.6,23703.6
1747750504478.0,23696.1,23704.1
1747750504679.0,23695.6,23703.6
1747750504905.0,23696.1,23704.1
1747750505105.0,23695.6,23703.6
1747750505479.0,23696.1,23704.1
1747750505669.0,23695.6,23703.6
1747750506068.0,23696.1,23704.1
1747750506266.0,23697.1,23705.1
1747750506466.0,23696.1,23704.1
1747750507204.0,23696.6,23704.6
1747750507403.0,23698.1,23706.1
1747750507741.0,23697.6,23705.6
1747750507941.0,23697.1,23705.1
1747750508391.0,23696.1,23704.1
1747750509681.0,23695.6,23703.6
1747750509880.0,23696.1,23704.1
1747750510079.0,23695.6,23703.6
1747750510277.0,23696.1,23704.1
1747750511387.0,23696.6,23704.6
1747750511786.0,23696.6,23704.6
1747750511987.0,23697.1,23705.1
1747750512644.0,23696.6,23704.6
1747750513012.0,23697.1,23705.1
1747750513286.0,23696.6,23704.6
1747750513708.0,23696.6,23704.6
1747750513908.0,23696.1,23704.1
1747750514109.0,23698.1,23706.1
1747750516215.0,23698.6,23706.6
1747750520950.0,23698.1,23706.1
1747750521148.0,23697.1,23705.1
1747750521556.0,23696.1,23704.1
1747750521754.0,23695.6,23703.6
1747750522631.0,23696.1,23704.1
1747750522829.0,23695.6,23703.6
1747750523030.0,23696.1,23704.1
1747750524275.0,23695.6,23703.6
1747750524878.0,23695.1,23703.1
1747750525077.0,23694.1,23702.1
1747750525275.0,23693.6,23701.6
1747750525476.0,23694.1,23702.1
1747750526174.0,23693.1,23701.1
1747750527047.0,23692.6,23700.6
1747750527245.0,23692.1,23700.1
1747750528056.0,23691.6,23699.6
1747750528996.0,23691.1,23699.1
1747750529194.0,23692.1,23700.1
1747750530304.0,23691.6,23699.6
1747750530575.0,23691.1,23699.1
1747750531193.0,23690.6,23698.6
1747750531388,,
1747750532293.0,23691.6,23699.6
1747750532494.0,23692.1,23700.1
1747750534205.0,23691.6,23699.6
1747750534870.0,23693.1,23701.1
1747750535688.0,23693.6,23701.6
1747750535887.0,23694.6,23702.6
1747750536086.0,23694.1,23702.1
1747750536286.0,23695.1,23703.1
1747750537134.0,23694.6,23702.6
1747750537333.0,23694.1,23702.1
1747750537928.0,23694.6,23702.6
1747750538176.0,23694.1,23702.1
1747750538666.0,23694.6,23702.6
1747750538865.0,23694.1,23702.1
1747750539086.0,23694.6,23702.6
1747750539486.0,23694.6,23702.6
1747750540064.0,23694.1,23702.1
1747750540589.0,23694.6,23702.6
1747750541802.0,23694.1,23702.1
1747750542203.0,23696.1,23704.1
1747750543135.0,23695.1,23703.1
1747750543334.0,23696.1,23704.1
1747750543742.0,23696.6,23704.6
1747750544837.0,23696.1,23704.1
1747750545694.0,23696.6,23704.6
1747750547877.0,23698.1,23706.1
1747750548664.0,23698.6,23706.6
1747750548861.0,23700.1,23708.1
1747750549062.0,23699.1,23707.1
1747750549624.0,23698.6,23706.6
1747750550314.0,23698.6,23706.6
1747750550514.0,23699.1,23707.1
1747750550789.0,23698.6,23706.6
1747750550990.0,23699.1,23707.1
1747750552446.0,23699.6,23707.6
1747750552644.0,23700.1,23708.1
1747750553281.0,23698.6,23706.6
1747750554610.0,23699.1,23707.1
1747750554808.0,23700.1,23708.1
1747750555702.0,23699.6,23707.6
1747750555903.0,23699.1,23707.1
1747750557696.0,23699.6,23707.6
1747750558359.0,23700.1,23708.1
1747750558643.0,23700.6,23708.6
1747750558843.0,23701.1,23709.1
1747750559181.0,23700.6,23708.6
1747750559597.0,23700.1,23708.1
1747750560115.0,23699.6,23707.6
1747750560316.0,23700.1,23708.1
1747750560641.0,23700.6,23708.6
1747750561040.0,23699.1,23707.1
1747750561439.0,23699.1,23707.1
1747750561655.0,23699.6,23707.6
1747750561854.0,23700.1,23708.1
1747750562255.0,23698.6,23706.6
1747750563282.0,23699.1,23707.1
1747750565361.0,23698.6,23706.6
1747750565559.0,23698.1,23706.1
1747750565870.0,23698.6,23706.6
1747750566103.0,23699.1,23707.1
1747750566405.0,23698.6,23706.6
1747750566609.0,23699.1,23707.1
1747750567385.0,23698.1,23706.1
1747750568061.0,23697.6,23705.6
1747750568260.0,23698.1,23706.1
1747750568629.0,23698.6,23706.6
1747750568829.0,23699.1,23707.1
1747750570934.0,23699.6,23707.6
1747750571132.0,23700.1,23708.1
1747750573806.0,23699.6,23707.6
1747750574005.0,23699.1,23707.1
1747750580776.0,23699.6,23707.6
1747750581176.0,23699.1,23707.1
1747750582706.0,23699.6,23707.6
1747750582986.0,23700.1,23708.1
1747750583186.0,23701.1,23709.1
1747750584656.0,23701.6,23709.6
1747750584857.0,23701.1,23709.1
1747750586629.0,23701.6,23709.6
1747750589871.0,23700.6,23708.6
1747750590072.0,23700.1,23708.1
1747750590915.0,23700.6,23708.6
1747750591351.0,23700.1,23708.1
1747750591945.0,23699.6,23707.6
1747750592143.0,23700.1,23708.1
1747750592710.0,23700.6,23708.6
1747750594627.0,23700.1,23708.1
1747750597253.0,23700.6,23708.6
1747750598603.0,23700.1,23708.1
1747750601088.0,23699.6,23707.6
1747750601288.0,23700.1,23708.1
1747750602299.0,23699.6,23707.6
1747750603067.0,23700.1,23708.1
1747750603268.0,23699.1,23707.1
1747750603476.0,23698.6,23706.6
1747750604131.0,23698.1,23706.1
1747750604327.0,23696.6,23704.6
1747750604728.0,23697.1,23705.1
1747750606058.0,23696.6,23704.6
1747750606256.0,23696.1,23704.1
1747750606456.0,23697.1,23705.1
1747750606848.0,23696.6,23704.6
1747750607047.0,23696.1,23704.1
1747750610032.0,23696.6,23704.6
1747750610231.0,23696.1,23704.1
1747750611280.0,23696.6,23704.6
1747750613571.0,23696.1,23704.1
1747750614207.0,23696.6,23704.6
1747750614795.0,23696.1,23704.1
1747750616084.0,23695.6,23703.6
1747750616295.0,23695.1,23703.1
1747750616738.0,23695.6,23703.6
1747750616982.0,23695.1,23703.1
1747750617180.0,23695.6,23703.6
1747750617379.0,23697.1,23705.1
1747750617630.0,23697.6,23705.6
1747750617826.0,23697.1,23705.1
1747750618113.0,23696.6,23704.6
1747750618313.0,23696.1,23704.1
1747750619153.0,23696.6,23704.6
1747750619346.0,23697.1,23705.1
1747750620409.0,23696.6,23704.6
1747750620606.0,23696.1,23704.1
1747750621488.0,23695.6,23703.6
1747750621793.0,23695.1,23703.1
1747750622223.0,23694.1,23702.1
1747750624234.0,23694.6,23702.6
1747750624433.0,23695.1,23703.1
1747750625255.0,23694.6,23702.6
1747750625988.0,23695.1,23703.1
1747750627547.0,23694.6,23702.6
1747750627747.0,23694.1,23702.1
1747750627976.0,23694.6,23702.6
1747750628178.0,23695.1,23703.1
1747750632173.0,23694.6,23702.6
1747750632372.0,23694.1,23702.1
1747750632991.0,23693.6,23701.6
1747750633194.0,23693.1,23701.1
1747750636263.0,23692.6,23700.6
1747750636462.0,23693.1,23701.1
1747750637670.0,23692.6,23700.6
1747750637869.0,23692.1,23700.1
1747750638593.0,23692.6,23700.6
1747750638789.0,23693.1,23701.1
1747750640783.0,23693.6,23701.6
1747750640983.0,23695.1,23703.1
1747750641184.0,23694.1,23702.1
1747750641908.0,23694.6,23702.6
1747750642108.0,23695.1,23703.1
1747750643332.0,23695.6,23703.6
1747750643533.0,23696.1,23704.1
1747750643732.0,23695.6,23703.6
1747750643930.0,23696.1,23704.1
1747750644744.0,23695.6,23703.6
1747750645198.0,23695.1,23703.1
1747750645782.0,23694.6,23702.6
1747750645979.0,23693.6,23701.6
1747750646180.0,23693.1,23701.1
1747750651261.0,23692.6,23700.6
1747750651456.0,23693.1,23701.1
1747750651656.0,23692.1,23700.1
1747750651857.0,23694.1,23702.1
1747750653557.0,23694.6,23702.6
1747750653754.0,23695.1,23703.1
1747750654453.0,23695.6,23703.6
1747750654654.0,23696.1,23704.1
1747750655279.0,23695.6,23703.6
1747750655478.0,23695.1,23703.1
1747750656278.0,23694.6,23702.6
1747750656477.0,23695.1,23703.1
1747750657780.0,23696.1,23704.1
1747750657980.0,23696.6,23704.6
1747750658180.0,23696.1,23704.1
1747750660564.0,23696.6,23704.6
1747750660765.0,23697.6,23705.6
1747750661308.0,23698.6,23706.6
1747750661949.0,23698.1,23706.1
1747750662149.0,23698.6,23706.6
1747750662872.0,23699.1,23707.1
1747750663069.0,23700.1,23708.1
1747750663505.0,23700.6,23708.6
1747750663704.0,23701.1,23709.1
1747750665945.0,23700.6,23708.6
1747750666144.0,23701.1,23709.1
1747750667232.0,23700.6,23708.6
1747750667433.0,23699.6,23707.6
1747750667633.0,23700.1,23708.1
1747750668688.0,23699.6,23707.6
1747750668888.0,23698.1,23706.1
1747750669927.0,23698.6,23706.6
1747750670125.0,23700.1,23708.1
1747750670389.0,23699.6,23707.6
1747750670586.0,23699.1,23707.1
1747750672741.0,23699.6,23707.6
1747750672938.0,23700.6,23708.6
1747750673142.0,23700.1,23708.1
1747750673338.0,23701.1,23709.1
1747750674233.0,23701.6,23709.6
1747750674433.0,23702.1,23710.1
1747750674772.0,23701.6,23709.6
1747750674969.0,23701.1,23709.1
1747750675238.0,23700.6,23708.6
1747750675435.0,23700.1,23708.1
1747750678876.0,23700.6,23708.6
1747750679079.0,23701.1,23709.1
1747750680361.0,23700.6,23708.6
1747750681104.0,23700.1,23708.1
1747750681305.0,23700.6,23708.6
1747750681506.0,23699.1,23707.1
1747750681708.0,23698.6,23706.6
1747750682248.0,23698.1,23706.1
1747750683285.0,23698.6,23706.6
1747750683484.0,23696.1,23704.1
1747750683684.0,23697.1,23705.1
1747750683883.0,23696.1,23704.1
1747750685209.0,23695.6,23703.6
1747750685407.0,23695.1,23703.1
1747750685608,,
1747750685808.0,23694.6,23702.6
1747750686225.0,23695.1,23703.1
1747750691816.0,23695.6,23703.6
1747750692012.0,23696.6,23704.6
1747750692212.0,23696.1,23704.1
1747750693604.0,23696.6,23704.6
1747750696533.0,23697.1,23705.1
1747750696729.0,23696.6,23704.6
1747750697131.0,23695.6,23703.6
1747750697387.0,23696.1,23704.1
1747750697820.0,23695.6,23703.6
1747750698019.0,23696.6,23704.6
1747750698575.0,23696.1,23704.1
1747750699196.0,23695.6,23703.6
1747750700275.0,23695.1,23703.1
1747750700720.0,23695.6,23703.6
1747750700916.0,23696.1,23704.1
1747750701115.0,23695.6,23703.6
1747750701316.0,23696.1,23704.1
1747750702239.0,23696.6,23704.6
1747750702794.0,23696.1,23704.1
1747750706526.0,23695.6,23703.6
1747750706724.0,23696.1,23704.1
1747750707285.0,23695.6,23703.6
1747750708045.0,23696.1,23704.1
1747750708624.0,23696.6,23704.6
1747750708821.0,23696.1,23704.1
1747750709021.0,23696.6,23704.6
1747750709361.0,23696.1,23704.1
1747750710518.0,23696.6,23704.6
1747750710916.0,23696.1,23704.1
1747750712070.0,23695.6,23703.6
1747750712270.0,23693.6,23701.6
1747750712470.0,23694.1,23702.1
1747750712668.0,23694.6,23702.6
1747750713647.0,23694.1,23702.1
1747750713846.0,23694.6,23702.6
1747750714530.0,23695.1,23703.1
1747750715072.0,23695.6,23703.6
1747750715273.0,23696.6,23704.6
1747750715675.0,23696.1,23704.1
1747750715957.0,23696.6,23704.6
1747750716156.0,23696.1,23704.1
1747750716356.0,23696.6,23704.6
1747750717514.0,23696.1,23704.1
1747750718512.0,23695.6,23703.6
1747750718778.0,23696.1,23704.1
1747750719614.0,23695.6,23703.6
1747750720664.0,23694.1,23702.1
1747750721063.0,23693.6,23701.6
1747750721263.0,23694.1,23702.1
1747750721755.0,23693.6,23701.6
1747750721957.0,23693.1,23701.1
1747750722581.0,23693.6,23701.6
1747750722778.0,23694.1,23702.1
1747750724321.0,23693.6,23701.6
1747750724535.0,23693.1,23701.1
1747750724741.0,23693.6,23701.6
1747750725142.0,23692.6,23700.6
1747750725390.0,23693.1,23701.1
1747750725589.0,23692.1,23700.1
1747750725789.0,23693.1,23701.1
1747750725988.0,23692.6,23700.6
1747750726874.0,23693.1,23701.1
1747750728128.0,23693.6,23701.6
1747750728567.0,23694.1,23702.1
1747750729518.0,23693.6,23701.6
1747750729719.0,23693.1,23701.1
1747750730721.0,23693.6,23701.6
1747750730921.0,23694.1,23702.1
1747750731815.0,23693.6,23701.6
1747750732022.0,23693.1,23701.1
1747750733185.0,23694.1,23702.1
1747750735693.0,23693.6,23701.6
1747750735892.0,23693.1,23701.1
1747750736124.0,23693.6,23701.6
1747750736322.0,23693.1,23701.1
1747750736756.0,23692.6,23700.6
1747750736955.0,23693.1,23701.1
1747750737668.0,23692.6,23700.6
1747750740232.0,23693.1,23701.1
1747750740430.0,23693.6,23701.6
1747750741228.0,23692.6,23700.6
1747750742088.0,23693.1,23701.1
1747750742487,,
1747750742816.0,23694.1,23702.1
1747750743214,,
1747750752177.0,23694.6,23702.6
1747750762666.0,23693.1,23701.1
1747750763830.0,23693.6,23701.6
1747750764127.0,23694.1,23702.1
1747750764666.0,23693.6,23701.6
1747750766725.0,23693.1,23701.1
1747750767307.0,23692.6,23700.6
1747750767506.0,23693.1,23701.1
1747750767820.0,23692.6,23700.6
1747750768219.0,23691.1,23699.1
1747750768803.0,23691.6,23699.6
1747750769006.0,23692.6,23700.6
1747750770420.0,23691.6,23699.6
1747750772520.0,23691.1,23699.1
1747750773559.0,23691.6,23699.6
1747750773957.0,23693.1,23701.1
1747750774162.0,23693.6,23701.6
1747750774356.0,23693.1,23701.1
1747750775397.0,23692.6,23700.6
1747750775797.0,23693.1,23701.1
1747750775997.0,23692.6,23700.6
1747750776398.0,23692.6,23700.6
1747750777589.0,23693.1,23701.1
1747750779206.0,23693.6,23701.6
1747750779405.0,23694.1,23702.1
1747750782688.0,23693.6,23701.6
1747750783322.0,23694.1,23702.1
1747750783819.0,23693.6,23701.6
1747750784888.0,23694.1,23702.1
1747750785360.0,23693.6,23701.6
1747750785760.0,23693.1,23701.1
1747750787957.0,23692.6,23700.6
1747750788156.0,23691.6,23699.6
1747750788574.0,23692.1,23700.1
1747750790245.0,23692.6,23700.6
1747750793985.0,23693.6,23701.6
1747750794204.0,23693.1,23701.1
1747750795095.0,23693.6,23701.6
1747750795293.0,23692.6,23700.6
1747750796862.0,23693.1,23701.1
1747750797062.0,23694.1,23702.1
1747750797261.0,23695.6,23703.6
1747750797661.0,23696.1,23704.1
1747750798004.0,23695.6,23703.6
1747750798194.0,23695.1,23703.1
1747750802090.0,23695.6,23703.6
1747750802505.0,23695.1,23703.1
1747750804507.0,23695.6,23703.6
1747750805189.0,23695.1,23703.1
1747750806063.0,23695.6,23703.6
1747750806982.0,23695.1,23703.1
1747750807697.0,23695.6,23703.6
1747750807889.0,23694.1,23702.1
1747750808089.0,23693.1,23701.1
1747750809585.0,23692.6,23700.6
1747750809785.0,23692.1,23700.1
1747750809984.0,23691.1,23699.1
1747750810185.0,23691.6,23699.6
1747750810387.0,23691.1,23699.1
1747750812910.0,23691.6,23699.6
1747750813917.0,23692.1,23700.1
1747750818350.0,23691.6,23699.6
1747750819451.0,23691.1,23699.1
1747750819646.0,23690.6,23698.6
1747750820346.0,23691.1,23699.1
1747750820754.0,23691.6,23699.6
1747750820952.0,23692.1,23700.1
1747750822018.0,23691.1,23699.1
1747750822638.0,23690.6,23698.6
1747750822835.0,23691.1,23699.1
1747750825127.0,23691.6,23699.6
1747750825325.0,23691.1,23699.1
1747750826947.0,23690.6,23698.6
1747750831195.0,23691.1,23699.1
1747750831400.0,23690.6,23698.6
1747750836625.0,23691.1,23699.1
1747750836822,,
1747750837028.0,23691.6,23699.6
1747750837223.0,23693.1,23701.1
1747750837550.0,23692.6,23700.6
1747750838161,,
1747750838395.0,23692.1,23700.1
1747750838651.0,23692.6,23700.6
1747750838850.0,23692.1,23700.1
1747750839052.0,23692.6,23700.6
1747750839251.0,23692.1,23700.1
1747750841385.0,23692.6,23700.6
1747750841904.0,23692.1,23700.1
1747750842107.0,23692.6,23700.6
1747750842892.0,23692.1,23700.1
1747750843494.0,23692.6,23700.6
1747750844067.0,23692.1,23700.1
1747750845072.0,23692.6,23700.6
1747750845270.0,23692.1,23700.1
1747750846564.0,23692.6,23700.6
1747750846762.0,23691.6,23699.6
1747750849947.0,23692.1,23700.1
1747750850147.0,23692.6,23700.6
1747750850346.0,23692.1,23700.1
1747750851190.0,23691.6,23699.6
1747750851390.0,23690.6,23698.6
1747750851589.0,23691.1,23699.1
1747750851980.0,23691.6,23699.6
1747750852177.0,23692.1,23700.1
1747750853581.0,23692.6,23700.6
1747750854770.0,23693.6,23701.6
1747750855281.0,23692.1,23700.1
1747750855760.0,23692.6,23700.6
1747750855965.0,23693.6,23701.6
1747750856160.0,23693.1,23701.1
1747750860519.0,23693.6,23701.6
1747750861196,,
1747750861542.0,23695.1,23703.1
1747750862955.0,23696.1,23704.1
1747750863158.0,23693.1,23701.1
1747750863359.0,23692.6,23700.6
1747750863555.0,23693.1,23701.1
1747750864139.0,23692.6,23700.6
1747750864336.0,23692.1,23700.1
1747750864650.0,23692.6,23700.6
1747750865108.0,23693.1,23701.1
1747750865303.0,23692.1,23700.1
1747750866048.0,23692.6,23700.6
1747750866255.0,23693.1,23701.1
1747750866455.0,23692.1,23700.1
1747750866938.0,23692.6,23700.6
1747750867327.0,23693.1,23701.1
1747750868921.0,23690.1,23698.1
1747750869120.0,23689.6,23697.6
1747750869323.0,23690.1,23698.1
1747750869722.0,23690.1,23698.1
1747750870530.0,23689.1,23697.1
1747750871260.0,23688.6,23696.6
1747750873210.0,23689.1,23697.1
1747750873678.0,23688.6,23696.6
1747750875943.0,23689.1,23697.1
1747750876667.0,23689.6,23697.6
1747750876861.0,23690.1,23698.1
1747750878063.0,23689.6,23697.6
1747750878261.0,23689.1,23697.1
1747750884025.0,23689.6,23697.6
1747750884225.0,23690.1,23698.1
1747750884538.0,23689.6,23697.6
1747750884740.0,23689.1,23697.1
1747750885297.0,23690.6,23698.6
1747750885669.0,23690.1,23698.1
1747750885869.0,23689.1,23697.1
1747750886275.0,23690.1,23698.1
1747750886476.0,23691.6,23699.6
1747750886677.0,23692.6,23700.6
1747750886877.0,23693.1,23701.1
1747750888555.0,23693.6,23701.6
1747750889731.0,23694.1,23702.1
1747750889929.0,23693.1,23701.1
1747750890307.0,23693.6,23701.6
1747750891237.0,23694.1,23702.1
1747750891704.0,23693.6,23701.6
1747750892083.0,23694.1,23702.1
1747750893310.0,23694.1,23702.1
1747750893509.0,23693.6,23701.6
1747750895733.0,23693.1,23701.1
1747750895931.0,23692.1,23700.1
1747750896281.0,23691.6,23699.6
1747750896479.0,23691.1,23699.1
1747750903689.0,23691.6,23699.6
1747750904165.0,23691.1,23699.1
1747750905524.0,23692.6,23700.6
1747750905724.0,23693.1,23701.1
1747750906761.0,23693.6,23701.6
1747750907159.0,23695.1,23703.1
1747750907412.0,23694.6,23702.6
1747750907613.0,23694.1,23702.1
1747750909403.0,23694.6,23702.6
1747750909603.0,23694.1,23702.1
1747750911439.0,23693.6,23701.6
1747750912033.0,23693.1,23701.1
1747750912232.0,23692.1,23700.1
1747750912432.0,23691.6,23699.6
1747750912940.0,23691.1,23699.1
1747750914736.0,23691.1,23699.1
1747750914936.0,23690.6,23698.6
1747750915137.0,23691.1,23699.1
1747750916322.0,23690.6,23698.6
1747750916522.0,23689.6,23697.6
1747750916722.0,23689.1,23697.1
1747750917104.0,23688.6,23696.6
1747750917672.0,23689.1,23697.1
1747750920254.0,23688.6,23696.6
1747750920653.0,23688.6,23696.6
1747750923413.0,23689.1,23697.1
1747750923614.0,23688.6,23696.6
1747750924813.0,23688.1,23696.1
1747750926080.0,23688.6,23696.6
1747750927374.0,23689.1,23697.1
1747750927574.0,23688.6,23696.6
1747750927776.0,23687.1,23695.1
1747750928787.0,23687.6,23695.6
1747750930072.0,23689.1,23697.1
1747750930270.0,23689.6,23697.6
1747750931025.0,23689.1,23697.1
1747750931223.0,23689.6,23697.6
1747750933278.0,23689.1,23697.1
1747750933622.0,23688.6,23696.6
1747750933822.0,23688.1,23696.1
1747750935902.0,23688.6,23696.6
1747750937829.0,23688.1,23696.1
1747750938456.0,23688.6,23696.6
1747750941705.0,23688.1,23696.1
1747750941903.0,23687.6,23695.6
1747750942926.0,23688.6,23696.6
1747750943127.0,23689.1,23697.1
1747750945123.0,23688.6,23696.6
1747750945322.0,23687.6,23695.6
1747750946836.0,23687.1,23695.1
1747750947523,,
1747750947847.0,23687.6,23695.6
1747750948047.0,23688.1,23696.1
1747750948246.0,23687.1,23695.1
1747750948445.0,23688.1,23696.1
1747750948749.0,23687.6,23695.6
1747750948943.0,23687.1,23695.1
1747750951274.0,23686.6,23694.6
1747750951476.0,23687.1,23695.1
1747750954004.0,23686.6,23694.6
1747750954719.0,23687.1,23695.1
1747750955628.0,23687.6,23695.6
1747750955827.0,23687.1,23695.1
1747750956353.0,23687.6,23695.6
1747750956553.0,23688.1,23696.1
1747750957580.0,23688.1,23696.1
1747750960560.0,23688.1,23696.1
1747750963633.0,23687.6,23695.6
1747750964603.0,23686.6,23694.6
1747750964802.0,23685.6,23693.6
1747750969357.0,23686.1,23694.1
1747750969555.0,23685.1,23693.1
1747750972677.0,23685.6,23693.6
1747750976919.0,23686.1,23694.1
1747750979183.0,23686.6,23694.6
1747750981605.0,23685.1,23693.1
1747750985394.0,23685.6,23693.6
1747750985744.0,23685.1,23693.1
1747750985939.0,23683.6,23691.6
1747750987367.0,23683.1,23691.1
1747750988386.0,23685.6,23693.6
1747750988691.0,23686.1,23694.1
1747750989459.0,23685.6,23693.6
1747750989857.0,23685.1,23693.1
1747750991216.0,23685.6,23693.6
1747750991814.0,23685.1,23693.1
1747750992323.0,23685.6,23693.6
1747750992523.0,23686.1,23694.1
1747750992722.0,23685.1,23693.1
1747750992921.0,23685.6,23693.6
1747750993314.0,23685.1,23693.1
1747750994387.0,23685.6,23693.6
1747750994586.0,23686.1,23694.1
1747750994985.0,23686.1,23694.1
1747750995185.0,23686.6,23694.6
1747750995385.0,23686.1,23694.1
1747750997122.0,23686.6,23694.6
1747750997352.0,23686.1,23694.1
1747750999882.0,23685.6,23693.6
1747751000083.0,23686.1,23694.1
1747751000958.0,23685.6,23693.6
1747751002025,,
1747751002378.0,23683.1,23691.1
1747751003212.0,23682.1,23690.1
1747751003613.0,23681.6,23689.6
1747751004112.0,23681.1,23689.1
1747751004413.0,23681.6,23689.6
1747751004722.0,23681.1,23689.1
1747751006258.0,23681.6,23689.6
1747751006656,,
1747751006915.0,23682.6,23690.6
1747751007116.0,23683.1,23691.1
1747751007527.0,23682.6,23690.6
1747751007726.0,23683.1,23691.1
1747751009798.0,23683.6,23691.6
1747751009996.0,23684.1,23692.1
1747751010198.0,23683.6,23691.6
1747751010396.0,23684.1,23692.1
1747751013871.0,23684.6,23692.6
1747751014068.0,23684.1,23692.1
1747751014587.0,23684.6,23692.6
1747751016292.0,23684.1,23692.1
1747751018675.0,23684.6,23692.6
1747751018877.0,23684.1,23692.1
1747751019172.0,23684.6,23692.6
1747751019372.0,23684.1,23692.1
1747751019805.0,23684.6,23692.6
1747751020411.0,23684.1,23692.1
1747751022814.0,23684.6,23692.6
1747751023481.0,23686.1,23694.1
1747751024424.0,23686.6,23694.6
1747751028441.0,23686.1,23694.1
1747751028839.0,23686.6,23694.6
1747751029437.0,23686.1,23694.1
1747751029803.0,23685.6,23693.6
1747751030234.0,23685.6,23693.6
1747751030434.0,23686.1,23694.1
1747751032252.0,23685.6,23693.6
1747751033109.0,23685.1,23693.1
1747751033508.0,23685.1,23693.1
1747751036067.0,23685.6,23693.6
1747751036264.0,23686.1,23694.1
1747751036581.0,23685.6,23693.6
1747751036782.0,23685.1,23693.1
1747751039840.0,23685.6,23693.6
1747751040044.0,23685.1,23693.1
1747751041795.0,23683.1,23691.1
1747751042271.0,23683.6,23691.6
1747751042471.0,23684.1,23692.1
1747751045138.0,23683.6,23691.6
1747751045542.0,23684.1,23692.1
1747751045958.0,23686.1,23694.1
1747751046381.0,23685.6,23693.6
1747751046580.0,23684.1,23692.1
1747751046953.0,23684.6,23692.6
1747751047153.0,23684.1,23692.1
1747751047804.0,23684.6,23692.6
1747751048004.0,23684.1,23692.1
1747751048203.0,23683.1,23691.1
1747751048605.0,23682.6,23690.6
1747751048799.0,23681.6,23689.6
1747751049001.0,23682.1,23690.1
1747751049612.0,23682.6,23690.6
1747751049812.0,23682.1,23690.1
1747751050012.0,23682.6,23690.6
1747751050352.0,23683.1,23691.1
1747751051398,,
1747751052894.0,23682.6,23690.6
1747751053093.0,23682.1,23690.1
1747751053377.0,23681.6,23689.6
1747751054091.0,23681.6,23689.6
1747751054285.0,23681.1,23689.1
1747751055455.0,23681.1,23689.1
1747751055651.0,23681.6,23689.6
1747751056486.0,23682.1,23690.1
1747751056985.0,23681.6,23689.6
1747751057383.0,23682.1,23690.1
1747751057582.0,23681.6,23689.6
1747751057781.0,23681.1,23689.1
1747751058383.0,23681.6,23689.6
1747751058584.0,23681.1,23689.1
1747751059536.0,23681.6,23689.6
1747751060138.0,23681.1,23689.1
1747751060886.0,23681.6,23689.6
1747751061085.0,23682.1,23690.1
1747751061624.0,23681.6,23689.6
1747751061824.0,23681.1,23689.1
1747751067550.0,23681.6,23689.6
1747751067748.0,23681.1,23689.1
1747751068480.0,23682.1,23690.1
1747751068679.0,23681.6,23689.6
1747751070539.0,23681.1,23689.1
1747751071052.0,23680.6,23688.6
1747751071249.0,23679.6,23687.6
1747751071976.0,23679.1,23687.1
1747751073027.0,23678.6,23686.6
1747751073226.0,23679.1,23687.1
1747751080099.0,23678.6,23686.6
1747751080299.0,23679.1,23687.1
1747751081471.0,23679.6,23687.6
1747751081670.0,23679.1,23687.1
1747751081876.0,23679.6,23687.6
1747751082075.0,23679.1,23687.1
1747751082858.0,23679.6,23687.6
1747751083058.0,23679.1,23687.1
1747751085008.0,23678.6,23686.6
1747751085407.0,23678.1,23686.1
1747751085609.0,23679.1,23687.1
1747751086081.0,23678.6,23686.6
1747751086278.0,23679.1,23687.1
1747751087087.0,23678.6,23686.6
1747751087284.0,23678.1,23686.1
1747751089741.0,23677.6,23685.6
1747751089938.0,23676.6,23684.6
1747751090338.0,23676.1,23684.1
1747751091116.0,23675.1,23683.1
1747751091514.0,23676.1,23684.1
1747751093065.0,23675.6,23683.6
1747751093264.0,23676.1,23684.1
1747751093666.0,23675.1,23683.1
1747751094192.0,23676.1,23684.1
1747751095340,,
1747751095878.0,23676.6,23684.6
1747751096074,,
1747751096273.0,23675.6,23683.6
1747751096536,,
1747751097599.0,23675.1,23683.1
1747751097796.0,23673.6,23681.6
1747751099317.0,23674.6,23682.6
1747751099803.0,23675.1,23683.1
1747751100008.0,23675.6,23683.6
1747751100254.0,23675.1,23683.1
1747751100993.0,23675.1,23683.1
1747751101196.0,23676.1,23684.1
1747751101392.0,23676.6,23684.6
1747751101792.0,23676.6,23684.6
1747751101998.0,23676.1,23684.1
1747751102527.0,23675.6,23683.6
1747751103764.0,23676.1,23684.1
1747751104111.0,23677.1,23685.1
1747751104308.0,23675.6,23683.6
1747751105381.0,23674.1,23682.1
1747751106033.0,23673.6,23681.6
1747751108869.0,23672.1,23680.1
1747751109070.0,23673.1,23681.1
1747751109891.0,23673.6,23681.6
1747751110091.0,23673.1,23681.1
1747751110496.0,23674.6,23682.6
1747751110696.0,23676.1,23684.1
1747751110897.0,23674.6,23682.6
1747751111096.0,23675.6,23683.6
1747751112270.0,23676.1,23684.1
1747751112668.0,23676.1,23684.1
1747751112869.0,23676.6,23684.6
1747751114260.0,23676.1,23684.1
1747751114459.0,23676.6,23684.6
1747751115292.0,23676.1,23684.1
1747751115493.0,23676.6,23684.6
1747751115703.0,23676.1,23684.1
1747751116393.0,23676.6,23684.6
1747751117343.0,23676.1,23684.1
1747751118039.0,23675.6,23683.6
1747751118424.0,23676.1,23684.1
1747751118623.0,23674.1,23682.1
1747751119170.0,23674.1,23682.1
1747751119368.0,23675.1,23683.1
1747751122246.0,23675.6,23683.6
1747751122646.0,23675.6,23683.6
1747751122938.0,23675.1,23683.1
1747751123203,,
1747751123337,,
1747751124466.0,23675.6,23683.6
1747751124668.0,23675.1,23683.1
1747751125085.0,23675.6,23683.6
1747751125937.0,23675.1,23683.1
1747751126135.0,23676.1,23684.1
1747751126676.0,23675.6,23683.6
1747751126876.0,23676.1,23684.1
1747751127470.0,23676.6,23684.6
1747751127669.0,23676.1,23684.1
1747751129724.0,23675.6,23683.6
1747751129921.0,23676.1,23684.1
1747751130824.0,23676.1,23684.1
1747751131024.0,23675.6,23683.6
1747751131723.0,23676.1,23684.1
1747751132688.0,23675.6,23683.6
1747751132882.0,23676.1,23684.1
1747751134081.0,23678.6,23686.6
1747751140654.0,23679.1,23687.1
1747751142154.0,23680.1,23688.1
1747751142377.0,23679.6,23687.6
1747751143365.0,23677.6,23685.6
1747751143566.0,23678.1,23686.1
1747751143831.0,23678.6,23686.6
1747751144031.0,23679.1,23687.1
1747751144329.0,23679.6,23687.6
1747751144530.0,23680.1,23688.1
1747751145079.0,23679.6,23687.6
1747751145478.0,23679.1,23687.1
1747751145967.0,23679.6,23687.6
1747751146166.0,23680.1,23688.1
1747751149651.0,23679.6,23687.6
1747751149849.0,23679.1,23687.1
1747751150612.0,23680.1,23688.1
1747751150811.0,23679.6,23687.6
1747751151010.0,23680.1,23688.1
1747751151564.0,23679.6,23687.6
1747751151762.0,23681.1,23689.1
1747751154618.0,23680.6,23688.6
1747751155406.0,23679.6,23687.6
1747751155605.0,23680.1,23688.1
1747751156740.0,23680.6,23688.6
1747751156939.0,23681.1,23689.1
1747751157287.0,23680.6,23688.6
1747751157684.0,23680.1,23688.1
1747751158335.0,23680.6,23688.6
1747751158532.0,23681.1,23689.1
1747751159730.0,23680.6,23688.6
1747751174461.0,23680.1,23688.1
1747751174659.0,23678.6,23686.6
1747751174858.0,23677.1,23685.1
1747751175259.0,23675.1,23683.1
1747751177394.0,23675.6,23683.6
1747751177592.0,23676.1,23684.1
1747751177862.0,23676.6,23684.6
1747751178065.0,23677.1,23685.1
1747751178388.0,23676.6,23684.6
1747751178788.0,23676.1,23684.1
1747751178987.0,23675.6,23683.6
1747751179234.0,23675.1,23683.1
1747751179885.0,23676.1,23684.1
1747751181706.0,23675.6,23683.6
1747751181904.0,23675.1,23683.1
1747751183522.0,23674.6,23682.6
1747751185317.0,23675.1,23683.1
1747751185516.0,23676.6,23684.6
1747751185717.0,23677.1,23685.1
1747751186116.0,23676.6,23684.6
1747751186606.0,23677.1,23685.1
1747751186960.0,23676.6,23684.6
1747751187159.0,23676.1,23684.1
1747751187359.0,23676.6,23684.6
1747751187589.0,23677.1,23685.1
1747751187790.0,23676.1,23684.1
1747751189398.0,23676.6,23684.6
1747751189597.0,23677.1,23685.1
1747751189797.0,23676.1,23684.1
1747751191185.0,23676.6,23684.6
1747751191383.0,23675.6,23683.6
1747751197718.0,23673.1,23681.1
1747751197917.0,23672.1,23680.1
1747751198117.0,23673.1,23681.1
1747751199039.0,23672.6,23680.6
1747751199262.0,23672.1,23680.1
1747751199658.0,23672.6,23680.6
1747751199858.0,23673.1,23681.1
1747751200623.0,23674.1,23682.1
1747751202376.0,23673.1,23681.1
1747751202744.0,23672.6,23680.6
1747751203203.0,23673.1,23681.1
1747751204805.0,23672.6,23680.6
1747751205004.0,23672.1,23680.1
1747751206991.0,23671.6,23679.6
1747751207191.0,23671.1,23679.1
1747751207393.0,23670.1,23678.1
1747751207593.0,23669.6,23677.6
1747751208213.0,23671.1,23679.1
1747751209022.0,23671.6,23679.6
1747751209222.0,23672.1,23680.1
1747751210837.0,23671.6,23679.6
1747751212329.0,23672.1,23680.1
1747751212883.0,23672.6,23680.6
1747751213080.0,23673.1,23681.1
1747751213892.0,23673.6,23681.6
1747751214091.0,23675.1,23683.1
1747751214360.0,23675.6,23683.6
1747751215043.0,23676.1,23684.1
1747751216065.0,23675.6,23683.6
1747751216263.0,23675.1,23683.1
1747751217305.0,23675.1,23683.1
1747751217506.0,23674.6,23682.6
1747751217704.0,23674.1,23682.1
1747751219061.0,23673.6,23681.6
1747751219261.0,23674.1,23682.1
1747751220560.0,23674.6,23682.6
1747751220760.0,23676.1,23684.1
1747751221582,,
1747751221760.0,23675.6,23683.6
1747751221959.0,23675.1,23683.1
1747751222158.0,23676.1,23684.1
1747751223130.0,23676.6,23684.6
1747751223330.0,23677.1,23685.1
1747751223732.0,23676.6,23684.6
1747751223928.0,23676.1,23684.1
1747751224130.0,23675.6,23683.6
1747751224520.0,23675.1,23683.1
1747751225400.0,23675.6,23683.6
1747751225602.0,23675.1,23683.1
1747751229066.0,23674.6,23682.6
1747751229468.0,23673.6,23681.6
1747751229666.0,23673.1,23681.1
1747751232448.0,23673.6,23681.6
1747751232647.0,23673.1,23681.1
1747751232847.0,23672.6,23680.6
1747751233047.0,23672.1,23680.1
1747751233248.0,23671.6,23679.6
1747751233485.0,23672.1,23680.1
1747751233719.0,23671.6,23679.6
1747751234232.0,23672.1,23680.1
1747751235632.0,23671.6,23679.6
1747751235829.0,23672.1,23680.1
1747751236228.0,23672.1,23680.1
1747751236653.0,23671.6,23679.6
1747751236839.0,23672.1,23680.1
1747751238615.0,23672.6,23680.6
1747751238816.0,23673.1,23681.1
1747751239215.0,23674.1,23682.1
1747751239475.0,23674.6,23682.6
1747751240225.0,23675.1,23683.1
1747751241243.0,23674.6,23682.6
1747751241442.0,23675.1,23683.1
1747751242215.0,23675.6,23683.6
1747751242413.0,23676.1,23684.1
1747751242614.0,23676.6,23684.6
1747751243747.0,23676.1,23684.1
1747751244144.0,23676.1,23684.1
1747751244348.0,23675.6,23683.6
1747751248484.0,23676.6,23684.6
1747751248687.0,23678.1,23686.1
1747751249530.0,23678.6,23686.6
1747751249728.0,23678.1,23686.1
1747751250015.0,23677.6,23685.6
1747751250214.0,23678.1,23686.1
1747751251733.0,23678.6,23686.6
1747751251931.0,23678.1,23686.1
1747751252133.0,23679.1,23687.1
1747751252534.0,23677.6,23685.6
1747751252733.0,23678.1,23686.1
1747751256942.0,23677.6,23685.6
1747751257142.0,23678.1,23686.1
1747751257429.0,23677.6,23685.6
1747751257646.0,23678.1,23686.1
1747751258614.0,23678.6,23686.6
1747751258813.0,23679.1,23687.1
1747751259289.0,23678.6,23686.6
1747751259485.0,23678.1,23686.1
1747751259722.0,23677.6,23685.6
1747751260110.0,23678.1,23686.1
1747751261376.0,23678.6,23686.6
1747751261573.0,23678.1,23686.1
1747751263003.0,23677.6,23685.6
1747751263199.0,23678.1,23686.1
1747751264731.0,23677.6,23685.6
1747751265288.0,23678.1,23686.1
1747751265542.0,23677.6,23685.6
1747751265741.0,23678.1,23686.1
1747751267268.0,23677.6,23685.6
1747751268127.0,23678.1,23686.1
1747751268715.0,23677.6,23685.6
1747751270050.0,23677.1,23685.1
1747751270251.0,23676.1,23684.1
1747751270452.0,23675.6,23683.6
1747751271291.0,23676.1,23684.1
1747751271498.0,23677.1,23685.1
1747751271692.0,23676.1,23684.1
1747751272033.0,23676.6,23684.6
1747751272760.0,23677.1,23685.1
1747751272958.0,23676.1,23684.1
1747751273159.0,23676.6,23684.6
1747751274187.0,23676.1,23684.1
1747751274587.0,23678.1,23686.1
1747751275729.0,23678.6,23686.6
1747751275928.0,23679.1,23687.1
1747751278318.0,23679.6,23687.6
1747751278516.0,23680.1,23688.1
1747751279437.0,23679.6,23687.6
1747751280261.0,23680.1,23688.1
1747751281192.0,23680.6,23688.6
1747751281391.0,23681.1,23689.1
1747751281876.0,23680.6,23688.6
1747751285921.0,23680.1,23688.1
1747751286121.0,23679.1,23687.1
1747751286568.0,23679.6,23687.6
1747751288220.0,23680.1,23688.1
1747751289363.0,23679.6,23687.6
1747751290422.0,23679.1,23687.1
1747751290781.0,23678.6,23686.6
1747751290980.0,23678.1,23686.1
1747751291380.0,23677.6,23685.6
1747751291579.0,23678.1,23686.1
1747751291780.0,23677.6,23685.6
1747751291978.0,23678.1,23686.1
1747751292867.0,23677.6,23685.6
1747751293068.0,23677.1,23685.1
1747751294457.0,23676.6,23684.6
1747751294654.0,23677.1,23685.1
1747751296350.0,23676.6,23684.6
1747751296548.0,23677.1,23685.1
1747751297323.0,23677.1,23685.1
1747751299220.0,23676.1,23684.1
1747751299753.0,23676.1,23684.1
1747751302132.0,23675.6,23683.6
1747751302487.0,23675.1,23683.1
1747751302687.0,23674.6,23682.6
1747751304471.0,23674.1,23682.1
1747751304667,,
1747751304883.0,23673.6,23681.6
1747751305081.0,23674.1,23682.1
1747751305685.0,23673.6,23681.6
1747751305874.0,23673.1,23681.1
1747751306225.0,23672.6,23680.6
1747751306738.0,23672.1,23680.1
1747751306985.0,23672.6,23680.6
1747751307784.0,23672.1,23680.1
1747751308798.0,23671.6,23679.6
1747751309198.0,23672.1,23680.1
1747751309395.0,23671.6,23679.6
1747751309677.0,23671.1,23679.1
1747751312286.0,23670.6,23678.6
1747751316464.0,23673.1,23681.1
1747751317065.0,23674.1,23682.1
1747751317504.0,23673.6,23681.6
1747751317744.0,23674.1,23682.1
1747751318159.0,23673.6,23681.6
1747751318360.0,23674.1,23682.1
1747751318670.0,23673.6,23681.6
1747751318885.0,23674.1,23682.1
1747751319446.0,23673.6,23681.6
1747751319646.0,23673.1,23681.1
1747751320471.0,23672.6,23680.6
1747751321863.0,23673.6,23681.6
1747751322861.0,23673.1,23681.1
1747751323468.0,23672.6,23680.6
1747751325727.0,23673.1,23681.1
1747751325926.0,23674.1,23682.1
1747751326127.0,23673.1,23681.1
1747751326808.0,23673.6,23681.6
1747751327007.0,23673.1,23681.1
1747751328684.0,23673.6,23681.6
1747751328881.0,23674.1,23682.1
1747751329084.0,23675.1,23683.1
1747751329856.0,23676.1,23684.1
1747751330068.0,23675.6,23683.6
1747751330269.0,23676.1,23684.1
1747751330861.0,23675.6,23683.6
1747751331060.0,23675.1,23683.1
1747751332043.0,23675.6,23683.6
1747751332279.0,23675.1,23683.1
1747751332521.0,23675.6,23683.6
1747751332720.0,23676.1,23684.1
1747751333544.0,23675.6,23683.6
1747751333744.0,23674.6,23682.6
1747751334549.0,23675.1,23683.1
1747751334752.0,23674.6,23682.6
1747751334961.0,23675.1,23683.1
1747751335162.0,23675.6,23683.6
1747751335681.0,23676.1,23684.1
1747751336586.0,23675.6,23683.6
1747751336785.0,23675.1,23683.1
1747751336983.0,23674.6,23682.6
1747751337389.0,23671.1,23679.1
1747751338803.0,23672.6,23680.6
1747751339672.0,23673.1,23681.1
1747751340017.0,23673.6,23681.6
1747751340215.0,23674.1,23682.1
1747751342723.0,23673.6,23681.6
1747751342923.0,23672.6,23680.6
1747751343464.0,23673.1,23681.1
1747751344452.0,23672.6,23680.6
1747751344646.0,23673.1,23681.1
1747751346052.0,23673.6,23681.6
1747751346307.0,23673.1,23681.1
1747751346509.0,23674.1,23682.1
1747751346846.0,23674.6,23682.6
1747751347044,,
1747751347246.0,23674.1,23682.1
1747751347445.0,23674.6,23682.6
1747751347646.0,23676.1,23684.1
1747751347846.0,23675.6,23683.6
1747751348245.0,23675.6,23683.6
1747751348445.0,23675.1,23683.1
1747751348787.0,23675.6,23683.6
1747751348986.0,23676.1,23684.1
1747751350324.0,23675.6,23683.6
1747751350725.0,23675.1,23683.1
1747751351542.0,23676.1,23684.1
1747751352347.0,23675.6,23683.6
1747751352545.0,23676.1,23684.1
1747751353267.0,23675.6,23683.6
1747751353752.0,23675.1,23683.1
1747751354642.0,23674.6,23682.6
1747751356655.0,23675.1,23683.1
1747751356937.0,23674.6,23682.6
1747751357132.0,23673.6,23681.6
1747751357334.0,23673.1,23681.1
1747751357945.0,23672.6,23680.6
1747751358344.0,23672.6,23680.6
1747751362549.0,23673.1,23681.1
1747751362752.0,23672.6,23680.6
1747751365805.0,23672.1,23680.1
1747751366003.0,23671.6,23679.6
1747751366683.0,23672.1,23680.1
1747751366935.0,23672.6,23680.6
1747751367135.0,23672.1,23680.1
1747751367381.0,23671.6,23679.6
1747751367581.0,23672.1,23680.1
1747751367981.0,23671.1,23679.1
1747751368225.0,23670.6,23678.6
1747751368472.0,23670.1,23678.1
1747751369621,,
1747751371260.0,23670.1,23678.1
1747751372292,,
1747751373113.0,23670.6,23678.6
1747751373311.0,23671.1,23679.1
1747751373982.0,23670.1,23678.1
1747751374662.0,23669.1,23677.1
1747751374862.0,23669.6,23677.6
1747751375062.0,23670.1,23678.1
1747751376520.0,23669.6,23677.6
1747751376736.0,23669.1,23677.1
1747751377165.0,23668.6,23676.6
1747751380244.0,23668.1,23676.1
1747751380510,,
1747751380645.0,23668.6,23676.6
1747751381008,,
1747751381109,,
1747751383205.0,23669.1,23677.1
1747751383396.0,23670.1,23678.1
1747751384270.0,23670.6,23678.6
1747751384469.0,23670.1,23678.1
1747751385305.0,23670.6,23678.6
1747751386297.0,23670.1,23678.1
1747751391343.0,23670.6,23678.6
1747751391541.0,23670.1,23678.1
1747751394173.0,23669.6,23677.6
1747751394721.0,23670.1,23678.1
1747751395517.0,23669.6,23677.6
1747751395715.0,23671.1,23679.1
1747751395916.0,23673.6,23681.6
1747751396116.0,23673.1,23681.1
1747751397508.0,23672.6,23680.6
1747751397907.0,23672.1,23680.1
1747751400150.0,23671.6,23679.6
1747751400558.0,23672.1,23680.1
1747751402428.0,23672.6,23680.6
1747751402626.0,23672.1,23680.1
1747751404241.0,23671.6,23679.6
1747751404469.0,23672.1,23680.1
1747751406866.0,23671.6,23679.6
1747751407641.0,23671.1,23679.1
1747751407839.0,23672.1,23680.1
1747751408041.0,23671.6,23679.6
1747751408240.0,23672.1,23680.1
1747751408442.0,23672.6,23680.6
1747751411358.0,23671.1,23679.1
1747751412169,,
1747751412269.0,23671.6,23679.6
1747751412854.0,23671.1,23679.1
1747751413139.0,23670.6,23678.6
1747751413340.0,23671.1,23679.1
1747751414126.0,23671.6,23679.6
1747751414911.0,23671.1,23679.1
1747751416014.0,23671.6,23679.6
1747751416357.0,23671.1,23679.1
1747751416647.0,23671.6,23679.6
1747751418022.0,23671.1,23679.1
1747751420295.0,23670.6,23678.6
1747751420494.0,23669.6,23677.6
1747751422693.0,23668.6,23676.6
1747751425332.0,23670.1,23678.1
1747751425529.0,23670.6,23678.6
1747751425754.0,23670.1,23678.1
1747751426162.0,23669.6,23677.6
1747751426360.0,23669.1,23677.1
1747751426747.0,23669.6,23677.6
1747751427057.0,23670.1,23678.1
1747751431057.0,23670.6,23678.6
1747751432066.0,23671.1,23679.1
1747751433165.0,23671.6,23679.6
1747751433365.0,23673.1,23681.1
1747751435493,,
1747751437987.0,23672.6,23680.6
1747751438707.0,23673.6,23681.6
1747751439838.0,23673.1,23681.1
1747751440036.0,23672.1,23680.1
1747751442309.0,23672.6,23680.6
1747751442508.0,23672.1,23680.1
1747751443745.0,23673.1,23681.1
1747751444714,,
1747751445417.0,23672.6,23680.6
1747751446878.0,23673.1,23681.1
1747751447077.0,23672.6,23680.6
1747751448061.0,23672.1,23680.1
1747751448347.0,23671.1,23679.1
1747751448548.0,23670.6,23678.6
1747751449258.0,23672.1,23680.1
1747751455560.0,23673.1,23681.1
1747751455759.0,23672.1,23680.1
1747751458614.0,23671.6,23679.6
1747751458915.0,23671.1,23679.1
1747751460667.0,23670.6,23678.6
1747751462029.0,23671.1,23679.1
1747751463654.0,23670.6,23678.6
1747751464736.0,23670.1,23678.1
1747751464936.0,23669.1,23677.1
1747751465137,,
1747751465336.0,23668.6,23676.6
1747751465538.0,23667.6,23675.6
1747751466203.0,23668.1,23676.1
1747751468397,,
1747751471556.0,23667.6,23675.6
1747751471867.0,23667.1,23675.1
1747751473886.0,23667.6,23675.6
1747751475080.0,23668.1,23676.1
1747751475451.0,23668.6,23676.6
1747751476085.0,23668.1,23676.1
1747751476284.0,23667.6,23675.6
1747751476687.0,23666.6,23674.6
1747751477438.0,23667.1,23675.1
1747751477638.0,23668.1,23676.1
1747751477839.0,23667.1,23675.1
1747751479982.0,23668.1,23676.1
1747751481598.0,23667.6,23675.6
1747751481796.0,23668.1,23676.1
1747751481996.0,23667.6,23675.6
1747751482776.0,23667.1,23675.1
1747751483229.0,23668.1,23676.1
1747751483907.0,23668.6,23676.6
1747751484108.0,23669.1,23677.1
1747751486007.0,23670.1,23678.1
1747751486588.0,23670.6,23678.6
1747751487602.0,23670.1,23678.1
1747751487799.0,23669.1,23677.1
1747751489636.0,23669.6,23677.6
1747751491448.0,23670.1,23678.1
1747751491938.0,23672.1,23680.1
1747751492415.0,23672.1,23680.1
1747751492616.0,23673.1,23681.1
1747751492889.0,23673.6,23681.6
1747751493090.0,23674.1,23682.1
1747751493286.0,23673.6,23681.6
1747751493487.0,23674.1,23682.1
1747751493797.0,23673.6,23681.6
1747751493995.0,23674.1,23682.1
1747751494518.0,23673.1,23681.1
1747751494718.0,23673.6,23681.6
1747751494920.0,23673.1,23681.1
1747751495178.0,23672.6,23680.6
1747751495377.0,23673.1,23681.1
1747751495579.0,23672.6,23680.6
1747751496096.0,23673.1,23681.1
1747751496423.0,23673.6,23681.6
1747751498691.0,23675.1,23683.1
1747751499077,,
1747751499404.0,23674.6,23682.6
1747751499844.0,23675.1,23683.1
1747751500044.0,23674.6,23682.6
1747751502141.0,23675.1,23683.1
1747751503354.0,23675.6,23683.6
1747751503554.0,23677.1,23685.1
1747751503954.0,23678.6,23686.6
1747751504791.0,23679.1,23687.1
1747751507486.0,23679.6,23687.6
1747751508173.0,23680.1,23688.1
1747751510075.0,23680.6,23688.6
1747751510273.0,23681.1,23689.1
1747751510471.0,23680.1,23688.1
1747751511484,,
1747751512523,,
1747751514459.0,23681.6,23689.6
1747751516846.0,23681.1,23689.1
1747751517733.0,23681.6,23689.6
1747751518136.0,23681.1,23689.1
1747751518773.0,23681.6,23689.6
1747751519021.0,23681.1,23689.1
1747751519221.0,23681.6,23689.6
1747751519659.0,23682.1,23690.1
1747751520025.0,23682.6,23690.6
1747751520224.0,23682.1,23690.1
1747751521611.0,23682.6,23690.6
1747751521809.0,23683.1,23691.1
1747751523002.0,23683.6,23691.6
1747751523200,,
1747751523605.0,23684.1,23692.1
1747751524522.0,23684.6,23692.6
1747751524995.0,23684.6,23692.6
1747751525211.0,23685.1,23693.1
1747751526627.0,23684.6,23692.6
1747751528075.0,23685.1,23693.1
1747751528549.0,23684.6,23692.6
1747751528747.0,23685.1,23693.1
1747751528949.0,23686.1,23694.1
1747751535206.0,23688.1,23696.1
1747751535404.0,23686.6,23694.6
1747751535604.0,23685.1,23693.1
1747751536055.0,23684.1,23692.1
1747751536254.0,23684.6,23692.6
1747751536656.0,23684.6,23692.6
1747751539511.0,23684.1,23692.1
1747751539842.0,23683.1,23691.1
1747751540043.0,23681.6,23689.6
1747751540242.0,23683.1,23691.1
1747751541308.0,23684.1,23692.1
1747751543556.0,23684.6,23692.6
1747751543756.0,23685.1,23693.1
1747751546069.0,23684.6,23692.6
1747751546335.0,23684.1,23692.1
1747751546533.0,23683.1,23691.1
1747751546743.0,23683.6,23691.6
1747751547405.0,23684.6,23692.6
1747751547605.0,23685.1,23693.1
1747751548753.0,23685.6,23693.6
1747751548951.0,23686.1,23694.1
1747751553095.0,23685.6,23693.6
1747751553294.0,23684.6,23692.6
1747751553695.0,23683.6,23691.6
1747751553893.0,23682.1,23690.1
1747751554094.0,23681.1,23689.1
1747751554294.0,23682.1,23690.1
1747751554663.0,23681.6,23689.6
1747751554860.0,23680.1,23688.1
1747751555111.0,23680.6,23688.6
1747751555308.0,23681.1,23689.1
1747751558019.0,23681.6,23689.6
1747751558213.0,23682.1,23690.1
1747751558412.0,23682.6,23690.6
1747751559019.0,23682.1,23690.1
1747751559216,,
1747751559416.0,23683.1,23691.1
1747751560281.0,23682.6,23690.6
1747751560482.0,23683.1,23691.1
1747751560681.0,23685.1,23693.1
1747751560880.0,23684.1,23692.1
1747751561279.0,23683.6,23691.6
1747751561673.0,23683.1,23691.1
1747751562030.0,23683.6,23691.6
1747751562230.0,23683.1,23691.1
1747751562430.0,23683.6,23691.6
1747751564767.0,23683.1,23691.1
1747751565424.0,23682.6,23690.6
1747751566229.0,23683.1,23691.1
1747751566583.0,23682.6,23690.6
1747751568152,,
1747751569064.0,23683.1,23691.1
1747751569262.0,23684.1,23692.1
1747751569463.0,23683.6,23691.6
1747751569922,,
1747751571104.0,23682.1,23690.1
1747751571304.0,23683.1,23691.1
1747751571999,,
1747751572722.0,23682.6,23690.6
1747751572919.0,23682.1,23690.1
1747751573130.0,23681.6,23689.6
1747751574660.0,23682.1,23690.1
1747751575303.0,23682.6,23690.6
1747751575504.0,23683.1,23691.1
1747751577053.0,23681.6,23689.6
1747751577832,,
1747751579351.0,23681.1,23689.1
1747751579634.0,23681.6,23689.6
1747751582191.0,23682.1,23690.1
1747751582388.0,23682.6,23690.6
1747751583919.0,23684.1,23692.1
1747751584237,,
1747751585976.0,23684.6,23692.6
1747751586175.0,23685.1,23693.1
1747751586666.0,23684.6,23692.6
1747751586864.0,23684.1,23692.1
1747751587144.0,23683.6,23691.6
1747751588006.0,23683.1,23691.1
1747751588655.0,23682.1,23690.1
1747751589229.0,23682.6,23690.6
1747751589745.0,23683.1,23691.1
1747751590320.0,23683.6,23691.6
1747751591679.0,23683.1,23691.1
1747751591876.0,23682.1,23690.1
1747751592643.0,23682.6,23690.6
1747751592841.0,23683.1,23691.1
1747751593232.0,23682.6,23690.6
1747751593433.0,23682.1,23690.1
1747751593673.0,23681.6,23689.6
1747751594106.0,23682.1,23690.1
1747751594330.0,23682.6,23690.6
1747751594528.0,23683.1,23691.1
1747751596404.0,23683.6,23691.6
1747751597132.0,23683.1,23691.1
1747751597328.0,23682.1,23690.1
1747751597528.0,23681.6,23689.6
1747751598392.0,23682.1,23690.1
1747751600313.0,23682.6,23690.6
1747751600509.0,23682.1,23690.1
1747751601248.0,23682.6,23690.6
1747751601969.0,23682.1,23690.1
1747751602224.0,23682.6,23690.6
1747751602798.0,23683.1,23691.1
1747751603629.0,23682.6,23690.6
1747751604185.0,23682.1,23690.1
1747751604710.0,23682.6,23690.6
1747751604910.0,23682.1,23690.1
1747751607858.0,23681.6,23689.6
1747751608722.0,23682.1,23690.1
1747751612890.0,23681.6,23689.6
1747751615859.0,23682.1,23690.1
1747751616060.0,23683.1,23691.1
1747751616426.0,23682.6,23690.6
1747751616625.0,23681.1,23689.1
1747751616825.0,23680.6,23688.6
1747751618139.0,23680.1,23688.1
1747751618338.0,23680.6,23688.6
1747751618740.0,23681.1,23689.1
1747751619417.0,23681.6,23689.6
1747751619613.0,23683.1,23691.1
1747751619815.0,23684.1,23692.1
1747751620264.0,23683.6,23691.6
1747751620462.0,23683.1,23691.1
1747751621712.0,23682.6,23690.6
1747751621912.0,23682.1,23690.1
1747751622240.0,23681.6,23689.6
1747751622918.0,23682.1,23690.1
1747751623673.0,23681.6,23689.6
1747751623869.0,23681.1,23689.1
1747751624270.0,23682.1,23690.1
1747751627571.0,23682.6,23690.6
1747751627768.0,23684.1,23692.1
1747751627968.0,23683.6,23691.6
1747751629106.0,23684.1,23692.1
1747751629300.0,23683.6,23691.6
1747751629497.0,23684.1,23692.1
1747751630168.0,23683.6,23691.6
1747751630366.0,23683.1,23691.1
1747751631053.0,23683.6,23691.6
1747751631925.0,23683.1,23691.1
1747751633011.0,23682.6,23690.6
1747751634165.0,23682.1,23690.1
1747751635299.0,23680.1,23688.1
1747751636768.0,23679.6,23687.6
1747751636966.0,23678.6,23686.6
1747751637521.0,23679.1,23687.1
1747751637719.0,23679.6,23687.6
1747751637918.0,23680.1,23688.1
1747751638270.0,23679.6,23687.6
1747751638471.0,23679.1,23687.1
1747751639181.0,23679.6,23687.6
1747751639381.0,23680.1,23688.1
1747751641229.0,23680.6,23688.6
1747751641426.0,23680.1,23688.1
1747751646279.0,23679.1,23687.1
1747751646480.0,23678.6,23686.6
1747751648994.0,23679.6,23687.6
1747751649991.0,23679.1,23687.1
1747751650527.0,23679.6,23687.6
1747751651496.0,23680.1,23688.1
1747751652658.0,23679.6,23687.6
1747751652858.0,23679.1,23687.1
1747751654440.0,23678.6,23686.6
1747751654872.0,23678.1,23686.1
1747751655091.0,23677.6,23685.6
1747751655491.0,23676.6,23684.6
1747751655710.0,23676.1,23684.1
1747751655911.0,23675.1,23683.1
1747751656109.0,23673.6,23681.6
1747751657334.0,23674.1,23682.1
