1748268000201.0,9857.7,9862.7
1748268000300.0,9857.6,9862.6
1748268000508.0,9857.7,9862.7
1748268001341.0,9858.2,9863.2
1748268001979.0,9858.1,9863.1
1748268002173.0,9858.2,9863.2
1748268004317.0,9858.4,9863.4
1748268010370,,
1748268011481.0,9858.4,9863.4
1748268015603.0,9858.5,9863.5
1748268015704.0,9858.4,9863.4
1748268017443,,
1748268020239.0,9858.5,9863.5
1748268025408.0,9858.4,9863.4
1748268028794.0,9858.5,9863.5
1748268039845.0,9858.4,9863.4
1748268040044.0,9858.5,9863.5
1748268041376.0,9858.4,9863.4
1748268042284,,
1748268049213.0,9858.5,9863.5
1748268049312.0,9858.4,9863.4
1748268059015.0,9858.3,9863.3
1748268059388.0,9858.0,9863.0
1748268059488.0,9857.8,9862.8
1748268071213.0,9857.6,9862.6
1748268071313.0,9857.3,9862.3
1748268071534.0,9857.3,9862.3
1748268072269.0,9857.4,9862.4
1748268072369.0,9857.3,9862.3
1748268074927,,
1748268075310.0,9857.4,9862.4
1748268076604.0,9857.3,9862.3
1748268076869.0,9857.3,9862.3
1748268077240.0,9857.4,9862.4
1748268079095.0,9857.3,9862.3
1748268079237.0,9857.4,9862.4
1748268079548.0,9857.3,9862.3
1748268080311.0,9857.4,9862.4
1748268080874.0,9857.3,9862.3
1748268082425.0,9857.4,9862.4
1748268083963.0,9857.3,9862.3
1748268084062.0,9857.4,9862.4
1748268091473.0,9858.1,9863.1
1748268095942.0,9857.9,9862.9
1748268098653,,
1748268100712.0,9858.1,9863.1
1748268102367.0,9857.9,9862.9
1748268103398.0,9858.1,9863.1
1748268109116.0,9857.9,9862.9
1748268109921.0,9858.1,9863.1
1748268110022.0,9857.9,9862.9
1748268111314.0,9858.1,9863.1
1748268113281,,
1748268113760.0,9858.1,9863.1
1748268132064.0,9857.9,9862.9
1748268132384.0,9858.1,9863.1
1748268136997.0,9857.9,9862.9
1748268137281.0,9858.1,9863.1
1748268137853.0,9857.7,9862.7
1748268140500.0,9858.1,9863.1
1748268140600.0,9857.7,9862.7
1748268141388.0,9857.9,9862.9
1748268141487.0,9858.1,9863.1
1748268141589.0,9858.2,9863.2
1748268145436.0,9858.1,9863.1
1748268146057.0,9858.2,9863.2
1748268147471.0,9858.1,9863.1
1748268149342.0,9858.2,9863.2
1748268150354.0,9858.4,9863.4
1748268150554.0,9858.4,9863.4
1748268152984.0,9858.7,9863.7
1748268160723.0,9858.6,9863.6
1748268160923.0,9858.4,9863.4
1748268161023.0,9858.6,9863.6
1748268170437.0,9858.4,9863.4
1748268173128.0,9858.6,9863.6
1748268177388.0,9858.4,9863.4
1748268178147.0,9858.6,9863.6
1748268178248.0,9858.4,9863.4
1748268184825.0,9858.6,9863.6
1748268192781.0,9858.3,9863.3
1748268193043.0,9858.4,9863.4
1748268193995.0,9858.6,9863.6
1748268196755.0,9858.7,9863.7
1748268200108.0,9858.9,9863.9
1748268208159.0,9858.6,9863.6
1748268208857.0,9858.7,9863.7
1748268209063.0,9859.0,9864.0
1748268216049.0,9858.9,9863.9
1748268216151.0,9859.0,9864.0
1748268217804.0,9858.9,9863.9
1748268221380.0,9859.0,9864.0
1748268221480.0,9859.2,9864.2
1748268227655.0,9859.0,9864.0
1748268227756.0,9859.2,9864.2
1748268237346.0,9859.4,9864.4
1748268243265,,
1748268243365.0,9859.7,9864.7
1748268244068.0,9859.9,9864.9
1748268251560.0,9859.7,9864.7
1748268251659.0,9859.4,9864.4
1748268259147.0,9859.4,9864.4
1748268261204.0,9859.3,9864.3
1748268261304.0,9859.4,9864.4
1748268267866.0,9859.6,9864.6
1748268284819.0,9859.6,9864.6
1748268289090.0,9859.4,9864.4
1748268293201.0,9859.6,9864.6
1748268293470.0,9859.7,9864.7
1748268300701.0,9859.7,9864.7
1748268306573.0,9859.9,9864.9
1748268317930.0,9859.6,9864.6
1748268322531.0,9859.3,9864.3
1748268322731.0,9859.4,9864.4
1748268323642.0,9859.4,9864.4
1748268326872.0,9859.3,9864.3
1748268328315.0,9859.4,9864.4
1748268328972.0,9859.3,9864.3
1748268330022.0,9859.4,9864.4
1748268331792.0,9859.6,9864.6
1748268345011.0,9859.4,9864.4
1748268350707.0,9859.3,9864.3
1748268353278.0,9859.4,9864.4
1748268355475.0,9859.6,9864.6
1748268358228.0,9859.4,9864.4
1748268363263.0,9859.6,9864.6
1748268385273.0,9859.7,9864.7
1748268385504.0,9859.6,9864.6
1748268386622.0,9859.4,9864.4
1748268398619.0,9860.0,9865.0
1748268399352,,
1748268400188.0,9859.9,9864.9
1748268400545.0,9860.0,9865.0
1748268402083.0,9859.9,9864.9
1748268405258,,
1748268413451.0,9860.0,9865.0
1748268413550.0,9860.2,9865.2
1748268416028.0,9859.9,9864.9
1748268420239.0,9860.0,9865.0
1748268420519.0,9860.2,9865.2
1748268422034.0,9860.4,9865.4
1748268422132.0,9860.2,9865.2
1748268423673.0,9860.4,9865.4
1748268426066.0,9860.5,9865.5
1748268426167.0,9860.4,9865.4
1748268428777.0,9860.5,9865.5
1748268432159.0,9860.4,9865.4
1748268438995.0,9860.5,9865.5
1748268439220.0,9860.4,9865.4
1748268440418.0,9860.5,9865.5
1748268447496,,
1748268451431.0,9860.9,9865.9
1748268457077.0,9860.7,9865.7
1748268459170.0,9860.6,9865.6
1748268459412.0,9860.7,9865.7
1748268460011.0,9860.6,9865.6
1748268460446.0,9860.7,9865.7
1748268460546.0,9860.6,9865.6
1748268462684.0,9860.4,9865.4
1748268462784.0,9860.7,9865.7
1748268473166.0,9860.9,9865.9
1748268473267.0,9861.0,9866.0
1748268474599.0,9860.9,9865.9
1748268476013.0,9860.9,9865.9
1748268478540.0,9860.6,9865.6
1748268478755.0,9860.7,9865.7
1748268480107.0,9860.6,9865.6
1748268480209.0,9860.7,9865.7
1748268481878.0,9860.6,9865.6
1748268482077.0,9860.7,9865.7
1748268482179.0,9860.6,9865.6
1748268484709.0,9860.7,9865.7
1748268486285.0,9860.6,9865.6
1748268486721.0,9860.7,9865.7
1748268489377.0,9860.7,9865.7
1748268491388.0,9860.6,9865.6
1748268491789.0,9860.7,9865.7
1748268492844.0,9860.9,9865.9
1748268492942.0,9860.7,9865.7
1748268510079.0,9861.0,9866.0
1748268511671.0,9860.6,9865.6
1748268512284,,
1748268512484.0,9860.7,9865.7
1748268514012.0,9860.9,9865.9
1748268526276.0,9860.7,9865.7
1748268526876.0,9860.9,9865.9
1748268534001.0,9861.0,9866.0
1748268534534.0,9860.9,9865.9
1748268552490.0,9861.0,9866.0
1748268553267.0,9860.9,9865.9
1748268554953.0,9860.7,9865.7
1748268555388,,
1748268556570.0,9860.3,9865.3
1748268560718.0,9859.9,9864.9
1748268562303.0,9859.8,9864.8
1748268562822.0,9859.9,9864.9
1748268563116.0,9859.8,9864.8
1748268569137.0,9859.9,9864.9
1748268569778.0,9859.8,9864.8
1748268569880.0,9859.9,9864.9
1748268571593,,
1748268572251.0,9859.9,9864.9
1748268577284.0,9860.0,9865.0
1748268579179.0,9859.9,9864.9
1748268583093.0,9860.0,9865.0
1748268584229.0,9859.9,9864.9
1748268589570.0,9860.0,9865.0
1748268593694.0,9859.9,9864.9
1748268598519.0,9860.4,9865.4
1748268601268.0,9860.5,9865.5
1748268603055.0,9860.5,9865.5
1748268605270.0,9860.4,9865.4
1748268607014,,
1748268617212,,
1748268623946.0,9860.5,9865.5
1748268630038.0,9860.7,9865.7
1748268636828.0,9860.5,9865.5
1748268647744.0,9860.7,9865.7
1748268648105.0,9860.5,9865.5
1748268651413.0,9860.4,9865.4
1748268663707.0,9860.5,9865.5
1748268665117,,
1748268669785.0,9860.7,9865.7
1748268669884.0,9860.6,9865.6
1748268669984.0,9860.7,9865.7
1748268675009.0,9860.9,9865.9
1748268690009.0,9860.7,9865.7
1748268692374.0,9860.6,9865.6
1748268692473.0,9860.7,9865.7
1748268694307.0,9860.6,9865.6
1748268696546.0,9860.2,9865.2
1748268696963,,
1748268697065.0,9860.1,9865.1
1748268700908.0,9859.9,9864.9
1748268708027,,
1748268720010.0,9859.9,9864.9
1748268731699.0,9860.2,9865.2
1748268742394.0,9859.9,9864.9
1748268746532.0,9859.8,9864.8
1748268746946.0,9859.9,9864.9
1748268751930,,
1748268754600.0,9860.0,9865.0
1748268756892.0,9859.9,9864.9
1748268759982.0,9860.0,9865.0
1748268760237.0,9859.9,9864.9
1748268760719.0,9859.9,9864.9
1748268768834.0,9860.0,9865.0
1748268771570.0,9859.9,9864.9
1748268772057.0,9860.0,9865.0
1748268773612.0,9859.9,9864.9
1748268773711.0,9860.0,9865.0
1748268776655.0,9859.9,9864.9
1748268792845.0,9859.6,9864.6
1748268792943.0,9859.4,9864.4
1748268794630.0,9859.3,9864.3
1748268795013.0,9858.9,9863.9
1748268804363.0,9858.8,9863.8
1748268810247.0,9859.1,9864.1
1748268810348.0,9859.2,9864.2
1748268811266.0,9859.1,9864.1
1748268811485.0,9859.2,9864.2
1748268811586.0,9859.1,9864.1
1748268812447.0,9859.2,9864.2
1748268812734.0,9859.1,9864.1
1748268813112.0,9859.2,9864.2
1748268813616.0,9859.1,9864.1
1748268813716.0,9858.8,9863.8
1748268824575.0,9858.8,9863.8
1748268825137.0,9858.8,9863.8
1748268827420.0,9858.4,9863.4
1748268828414.0,9858.6,9863.6
1748268834116.0,9858.7,9863.7
1748268834812.0,9858.9,9863.9
1748268836974.0,9858.7,9863.7
1748268839198.0,9858.9,9863.9
1748268843900.0,9858.7,9863.7
1748268849831.0,9858.9,9863.9
1748268850399.0,9858.7,9863.7
1748268852631.0,9858.9,9863.9
1748268875703.0,9858.7,9863.7
1748268875821.0,9858.9,9863.9
1748268876623.0,9859.0,9864.0
1748268876823.0,9858.7,9863.7
1748268878141.0,9858.6,9863.6
1748268879319.0,9858.7,9863.7
1748268880100.0,9858.6,9863.6
1748268880299.0,9858.6,9863.6
1748268880672.0,9858.7,9863.7
1748268881662.0,9858.9,9863.9
1748268886091.0,9859.0,9864.0
1748268887535.0,9859.2,9864.2
1748268891452.0,9859.3,9864.3
1748268891653.0,9859.5,9864.5
1748268891990.0,9859.7,9864.7
1748268892197.0,9859.8,9864.8
1748268892506.0,9859.9,9864.9
1748268892715.0,9859.9,9864.9
1748268895087.0,9860.0,9865.0
1748268896243.0,9859.9,9864.9
1748268897557.0,9859.7,9864.7
1748268900010.0,9859.9,9864.9
1748268903707.0,9859.7,9864.7
1748268915010.0,9859.9,9864.9
1748268926950.0,9859.7,9864.7
1748268940343.0,9860.0,9865.0
1748268940444.0,9859.7,9864.7
1748268956261.0,9859.9,9864.9
1748268956361.0,9859.7,9864.7
1748268956654.0,9859.9,9864.9
1748268957865.0,9860.0,9865.0
1748268960263.0,9859.9,9864.9
1748268961032.0,9860.0,9865.0
1748268961905.0,9859.7,9864.7
1748268975119.0,9859.6,9864.6
1748268976093.0,9859.3,9864.3
1748268978478.0,9858.8,9863.8
1748268978579.0,9858.9,9863.9
1748268979029.0,9858.8,9863.8
1748268979312.0,9858.9,9863.9
1748268982292.0,9858.8,9863.8
1748268982750.0,9858.9,9863.9
1748268985126.0,9858.6,9863.6
1748269005007.0,9858.4,9863.4
1748269007633.0,9858.7,9863.7
1748269010479.0,9858.9,9863.9
1748269010578.0,9858.7,9863.7
1748269012936,,
1748269018196.0,9858.7,9863.7
1748269018869.0,9858.9,9863.9
1748269018970,,
1748269019429.0,9859.0,9864.0
1748269026543,,
1748269026642.0,9858.7,9863.7
1748269035470.0,9858.5,9863.5
1748269035572.0,9858.4,9863.4
1748269050006.0,9858.2,9863.2
1748269062493.0,9858.4,9863.4
1748269062593,,
1748269062795.0,9858.2,9863.2
1748269064639.0,9858.4,9863.4
1748269064739.0,9858.2,9863.2
1748269071192.0,9857.9,9862.9
1748269075419.0,9858.1,9863.1
1748269075520.0,9857.9,9862.9
1748269075983.0,9857.6,9862.6
1748269077512.0,9857.7,9862.7
1748269077613.0,9857.6,9862.6
1748269078430.0,9857.7,9862.7
1748269079918.0,9857.6,9862.6
1748269080155.0,9857.4,9862.4
1748269081830,,
1748269089536.0,9857.6,9862.6
1748269089804.0,9857.7,9862.7
1748269096940.0,9857.6,9862.6
1748269103752.0,9857.4,9862.4
1748269109856.0,9857.6,9862.6
1748269110055.0,9857.4,9862.4
1748269120150.0,9857.3,9862.3
1748269120251.0,9857.1,9862.1
1748269125011.0,9856.9,9861.9
1748269126580.0,9856.7,9861.7
1748269126679,,
1748269129609.0,9856.9,9861.9
1748269132562.0,9856.7,9861.7
1748269133780.0,9856.9,9861.9
1748269141017,,
1748269144075.0,9856.7,9861.7
1748269146006.0,9856.1,9861.1
1748269146191.0,9856.2,9861.2
1748269146677.0,9856.4,9861.4
1748269150001.0,9856.6,9861.6
1748269152348.0,9856.4,9861.4
1748269155694.0,9856.7,9861.7
1748269157858,,
1748269157958.0,9857.0,9862.0
1748269162056.0,9856.9,9861.9
1748269164371.0,9857.0,9862.0
1748269167531.0,9857.0,9862.0
1748269170111.0,9856.9,9861.9
1748269170598.0,9857.0,9862.0
1748269175998.0,9856.9,9861.9
1748269184351.0,9856.7,9861.7
1748269184553.0,9857.0,9862.0
1748269188185.0,9856.9,9861.9
1748269200014.0,9856.7,9861.7
1748269209025.0,9857.0,9862.0
1748269209125.0,9856.9,9861.9
1748269209273.0,9856.7,9861.7
1748269212267.0,9856.6,9861.6
1748269215945.0,9856.4,9861.4
1748269217139.0,9856.6,9861.6
1748269219052.0,9856.4,9861.4
1748269221700.0,9856.6,9861.6
1748269223913.0,9856.1,9861.1
1748269224011.0,9856.2,9861.2
1748269224220.0,9856.1,9861.1
1748269233942.0,9856.2,9861.2
1748269241077.0,9856.4,9861.4
1748269241179.0,9856.6,9861.6
1748269245013.0,9856.2,9861.2
1748269257842.0,9856.7,9861.7
1748269262577.0,9856.9,9861.9
1748269262677,,
1748269263733.0,9856.7,9861.7
1748269267710.0,9856.6,9861.6
1748269272639.0,9856.2,9861.2
1748269276175.0,9856.1,9861.1
1748269276274.0,9856.2,9861.2
1748269281816.0,9856.7,9861.7
1748269293270.0,9856.6,9861.6
1748269294265.0,9856.4,9861.4
1748269296225.0,9856.2,9861.2
1748269308094.0,9856.6,9861.6
1748269309354.0,9856.6,9861.6
1748269312485.0,9856.6,9861.6
1748269319334.0,9856.9,9861.9
1748269324799.0,9857.0,9862.0
1748269327416.0,9856.9,9861.9
1748269327901.0,9857.0,9862.0
1748269333653.0,9856.9,9861.9
1748269336285.0,9856.7,9861.7
1748269350617.0,9856.9,9861.9
1748269354395.0,9857.0,9862.0
1748269355350.0,9856.9,9861.9
1748269355628.0,9857.0,9862.0
1748269357532.0,9856.9,9861.9
1748269367762.0,9856.9,9861.9
1748269372478.0,9857.0,9862.0
1748269374223.0,9857.3,9862.3
1748269374557.0,9857.4,9862.4
1748269375087.0,9857.5,9862.5
1748269384152.0,9857.4,9862.4
1748269386104.0,9857.5,9862.5
1748269387845.0,9857.8,9862.8
1748269390779.0,9857.7,9862.7
1748269394369.0,9857.4,9862.4
1748269395014.0,9857.2,9862.2
1748269400187.0,9857.1,9862.1
1748269400597.0,9856.9,9861.9
1748269400899.0,9857.1,9862.1
1748269406171.0,9856.8,9861.8
1748269406370.0,9856.7,9861.7
1748269410375.0,9856.6,9861.6
1748269412836.0,9856.4,9861.4
1748269413882.0,9856.6,9861.6
1748269414082.0,9856.6,9861.6
1748269417305.0,9856.7,9861.7
1748269419661.0,9856.6,9861.6
1748269420180.0,9856.7,9861.7
1748269424043.0,9857.1,9862.1
1748269424142.0,9856.9,9861.9
1748269425008.0,9857.1,9862.1
1748269428062.0,9856.7,9861.7
1748269433893.0,9856.7,9861.7
1748269440631.0,9856.7,9861.7
1748269449440.0,9857.1,9862.1
1748269452025.0,9857.2,9862.2
1748269452770.0,9856.9,9861.9
1748269466114.0,9856.7,9861.7
1748269466313.0,9856.9,9861.9
1748269467264.0,9857.1,9862.1
1748269469614.0,9857.2,9862.2
1748269473170.0,9857.1,9862.1
1748269483018.0,9857.2,9862.2
1748269483239.0,9856.7,9861.7
1748269485741.0,9856.9,9861.9
1748269489770.0,9857.1,9862.1
1748269490463.0,9857.2,9862.2
1748269490563.0,9857.1,9862.1
1748269491518.0,9856.9,9861.9
1748269493215.0,9857.1,9862.1
1748269493315.0,9857.2,9862.2
1748269493449.0,9857.1,9862.1
1748269493549.0,9857.2,9862.2
1748269494599.0,9857.5,9862.5
1748269494890.0,9857.4,9862.4
1748269495010.0,9857.5,9862.5
1748269500066.0,9857.4,9862.4
1748269502183.0,9857.2,9862.2
1748269511048.0,9857.4,9862.4
1748269520669.0,9857.1,9862.1
1748269520870.0,9856.7,9861.7
1748269530016.0,9856.9,9861.9
1748269533982.0,9857.4,9862.4
1748269543658.0,9857.2,9862.2
1748269550432.0,9857.1,9862.1
1748269550532.0,9857.2,9862.2
1748269551102.0,9857.1,9862.1
1748269553950.0,9857.2,9862.2
1748269563892,,
1748269566289,,
1748269570285.0,9857.1,9862.1
1748269570487.0,9857.2,9862.2
1748269572799.0,9857.1,9862.1
1748269575828.0,9857.2,9862.2
1748269582491.0,9856.4,9861.4
1748269616866.0,9856.5,9861.5
1748269620213.0,9856.4,9861.4
1748269620314.0,9856.5,9861.5
1748269621642.0,9856.4,9861.4
1748269624920.0,9856.4,9861.4
1748269641373.0,9856.5,9861.5
1748269654719.0,9857.2,9862.2
1748269665705.0,9857.7,9862.7
1748269668492.0,9857.4,9862.4
1748269673500.0,9857.5,9862.5
1748269673600.0,9857.4,9862.4
1748269685518.0,9857.5,9862.5
1748269693138.0,9857.4,9862.4
1748269695085.0,9857.5,9862.5
1748269696105.0,9857.4,9862.4
1748269698004.0,9857.5,9862.5
1748269699799.0,9857.4,9862.4
1748269701838.0,9857.5,9862.5
1748269701937.0,9857.4,9862.4
1748269706304.0,9857.5,9862.5
1748269717467.0,9857.4,9862.4
1748269718656.0,9857.5,9862.5
1748269720842.0,9857.4,9862.4
1748269720982.0,9857.5,9862.5
1748269721263.0,9857.4,9862.4
1748269721545.0,9857.5,9862.5
1748269723978.0,9857.4,9862.4
1748269724372.0,9857.5,9862.5
1748269724471.0,9857.4,9862.4
1748269724849.0,9857.5,9862.5
1748269724948.0,9857.4,9862.4
1748269725506.0,9857.5,9862.5
1748269730466.0,9857.4,9862.4
1748269739890.0,9857.4,9862.4
1748269740218.0,9857.5,9862.5
1748269762210.0,9857.4,9862.4
1748269767282.0,9857.5,9862.5
1748269768547.0,9857.4,9862.4
1748269769043,,
1748269769143,,
1748269770031.0,9857.4,9862.4
1748269772364.0,9857.2,9862.2
1748269780423.0,9857.4,9862.4
1748269780522,,
1748269785530.0,9857.2,9862.2
1748269785731.0,9857.2,9862.2
1748269797308.0,9857.1,9862.1
1748269800117.0,9856.7,9861.7
1748269821637.0,9856.6,9861.6
1748269824341.0,9856.7,9861.7
1748269826242.0,9856.6,9861.6
1748269826752.0,9856.5,9861.5
1748269827096.0,9856.6,9861.6
1748269827787.0,9856.7,9861.7
1748269829454.0,9856.6,9861.6
1748269830747,,
1748269835710.0,9856.4,9861.4
1748269845008.0,9856.2,9861.2
1748269849297.0,9856.1,9861.1
1748269850862.0,9856.2,9861.2
1748269851705.0,9856.1,9861.1
1748269853326.0,9856.2,9861.2
1748269854826.0,9856.4,9861.4
1748269862399.0,9856.5,9861.5
1748269862500.0,9856.8,9861.8
1748269862667.0,9856.7,9861.7
1748269863670.0,9856.5,9861.5
1748269865308.0,9856.7,9861.7
1748269867654.0,9856.8,9861.8
1748269868038.0,9856.7,9861.7
1748269869363.0,9856.5,9861.5
1748269870243.0,9856.7,9861.7
1748269873865.0,9856.7,9861.7
1748269875886.0,9856.8,9861.8
1748269883789.0,9857.0,9862.0
1748269883887.0,9856.9,9861.9
1748269889684.0,9856.6,9861.6
1748269889795.0,9856.7,9861.7
1748269890009.0,9856.9,9861.9
1748269901981.0,9857.0,9862.0
1748269902562.0,9857.2,9862.2
1748269905106.0,9857.3,9862.3
1748269905205,,
1748269905305.0,9857.7,9862.7
1748269910855.0,9857.4,9862.4
1748269912072.0,9857.5,9862.5
1748269912171.0,9857.4,9862.4
1748269912457.0,9857.5,9862.5
1748269922455.0,9857.7,9862.7
1748269930305.0,9857.5,9862.5
1748269948631.0,9857.4,9862.4
1748269949679.0,9857.2,9862.2
1748269952698.0,9857.4,9862.4
1748269953227,,
1748269954097.0,9856.9,9861.9
1748269954486.0,9857.1,9862.1
1748269967422.0,9856.9,9861.9
1748269968668.0,9857.1,9862.1
1748269980431.0,9856.8,9861.8
1748269980532.0,9856.9,9861.9
1748269983895.0,9857.1,9862.1
1748269989971.0,9857.2,9862.2
1748269992059.0,9857.1,9862.1
1748269997502.0,9857.1,9862.1
1748270000208.0,9857.4,9862.4
1748270010010.0,9857.2,9862.2
1748270025032.0,9857.1,9862.1
1748270027749.0,9857.2,9862.2
1748270027848.0,9857.1,9862.1
1748270029955.0,9856.9,9861.9
1748270036207.0,9856.9,9861.9
1748270041392.0,9856.3,9861.3
1748270041492.0,9856.4,9861.4
1748270044200.0,9856.6,9861.6
1748270061574.0,9856.7,9861.7
1748270062199.0,9856.6,9861.6
1748270064583.0,9856.7,9861.7
1748270064684.0,9856.6,9861.6
1748270066738.0,9856.4,9861.4
1748270068972.0,9856.3,9861.3
1748270075120.0,9856.3,9861.3
1748270078791,,
1748270084501.0,9856.4,9861.4
1748270098227.0,9856.1,9861.1
1748270098764.0,9856.2,9861.2
1748270098863.0,9856.1,9861.1
1748270101963,,
1748270109403.0,9856.1,9861.1
1748270110963,,
1748270113415.0,9856.2,9861.2
1748270115008.0,9856.4,9861.4
1748270129849.0,9855.9,9860.9
1748270130048.0,9856.1,9861.1
1748270134126.0,9856.4,9861.4
1748270134227.0,9856.5,9861.5
1748270134480.0,9856.4,9861.4
1748270136165.0,9856.5,9861.5
1748270140831.0,9856.5,9861.5
1748270141572.0,9856.4,9861.4
1748270145011.0,9856.2,9861.2
1748270152902.0,9856.4,9861.4
1748270153002.0,9856.7,9861.7
1748270161222.0,9856.8,9861.8
1748270161322.0,9856.7,9861.7
1748270161496.0,9856.8,9861.8
1748270170288.0,9857.2,9862.2
1748270172492.0,9857.3,9862.3
1748270172738.0,9857.2,9862.2
1748270174515.0,9857.7,9862.7
1748270179306.0,9857.8,9862.8
1748270179407.0,9858.2,9863.2
1748270182359.0,9858.2,9863.2
1748270188733.0,9858.0,9863.0
1748270188834.0,9858.2,9863.2
1748270207626.0,9858.3,9863.3
1748270207805.0,9858.2,9863.2
1748270218547.0,9858.0,9863.0
1748270220275.0,9858.8,9863.8
1748270221790.0,9858.5,9863.5
1748270224080.0,9858.7,9863.7
1748270224828,,
1748270234024.0,9858.4,9863.4
1748270234897.0,9858.5,9863.5
1748270238596.0,9858.4,9863.4
1748270250038.0,9858.2,9863.2
1748270250439.0,9858.5,9863.5
1748270250665.0,9858.4,9863.4
1748270260398,,
1748270280065.0,9858.1,9863.1
1748270281132.0,9857.9,9862.9
1748270282174.0,9857.8,9862.8
1748270283246.0,9857.6,9862.6
1748270302786.0,9857.7,9862.7
1748270308304.0,9858.2,9863.2
1748270314204.0,9858.5,9863.5
1748270317685,,
1748270322224.0,9858.4,9863.4
1748270325045.0,9858.5,9863.5
1748270329495.0,9858.4,9863.4
1748270332018.0,9858.5,9863.5
1748270336190.0,9858.4,9863.4
1748270339100.0,9858.5,9863.5
1748270342607.0,9858.4,9863.4
1748270343410.0,9858.2,9863.2
1748270343710.0,9858.1,9863.1
1748270357688.0,9857.6,9862.6
1748270360302.0,9857.7,9862.7
1748270361353.0,9858.1,9863.1
1748270372765.0,9858.2,9863.2
1748270372867.0,9858.1,9863.1
1748270373939.0,9858.2,9863.2
1748270376110.0,9858.4,9863.4
1748270383167.0,9858.2,9863.2
1748270387072.0,9857.9,9862.9
1748270387173.0,9857.4,9862.4
1748270387958.0,9857.4,9862.4
1748270388066.0,9857.3,9862.3
1748270391863.0,9856.9,9861.9
1748270392262.0,9857.1,9862.1
1748270400317.0,9857.1,9862.1
1748270403623,,
1748270411367.0,9857.1,9862.1
1748270413889.0,9856.9,9861.9
1748270415012.0,9857.1,9862.1
1748270415898.0,9857.2,9862.2
1748270415998.0,9857.4,9862.4
1748270417130.0,9857.5,9862.5
1748270423425.0,9857.7,9862.7
1748270426196.0,9857.5,9862.5
1748270426854.0,9857.7,9862.7
1748270427710.0,9857.5,9862.5
1748270429541.0,9857.7,9862.7
1748270432406.0,9857.5,9862.5
1748270433439.0,9857.7,9862.7
1748270433846.0,9857.8,9862.8
1748270438040.0,9858.2,9863.2
1748270438800.0,9858.0,9863.0
1748270442462.0,9857.9,9862.9
1748270446553.0,9857.8,9862.8
1748270446652.0,9857.9,9862.9
1748270447313.0,9857.8,9862.8
1748270447675.0,9857.9,9862.9
1748270448139.0,9857.9,9862.9
1748270449708.0,9857.8,9862.8
1748270449960.0,9857.7,9862.7
1748270455829.0,9857.3,9862.3
1748270456882.0,9857.1,9862.1
1748270460008.0,9856.9,9861.9
1748270472540.0,9857.2,9862.2
1748270473341.0,9857.1,9862.1
1748270475529.0,9857.2,9862.2
1748270477793.0,9857.1,9862.1
1748270477894.0,9856.9,9861.9
1748270478117.0,9857.2,9862.2
1748270484594.0,9857.6,9862.6
1748270488400.0,9857.7,9862.7
1748270488499.0,9857.6,9862.6
1748270494265.0,9857.7,9862.7
1748270494631.0,9857.6,9862.6
1748270499207.0,9857.7,9862.7
1748270504286.0,9857.6,9862.6
1748270507165.0,9857.6,9862.6
1748270508713.0,9857.1,9862.1
1748270509347.0,9857.2,9862.2
1748270510692.0,9857.1,9862.1
1748270517942.0,9857.2,9862.2
1748270518398.0,9857.1,9862.1
1748270518834.0,9857.2,9862.2
1748270520200.0,9857.2,9862.2
1748270520332.0,9857.1,9862.1
1748270520647.0,9857.1,9862.1
1748270520747.0,9857.2,9862.2
1748270522476.0,9857.1,9862.1
1748270524818.0,9857.1,9862.1
1748270528190.0,9856.9,9861.9
1748270528626.0,9856.8,9861.8
1748270531412.0,9856.9,9861.9
1748270531875.0,9856.8,9861.8
1748270532174.0,9856.9,9861.9
1748270536487.0,9856.8,9861.8
1748270539079.0,9856.9,9861.9
1748270544293.0,9856.8,9861.8
1748270548532.0,9856.4,9861.4
1748270557455.0,9856.3,9861.3
1748270564733.0,9856.3,9861.3
1748270565013.0,9856.1,9861.1
1748270573094.0,9855.9,9860.9
1748270573933.0,9856.2,9861.2
1748270574907.0,9856.1,9861.1
1748270591948.0,9856.2,9861.2
1748270592047.0,9856.1,9861.1
1748270597769.0,9856.2,9861.2
1748270597882.0,9856.1,9861.1
1748270599767.0,9856.2,9861.2
1748270605419.0,9856.1,9861.1
1748270617028.0,9856.2,9861.2
1748270625515.0,9856.6,9861.6
1748270628082.0,9856.7,9861.7
1748270628352.0,9856.6,9861.6
1748270629899.0,9856.7,9861.7
1748270633186.0,9856.6,9861.6
1748270633285.0,9856.7,9861.7
1748270637973.0,9856.9,9861.9
1748270639131.0,9856.7,9861.7
1748270649992,,
1748270652221.0,9857.0,9862.0
1748270652617.0,9856.9,9861.9
1748270682043.0,9857.0,9862.0
1748270694089.0,9856.9,9861.9
1748270695401.0,9857.0,9862.0
1748270695877.0,9856.9,9861.9
1748270697687.0,9857.0,9862.0
1748270700455.0,9856.9,9861.9
1748270700557.0,9857.0,9862.0
1748270701530.0,9856.9,9861.9
1748270705865.0,9857.0,9862.0
1748270712753,,
1748270716555.0,9856.8,9861.8
1748270716653.0,9856.9,9861.9
1748270720506.0,9857.0,9862.0
1748270733419,,
1748270738456,,
1748270739368.0,9857.2,9862.2
1748270745007.0,9857.4,9862.4
1748270764995.0,9857.2,9862.2
1748270765095,,
1748270775009.0,9857.4,9862.4
1748270782146.0,9857.0,9862.0
1748270784100.0,9857.1,9862.1
1748270793179,,
1748270804408.0,9856.9,9861.9
1748270806689,,
1748270810057.0,9857.2,9862.2
1748270810157.0,9857.1,9862.1
1748270810255.0,9857.4,9862.4
1748270813897,,
1748270816306,,
1748270824991,,
1748270827145,,
1748270856530.0,9857.0,9862.0
1748270857773.0,9857.2,9862.2
1748270860429.0,9857.1,9862.1
1748270860529.0,9857.2,9862.2
1748270863429.0,9857.1,9862.1
1748270863528.0,9857.2,9862.2
1748270878272.0,9857.4,9862.4
1748270878371,,
1748270879999,,
1748270889972.0,9857.0,9862.0
1748270890072.0,9856.9,9861.9
1748270894011.0,9857.0,9862.0
1748270895008.0,9856.9,9861.9
1748270900277,,
1748270910007.0,9856.9,9861.9
1748270912312.0,9856.9,9861.9
1748270915185.0,9857.0,9862.0
1748270925008.0,9856.9,9861.9
1748270934652.0,9856.8,9861.8
1748270939693.0,9856.9,9861.9
1748270939794.0,9856.8,9861.8
1748270940044.0,9856.8,9861.8
1748270941292.0,9856.9,9861.9
1748270941622.0,9856.9,9861.9
1748270945367.0,9857.1,9862.1
1748270945493.0,9857.0,9862.0
1748270946181.0,9857.1,9862.1
1748270946282.0,9857.2,9862.2
1748270947525,,
1748270963441.0,9857.2,9862.2
1748270965117.0,9857.0,9862.0
1748270970012.0,9856.9,9861.9
1748270979040.0,9856.8,9861.8
1748270979492.0,9856.7,9861.7
1748270979592.0,9856.2,9861.2
1748270980148.0,9856.3,9861.3
1748270981602.0,9856.3,9861.3
1748270982469.0,9856.2,9861.2
1748270982569.0,9856.0,9861.0
1748270983286.0,9856.3,9861.3
1748270985061.0,9856.2,9861.2
1748270985530.0,9856.3,9861.3
1748270988305.0,9856.4,9861.4
1748270997323.0,9856.3,9861.3
1748270997522.0,9856.2,9861.2
1748271001660.0,9856.1,9861.1
1748271003266.0,9856.0,9861.0
1748271009617.0,9856.2,9861.2
1748271015096.0,9856.1,9861.1
1748271026242.0,9856.1,9861.1
1748271026341.0,9856.0,9861.0
1748271026459.0,9856.1,9861.1
1748271027458.0,9856.0,9861.0
1748271029111.0,9856.1,9861.1
1748271032549.0,9855.9,9860.9
1748271039520,,
1748271047233.0,9856.2,9861.2
1748271053487.0,9856.7,9861.7
1748271054079.0,9856.9,9861.9
1748271054179.0,9857.0,9862.0
1748271055225.0,9857.0,9862.0
1748271056811.0,9856.9,9861.9
1748271056911.0,9857.0,9862.0
1748271069957.0,9856.9,9861.9
1748271075977.0,9857.0,9862.0
1748271077823.0,9856.9,9861.9
1748271080447.0,9857.0,9862.0
1748271091461.0,9856.2,9861.2
1748271104810.0,9856.1,9861.1
1748271107067.0,9856.2,9861.2
1748271108921.0,9856.1,9861.1
1748271109619.0,9856.0,9861.0
1748271109719.0,9855.9,9860.9
1748271110943.0,9856.2,9861.2
1748271117639.0,9856.1,9861.1
1748271120234.0,9856.2,9861.2
1748271120474.0,9856.0,9861.0
1748271120574.0,9856.2,9861.2
1748271120674.0,9856.1,9861.1
1748271121421.0,9856.1,9861.1
1748271124982.0,9856.2,9861.2
1748271125911.0,9856.1,9861.1
1748271126625.0,9856.2,9861.2
1748271129592.0,9856.0,9861.0
1748271129694.0,9856.1,9861.1
1748271138810.0,9856.2,9861.2
1748271146365.0,9856.1,9861.1
1748271148196.0,9856.0,9861.0
1748271149188.0,9856.1,9861.1
1748271149542.0,9856.1,9861.1
1748271149642,,
1748271152306.0,9856.2,9861.2
1748271154257.0,9856.1,9861.1
1748271165227.0,9856.0,9861.0
1748271165325.0,9856.1,9861.1
1748271166097.0,9856.2,9861.2
1748271167415.0,9856.2,9861.2
1748271178640.0,9856.1,9861.1
1748271180745.0,9855.8,9860.8
1748271186925.0,9856.0,9861.0
1748271199086.0,9856.2,9861.2
1748271199188,,
1748271200017.0,9856.3,9861.3
1748271202078.0,9856.4,9861.4
1748271202952.0,9856.5,9861.5
1748271203981.0,9856.4,9861.4
1748271204238.0,9856.5,9861.5
1748271206689.0,9856.4,9861.4
1748271207092.0,9856.5,9861.5
1748271212588.0,9856.4,9861.4
1748271214141.0,9856.4,9861.4
1748271214726.0,9856.5,9861.5
1748271216353.0,9856.4,9861.4
1748271228660.0,9856.3,9861.3
1748271228759.0,9856.5,9861.5
1748271271113,,
1748271275120.0,9856.4,9861.4
1748271275311.0,9856.5,9861.5
1748271276061.0,9856.4,9861.4
1748271277336.0,9856.5,9861.5
1748271291083,,
1748271298372.0,9856.4,9861.4
1748271298571.0,9856.5,9861.5
1748271310222.0,9856.7,9861.7
1748271310321,,
1748271311917.0,9856.8,9861.8
1748271312016.0,9857.0,9862.0
1748271315102.0,9857.3,9862.3
1748271317645.0,9857.2,9862.2
1748271317743,,
1748271323843.0,9857.3,9862.3
1748271323943,,
1748271326571.0,9857.1,9862.1
1748271326670.0,9857.2,9862.2
1748271330864.0,9857.3,9862.3
1748271336202.0,9857.2,9862.2
1748271336302,,
1748271344953.0,9857.2,9862.2
1748271345708.0,9857.2,9862.2
1748271359516.0,9857.1,9862.1
1748271359615.0,9857.2,9862.2
1748271361322.0,9857.1,9862.1
1748271362097.0,9857.0,9862.0
1748271362512.0,9857.1,9862.1
1748271364428.0,9856.8,9861.8
1748271365962.0,9856.9,9861.9
1748271366061.0,9857.1,9862.1
1748271366298.0,9857.0,9862.0
1748271366397.0,9857.2,9862.2
1748271366497.0,9857.1,9862.1
1748271368148.0,9857.1,9862.1
1748271368646.0,9857.2,9862.2
1748271370025,,
1748271370953,,
1748271374305,,
1748271375009.0,9857.2,9862.2
1748271382347,,
1748271389799.0,9857.2,9862.2
1748271389900.0,9856.8,9861.8
1748271391062.0,9857.2,9862.2
1748271391162.0,9857.1,9862.1
1748271393326.0,9857.0,9862.0
1748271393427.0,9857.1,9862.1
1748271395431.0,9857.2,9862.2
1748271399497.0,9857.3,9862.3
1748271399596,,
1748271410400.0,9857.2,9862.2
1748271410500.0,9857.0,9862.0
1748271411026.0,9857.1,9862.1
1748271411240.0,9857.0,9862.0
1748271415845.0,9857.2,9862.2
1748271416918.0,9857.1,9862.1
1748271417811.0,9857.2,9862.2
1748271419244.0,9857.1,9862.1
1748271421685.0,9857.0,9862.0
1748271427258.0,9856.9,9861.9
1748271427358.0,9857.0,9862.0
1748271429148.0,9857.1,9862.1
1748271432253.0,9856.8,9861.8
1748271433723,,
1748271434081.0,9856.7,9861.7
1748271434327.0,9856.2,9861.2
1748271434564.0,9856.3,9861.3
1748271437740.0,9856.2,9861.2
1748271439221.0,9856.1,9861.1
1748271439322.0,9856.0,9861.0
1748271446852.0,9856.3,9861.3
1748271446951.0,9856.2,9861.2
1748271450011.0,9855.8,9860.8
1748271450224.0,9855.7,9860.7
1748271450324.0,9855.8,9860.8
1748271456356.0,9855.7,9860.7
1748271456562.0,9855.8,9860.8
1748271458457.0,9855.7,9860.7
1748271459111.0,9855.8,9860.8
1748271459212.0,9855.7,9860.7
1748271463513.0,9855.8,9860.8
1748271464303.0,9855.7,9860.7
1748271466060.0,9855.8,9860.8
1748271466858.0,9855.7,9860.7
1748271467467.0,9855.8,9860.8
1748271467928.0,9856.0,9861.0
1748271472494.0,9855.8,9860.8
1748271479419.0,9856.1,9861.1
1748271480082.0,9856.0,9861.0
1748271482067.0,9856.1,9861.1
1748271482271.0,9856.0,9861.0
1748271485667.0,9855.8,9860.8
1748271485767.0,9855.7,9860.7
1748271486010.0,9855.8,9860.8
1748271492176.0,9856.1,9861.1
1748271492275.0,9856.0,9861.0
1748271493603.0,9855.8,9860.8
1748271496745.0,9855.7,9860.7
1748271496845.0,9855.5,9860.5
1748271497165.0,9855.8,9860.8
1748271502572.0,9855.7,9860.7
1748271503541.0,9855.8,9860.8
1748271504378,,
1748271504577.0,9855.7,9860.7
1748271506218.0,9855.6,9860.6
1748271506319.0,9855.7,9860.7
1748271509259,,
1748271509598.0,9855.6,9860.6
1748271510019.0,9855.7,9860.7
1748271510168.0,9855.6,9860.6
1748271510745.0,9855.6,9860.6
1748271511071.0,9855.6,9860.6
1748271511587.0,9855.7,9860.7
1748271512067.0,9855.6,9860.6
1748271512169.0,9855.7,9860.7
1748271517234.0,9856.1,9861.1
1748271517334.0,9856.2,9861.2
1748271518465.0,9856.2,9861.2
1748271519389.0,9856.1,9861.1
1748271523029.0,9856.0,9861.0
1748271523129.0,9856.1,9861.1
1748271523573.0,9855.8,9860.8
1748271525047.0,9856.0,9861.0
1748271525147.0,9856.1,9861.1
1748271526470.0,9856.1,9861.1
1748271527087.0,9856.2,9861.2
1748271528142.0,9856.1,9861.1
1748271528748.0,9856.2,9861.2
1748271531386.0,9856.3,9861.3
1748271532951.0,9855.8,9860.8
1748271533742.0,9856.1,9861.1
1748271534241.0,9856.0,9861.0
1748271534702.0,9856.1,9861.1
1748271535200.0,9856.0,9861.0
1748271535300.0,9855.8,9860.8
1748271535400.0,9856.1,9861.1
1748271535499.0,9856.0,9861.0
1748271535606.0,9856.1,9861.1
1748271536012.0,9855.8,9860.8
1748271536112.0,9856.0,9861.0
1748271540008.0,9855.7,9860.7
1748271540232.0,9856.1,9861.1
1748271543425.0,9856.2,9861.2
1748271543641.0,9856.1,9861.1
1748271544486.0,9856.0,9861.0
1748271549659.0,9856.0,9861.0
1748271555008.0,9855.8,9860.8
1748271557208.0,9856.0,9861.0
1748271557307.0,9856.1,9861.1
1748271557601.0,9856.0,9861.0
1748271558781.0,9856.1,9861.1
1748271558881,,
1748271560201.0,9856.2,9861.2
1748271560400.0,9856.1,9861.1
1748271561986.0,9856.0,9861.0
1748271562174.0,9856.1,9861.1
1748271562274.0,9855.8,9860.8
1748271569959.0,9856.1,9861.1
1748271570060.0,9856.2,9861.2
1748271570517.0,9856.1,9861.1
1748271572719.0,9856.0,9861.0
1748271572818.0,9856.1,9861.1
1748271573248.0,9856.0,9861.0
1748271573349.0,9855.8,9860.8
1748271574121.0,9856.1,9861.1
1748271574422.0,9856.2,9861.2
1748271574613.0,9856.1,9861.1
1748271574894.0,9856.2,9861.2
1748271574996.0,9856.1,9861.1
1748271575719.0,9856.2,9861.2
1748271576237.0,9856.2,9861.2
1748271578192.0,9856.1,9861.1
1748271578291,,
1748271578411.0,9856.2,9861.2
1748271578513.0,9856.0,9861.0
1748271583340.0,9856.1,9861.1
1748271583445.0,9856.2,9861.2
1748271584489.0,9856.1,9861.1
1748271584588.0,9856.2,9861.2
1748271584715.0,9856.1,9861.1
1748271586004.0,9856.2,9861.2
1748271586537.0,9856.1,9861.1
1748271589480.0,9856.2,9861.2
1748271589648.0,9856.1,9861.1
1748271589747.0,9856.2,9861.2
1748271590794.0,9856.1,9861.1
1748271592065.0,9856.0,9861.0
1748271592488.0,9855.6,9860.6
1748271592663.0,9855.7,9860.7
1748271595076.0,9855.6,9860.6
1748271596085.0,9855.6,9860.6
1748271596459.0,9855.7,9860.7
1748271596848.0,9855.6,9860.6
1748271597057.0,9855.6,9860.6
1748271598499.0,9855.5,9860.5
1748271599349.0,9855.6,9860.6
1748271600179.0,9855.5,9860.5
1748271605513.0,9855.3,9860.3
1748271615303.0,9855.6,9860.6
1748271615404.0,9855.5,9860.5
1748271616110.0,9855.5,9860.5
1748271617837.0,9855.6,9860.6
1748271618581.0,9855.7,9860.7
1748271618680.0,9855.6,9860.6
1748271619131.0,9855.5,9860.5
1748271619590.0,9855.6,9860.6
1748271619690.0,9855.5,9860.5
1748271621495.0,9855.6,9860.6
1748271621594.0,9855.5,9860.5
1748271622436.0,9855.5,9860.5
1748271626840.0,9855.3,9860.3
1748271632734.0,9855.6,9860.6
1748271632835.0,9855.5,9860.5
1748271633080.0,9855.6,9860.6
1748271633180.0,9855.5,9860.5
1748271634676.0,9855.6,9860.6
1748271635247.0,9855.6,9860.6
1748271635597.0,9855.5,9860.5
1748271636228.0,9855.6,9860.6
1748271637398.0,9855.7,9860.7
1748271637834.0,9855.6,9860.6
1748271638011.0,9855.3,9860.3
1748271638145.0,9855.6,9860.6
1748271638430.0,9855.6,9860.6
1748271638531.0,9855.3,9860.3
1748271638893.0,9855.6,9860.6
1748271639447.0,9855.5,9860.5
1748271639647.0,9855.6,9860.6
1748271641214.0,9855.5,9860.5
1748271641319.0,9855.6,9860.6
1748271645409.0,9855.5,9860.5
1748271645938.0,9855.5,9860.5
1748271646038.0,9855.6,9860.6
1748271646219.0,9855.5,9860.5
1748271646545.0,9855.6,9860.6
1748271646646.0,9855.5,9860.5
1748271647037.0,9855.6,9860.6
1748271647327.0,9855.5,9860.5
1748271647798.0,9855.6,9860.6
1748271648082.0,9855.5,9860.5
1748271648539.0,9855.6,9860.6
1748271649395.0,9855.5,9860.5
1748271649727.0,9855.6,9860.6
1748271649827.0,9855.5,9860.5
1748271649934.0,9855.6,9860.6
1748271650659.0,9855.7,9860.7
1748271650759.0,9855.6,9860.6
1748271650858.0,9855.5,9860.5
1748271651274.0,9855.6,9860.6
1748271651630.0,9855.5,9860.5
1748271652439.0,9855.6,9860.6
1748271653187.0,9855.6,9860.6
1748271653606.0,9855.5,9860.5
1748271653707.0,9855.3,9860.3
1748271660082.0,9855.6,9860.6
1748271661136.0,9855.7,9860.7
1748271661501.0,9856.0,9861.0
1748271663822.0,9855.7,9860.7
1748271663921.0,9855.6,9860.6
1748271664186.0,9855.5,9860.5
1748271664287.0,9855.6,9860.6
1748271664783.0,9855.6,9860.6
1748271666585.0,9855.7,9860.7
1748271668511.0,9855.6,9860.6
1748271668610.0,9855.7,9860.7
1748271671607.0,9856.1,9861.1
1748271671730.0,9856.2,9861.2
1748271673762.0,9856.1,9861.1
1748271673861.0,9856.2,9861.2
1748271674059.0,9856.1,9861.1
1748271674497.0,9856.2,9861.2
1748271674815.0,9856.1,9861.1
1748271674914.0,9856.2,9861.2
1748271675183.0,9856.1,9861.1
1748271678631.0,9856.1,9861.1
1748271679616.0,9856.0,9861.0
1748271679816.0,9856.2,9861.2
1748271679916.0,9856.1,9861.1
1748271680111.0,9856.0,9861.0
1748271680210.0,9855.8,9860.8
1748271682376.0,9856.1,9861.1
1748271682476.0,9856.0,9861.0
1748271683787.0,9856.1,9861.1
1748271685317.0,9856.0,9861.0
1748271685418.0,9855.8,9860.8
1748271686380.0,9855.9,9860.9
1748271686579.0,9856.2,9861.2
1748271687592.0,9856.1,9861.1
1748271688539.0,9856.2,9861.2
1748271690657.0,9856.1,9861.1
1748271691155.0,9856.2,9861.2
1748271691618.0,9856.1,9861.1
1748271692913.0,9856.2,9861.2
1748271693113.0,9856.1,9861.1
1748271693444.0,9856.2,9861.2
1748271693802.0,9856.3,9861.3
1748271694545.0,9856.4,9861.4
1748271695085.0,9856.3,9861.3
1748271697540.0,9856.2,9861.2
1748271697639,,
1748271705097.0,9856.4,9861.4
1748271705295.0,9856.5,9861.5
1748271706410.0,9856.4,9861.4
1748271706521.0,9856.5,9861.5
1748271710519.0,9856.6,9861.6
1748271712136.0,9856.5,9861.5
1748271712234.0,9856.6,9861.6
1748271713176.0,9856.5,9861.5
1748271713276.0,9856.6,9861.6
1748271714720.0,9856.5,9861.5
1748271715313,,
1748271715612.0,9856.5,9861.5
1748271715711.0,9856.6,9861.6
1748271716277.0,9856.3,9861.3
1748271716398.0,9856.6,9861.6
1748271716724.0,9856.5,9861.5
1748271717457.0,9856.3,9861.3
1748271717557,,
1748271719018.0,9856.5,9861.5
1748271719119.0,9856.6,9861.6
1748271719552.0,9856.6,9861.6
1748271721023.0,9856.5,9861.5
1748271721123.0,9856.6,9861.6
1748271721507.0,9856.5,9861.5
1748271727471.0,9856.3,9861.3
1748271734163.0,9856.7,9861.7
1748271736453.0,9856.5,9861.5
1748271736637.0,9856.3,9861.3
1748271736968.0,9856.0,9861.0
1748271737297.0,9856.3,9861.3
1748271743403.0,9856.6,9861.6
1748271744465.0,9856.7,9861.7
1748271745038.0,9856.7,9861.7
1748271745602.0,9856.6,9861.6
1748271746359.0,9856.5,9861.5
1748271746459.0,9856.3,9861.3
1748271759284.0,9856.6,9861.6
1748271760342.0,9856.3,9861.3
1748271763229.0,9856.6,9861.6
1748271764476.0,9856.5,9861.5
1748271764575.0,9856.3,9861.3
1748271765010.0,9856.5,9861.5
1748271775661.0,9856.3,9861.3
1748271775762.0,9856.2,9861.2
1748271780014.0,9855.8,9860.8
1748271782657.0,9855.5,9860.5
1748271782757.0,9855.8,9860.8
1748271791017.0,9855.9,9860.9
1748271791117.0,9856.1,9861.1
1748271792419.0,9856.0,9861.0
1748271795019.0,9855.8,9860.8
1748271798275.0,9856.6,9861.6
1748271807542.0,9856.9,9861.9
1748271807640,,
1748271809215.0,9857.0,9862.0
1748271809452.0,9857.0,9862.0
1748271812395.0,9856.9,9861.9
1748271812495.0,9857.0,9862.0
1748271816617.0,9857.3,9862.3
1748271816717,,
1748271817751,,
1748271825009.0,9857.1,9862.1
1748271831504,,
1748271833034,,
1748271841925,,
1748271850472,,
1748271864815,,
1748271884513.0,9857.0,9862.0
1748271885012.0,9856.8,9861.8
1748271885352.0,9857.1,9862.1
1748271885450.0,9857.0,9862.0
1748271885847.0,9857.0,9862.0
1748271887648.0,9857.1,9862.1
1748271912207.0,9857.3,9862.3
1748271912308,,
1748271922084.0,9857.0,9862.0
1748271927925.0,9856.8,9861.8
1748271928025.0,9856.7,9861.7
1748271932550.0,9856.8,9861.8
1748271939689.0,9857.0,9862.0
1748271939790.0,9857.1,9862.1
1748271942012.0,9857.4,9862.4
1748271942112.0,9857.3,9862.3
1748271948936,,
1748271950325,,
1748271958937,,
1748271959036,,
1748271979790,,
1748271980440,,
1748271999572,,
1748272010541,,
1748272010641.0,9857.5,9862.5
1748272020013.0,9857.3,9862.3
1748272045335.0,9857.5,9862.5
1748272050013.0,9857.3,9862.3
1748272055107,,
1748272056679,,
1748272066654.0,9857.5,9862.5
1748272090932,,
1748272107032,,
1748272110955,,
1748272111155,,
1748272115519.0,9857.5,9862.5
1748272115619.0,9857.6,9862.6
1748272116067,,
1748272116167,,
1748272117821.0,9857.5,9862.5
1748272119876.0,9857.6,9862.6
1748272120099,,
1748272120197,,
1748272120298.0,9857.5,9862.5
1748272121399,,
1748272121499,,
1748272121698,,
1748272123750,,
1748272123950,,
1748272124249.0,9857.6,9862.6
1748272127919.0,9857.3,9862.3
1748272129898.0,9857.6,9862.6
1748272130170,,
1748272132250,,
1748272132450.0,9857.6,9862.6
1748272132681.0,9857.3,9862.3
1748272135436.0,9857.0,9862.0
1748272135575.0,9856.8,9861.8
1748272140273.0,9857.0,9862.0
1748272141598.0,9857.0,9862.0
1748272144852.0,9857.1,9862.1
1748272154246.0,9857.6,9862.6
1748272154346.0,9857.5,9862.5
1748272155115.0,9857.5,9862.5
1748272155571.0,9857.6,9862.6
1748272156282,,
1748272158228.0,9857.5,9862.5
1748272158327.0,9857.3,9862.3
1748272170016.0,9857.1,9862.1
1748272174908.0,9856.8,9861.8
1748272177923.0,9856.5,9861.5
1748272180773.0,9856.8,9861.8
1748272181684.0,9856.5,9861.5
1748272193427.0,9856.6,9861.6
1748272193527.0,9856.7,9861.7
1748272195203.0,9857.1,9862.1
1748272195850.0,9857.5,9862.5
1748272198653.0,9857.6,9862.6
1748272198853,,
1748272199152,,
1748272199556,,
1748272201727,,
1748272201827,,
1748272202286.0,9857.8,9862.8
1748272202695,,
1748272204098,,
1748272205135,,
1748272207207.0,9857.7,9862.7
1748272207309.0,9857.5,9862.5
1748272208302.0,9857.7,9862.7
1748272208404.0,9857.8,9862.8
1748272209923.0,9857.5,9862.5
1748272210222.0,9857.8,9862.8
1748272211200,,
1748272213657,,
1748272216178,,
1748272216377,,
1748272216837.0,9857.9,9862.9
1748272219050.0,9858.1,9863.1
1748272219150.0,9857.8,9862.8
1748272219945.0,9858.1,9863.1
1748272221297,,
1748272244483.0,9857.8,9862.8
1748272244876.0,9857.9,9862.9
1748272245008.0,9858.1,9863.1
1748272246089.0,9858.0,9863.0
1748272246319.0,9858.1,9863.1
1748272250108.0,9858.6,9863.6
1748272259170.0,9858.5,9863.5
1748272259270.0,9858.6,9863.6
1748272259891.0,9858.5,9863.5
1748272307431.0,9858.4,9863.4
1748272307532.0,9858.5,9863.5
1748272315663.0,9858.2,9863.2
1748272315920.0,9858.0,9863.0
1748272316023,,
1748272321540.0,9857.9,9862.9
1748272321639.0,9857.7,9862.7
1748272328223.0,9857.5,9862.5
1748272338637.0,9857.4,9862.4
1748272338737.0,9857.2,9862.2
1748272341213.0,9857.5,9862.5
1748272362231.0,9857.8,9862.8
1748272364657.0,9857.6,9862.6
1748272364757.0,9857.5,9862.5
1748272380309.0,9857.4,9862.4
1748272381842.0,9857.5,9862.5
1748272384137.0,9857.8,9862.8
1748272437031.0,9858.0,9863.0
1748272437131.0,9857.8,9862.8
1748272445032.0,9858.0,9863.0
1748272445131.0,9858.4,9863.4
1748272445556.0,9858.3,9863.3
1748272445657.0,9858.4,9863.4
1748272446165.0,9858.3,9863.3
1748272447184.0,9858.4,9863.4
1748272466059.0,9858.7,9863.7
1748272467085.0,9858.6,9863.6
1748272467184.0,9858.4,9863.4
1748272473968.0,9858.7,9863.7
1748272474068.0,9858.6,9863.6
1748272478643.0,9858.7,9863.7
1748272479575.0,9858.8,9863.8
1748272479676.0,9858.7,9863.7
1748272483557.0,9858.6,9863.6
1748272484135.0,9858.7,9863.7
1748272484235.0,9858.6,9863.6
1748272485246.0,9858.7,9863.7
1748272485631.0,9858.6,9863.6
1748272485730.0,9858.7,9863.7
1748272485831.0,9858.8,9863.8
1748272487831.0,9858.7,9863.7
1748272490126.0,9858.8,9863.8
1748272490225.0,9858.7,9863.7
1748272494398.0,9858.6,9863.6
1748272494796.0,9858.7,9863.7
1748272496770.0,9858.7,9863.7
1748272501627.0,9858.7,9863.7
1748272503150.0,9858.7,9863.7
1748272509326.0,9858.6,9863.6
1748272509427.0,9858.7,9863.7
1748272523248.0,9858.8,9863.8
1748272560015.0,9858.9,9863.9
1748272565202,,
1748272567289.0,9859.0,9864.0
1748272570684.0,9858.9,9863.9
1748272588935.0,9859.0,9864.0
1748272589035.0,9858.9,9863.9
1748272591402.0,9859.0,9864.0
1748272591988.0,9859.1,9864.1
1748272592194.0,9859.0,9864.0
1748272592886.0,9859.1,9864.1
1748272592985.0,9859.0,9864.0
1748272599104.0,9859.0,9864.0
1748272604041.0,9858.8,9863.8
1748272604140.0,9858.6,9863.6
1748272606768,,
1748272620809.0,9858.5,9863.5
1748272621010,,
1748272643199,,
1748272645684.0,9858.6,9863.6
1748272645783.0,9858.5,9863.5
1748272648063.0,9858.6,9863.6
1748272648163.0,9858.5,9863.5
1748272651356.0,9858.6,9863.6
1748272680996.0,9858.5,9863.5
1748272692076,,
1748272714017.0,9858.6,9863.6
1748272736643.0,9858.7,9863.7
1748272737224.0,9858.6,9863.6
1748272768100,,
1748272769674.0,9858.5,9863.5
1748272777865.0,9858.5,9863.5
1748272778117.0,9858.6,9863.6
1748272778217.0,9858.5,9863.5
1748272778319.0,9858.6,9863.6
1748272789502.0,9858.5,9863.5
1748272789602.0,9858.6,9863.6
1748272791500.0,9858.5,9863.5
1748272803106.0,9858.3,9863.3
1748272803206.0,9858.2,9863.2
1748272814263.0,9857.7,9862.7
1748272828472.0,9858.1,9863.1
1748272855143.0,9858.4,9863.4
1748272855246.0,9858.3,9863.3
1748272860148.0,9858.4,9863.4
1748272864973.0,9858.3,9863.3
1748272866964.0,9858.4,9863.4
1748272869827.0,9858.3,9863.3
1748272870246.0,9858.4,9863.4
1748272870730.0,9858.4,9863.4
1748272870832.0,9858.3,9863.3
1748272872723.0,9858.4,9863.4
1748272875583.0,9858.3,9863.3
1748272890289,,
1748272894848.0,9858.4,9863.4
1748272894947.0,9858.1,9863.1
1748272899610.0,9858.0,9863.0
1748272905012.0,9857.8,9862.8
1748272909898.0,9858.1,9863.1
1748272910058.0,9858.0,9863.0
1748272910651.0,9858.1,9863.1
1748272935162,,
1748272965014.0,9858.3,9863.3
1748272968067.0,9858.4,9863.4
1748272982746.0,9858.3,9863.3
1748272995015.0,9858.1,9863.1
1748273042642.0,9858.0,9863.0
1748273043263.0,9858.1,9863.1
1748273047596.0,9858.0,9863.0
1748273048020.0,9858.1,9863.1
1748273059893.0,9858.1,9863.1
1748273060300.0,9858.4,9863.4
1748273060401.0,9858.3,9863.3
1748273070012.0,9858.1,9863.1
1748273072945.0,9857.8,9862.8
1748273082492.0,9858.1,9863.1
1748273097675,,
1748273105684.0,9858.0,9863.0
1748273107013.0,9858.1,9863.1
1748273108125.0,9858.0,9863.0
1748273111321.0,9858.1,9863.1
1748273123354.0,9857.8,9862.8
1748273130009.0,9858.0,9863.0
1748273142262.0,9857.8,9862.8
1748273189120.0,9858.0,9863.0
1748273189219.0,9858.1,9863.1
1748273197754.0,9857.8,9862.8
1748273249816.0,9857.5,9862.5
1748273270201.0,9857.8,9862.8
1748273277247.0,9858.1,9863.1
1748273279402.0,9858.4,9863.4
1748273280107.0,9858.3,9863.3
1748273280207.0,9858.4,9863.4
1748273295010.0,9858.6,9863.6
1748273332181.0,9858.4,9863.4
1748273345258.0,9858.3,9863.3
1748273345730.0,9858.4,9863.4
1748273353284.0,9858.1,9863.1
1748273353538.0,9858.1,9863.1
1748273360627.0,9858.3,9863.3
1748273360727.0,9858.4,9863.4
1748273364059.0,9858.1,9863.1
1748273365182.0,9858.0,9863.0
1748273366517.0,9858.1,9863.1
1748273367529.0,9858.0,9863.0
1748273367630.0,9858.1,9863.1
1748273380096.0,9858.0,9863.0
1748273385016.0,9857.8,9862.8
1748273389825,,
1748273400068.0,9857.5,9862.5
1748273409606.0,9857.6,9862.6
1748273409706.0,9857.8,9862.8
1748273424136.0,9858.1,9863.1
1748273435167,,
1748273435267,,
1748273441243,,
1748273446342.0,9858.6,9863.6
1748273446441,,
1748273446541.0,9858.5,9863.5
1748273450419.0,9858.6,9863.6
1748273451286.0,9858.5,9863.5
1748273451387.0,9858.6,9863.6
1748273455990,,
1748273460275,,
1748273460475.0,9858.5,9863.5
1748273460579.0,9858.6,9863.6
1748273461224,,
1748273461424,,
1748273461524.0,9858.5,9863.5
1748273474417.0,9858.6,9863.6
1748273475361.0,9858.5,9863.5
1748273475562,,
1748273475862,,
1748273476557,,
1748273478723,,
1748273478923,,
1748273479024.0,9858.5,9863.5
1748273480509.0,9858.6,9863.6
1748273494189,,
1748273494289,,
1748273496059.0,9858.5,9863.5
1748273496159.0,9858.6,9863.6
1748273496259,,
1748273496463,,
1748273496562.0,9858.5,9863.5
1748273498697.0,9858.6,9863.6
1748273498897,,
1748273500140,,
1748273509493.0,9858.5,9863.5
1748273509593.0,9858.6,9863.6
1748273510259,,
1748273516900,,
1748273517000.0,9858.5,9863.5
1748273517273.0,9858.6,9863.6
1748273518316,,
1748273518414,,
1748273518514,,
1748273533681,,
1748273534986.0,9858.7,9863.7
1748273539717,,
1748273539886.0,9859.0,9864.0
1748273540123.0,9859.0,9864.0
1748273540619.0,9859.2,9864.2
1748273540820,,
1748273548242.0,9859.1,9864.1
1748273554413,,
1748273554513.0,9859.0,9864.0
1748273577708.0,9859.1,9864.1
1748273583457.0,9859.0,9864.0
1748273592862.0,9858.8,9863.8
1748273595532.0,9858.7,9863.7
1748273610012.0,9858.5,9863.5
1748273624782,,
1748273638438.0,9858.6,9863.6
1748273670860.0,9858.5,9863.5
1748273700463,,
1748273706873.0,9858.5,9863.5
1748273715145.0,9858.2,9863.2
1748273716531.0,9858.0,9863.0
1748273716632.0,9857.7,9862.7
1748273718362.0,9857.4,9862.4
1748273720817.0,9857.5,9862.5
1748273724055.0,9857.4,9862.4
1748273724155.0,9857.2,9862.2
1748273730010.0,9857.0,9862.0
1748273739289.0,9857.3,9862.3
1748273739464.0,9857.2,9862.2
1748273755399.0,9857.1,9862.1
1748273755498.0,9857.3,9862.3
1748273769660,,
1748273784148.0,9857.2,9862.2
1748273785902.0,9857.3,9862.3
1748273810011.0,9857.2,9862.2
1748273810110.0,9857.3,9862.3
1748273830850.0,9857.7,9862.7
1748273830949.0,9857.8,9862.8
1748273831405.0,9857.7,9862.7
1748273831505.0,9857.3,9862.3
1748273839981.0,9857.8,9862.8
1748273840081.0,9857.5,9862.5
1748273840478.0,9857.6,9862.6
1748273840578.0,9857.8,9862.8
1748273846780.0,9857.6,9862.6
1748273850013.0,9857.8,9862.8
1748273854720.0,9857.5,9862.5
1748273854821.0,9857.8,9862.8
1748273918072.0,9857.0,9862.0
1748273935379.0,9857.3,9862.3
1748273946763.0,9857.8,9862.8
1748273972951.0,9858.0,9863.0
1748273973050,,
1748273980929.0,9858.1,9863.1
1748273981030.0,9858.3,9863.3
1748274000729.0,9858.1,9863.1
1748274010249.0,9858.3,9863.3
1748274024092.0,9858.0,9863.0
1748274027703.0,9858.1,9863.1
1748274027804.0,9858.3,9863.3
1748274053362.0,9858.2,9863.2
1748274053883.0,9858.1,9863.1
1748274055104.0,9858.3,9863.3
1748274057084.0,9858.5,9863.5
1748274075013.0,9858.3,9863.3
1748274120014.0,9858.5,9863.5
1748274132384.0,9858.3,9863.3
1748274132483,,
1748274135436.0,9858.5,9863.5
1748274135536.0,9858.6,9863.6
1748274136702,,
1748274138050,,
1748274149643,,
1748274149744,,
1748274152353.0,9858.5,9863.5
1748274155371.0,9858.6,9863.6
1748274162848,,
1748274170081,,
1748274189423.0,9858.3,9863.3
1748274189522,,
1748274192864.0,9858.2,9863.2
1748274193064.0,9858.2,9863.2
1748274193282.0,9858.3,9863.3
1748274213234,,
1748274222420.0,9858.0,9863.0
1748274224254.0,9857.7,9862.7
1748274225012.0,9857.5,9862.5
1748274227289.0,9857.2,9862.2
1748274240018.0,9857.0,9862.0
1748274242532,,
1748274242752.0,9857.0,9862.0
1748274254498.0,9856.7,9861.7
1748274256339.0,9856.8,9861.8
1748274256438,,
1748274296166.0,9856.6,9861.6
1748274296266.0,9856.8,9861.8
1748274309173,,
1748274310098.0,9856.5,9861.5
1748274334451,,
1748274386867.0,9856.3,9861.3
1748274386967.0,9856.2,9861.2
1748274392225.0,9856.4,9861.4
1748274392325.0,9856.5,9861.5
1748274400996.0,9856.6,9861.6
1748274401097.0,9856.8,9861.8
1748274406539.0,9856.9,9861.9
1748274406636.0,9857.3,9862.3
1748274418055.0,9857.8,9862.8
1748274418687.0,9857.5,9862.5
1748274419093.0,9857.8,9862.8
1748274423704.0,9857.1,9862.1
1748274423806.0,9857.0,9862.0
1748274424114.0,9856.8,9861.8
1748274429445.0,9856.5,9861.5
1748274430484.0,9856.8,9861.8
1748274470289.0,9856.5,9861.5
1748274471502.0,9856.8,9861.8
1748274475590.0,9856.7,9861.7
1748274475690.0,9856.5,9861.5
1748274480013.0,9856.7,9861.7
1748274495011.0,9856.5,9861.5
1748274506956.0,9856.7,9861.7
1748274507054,,
1748274510018.0,9856.5,9861.5
1748274554318.0,9856.8,9861.8
1748274570555.0,9856.6,9861.6
1748274570655.0,9856.5,9861.5
1748274589346.0,9856.8,9861.8
1748274591981.0,9856.7,9861.7
1748274601658.0,9856.8,9861.8
1748274631142.0,9857.3,9862.3
1748274653731.0,9857.2,9862.2
1748274653830.0,9857.0,9862.0
1748274675016.0,9856.8,9861.8
1748274714810.0,9857.1,9862.1
1748274714910.0,9857.3,9862.3
1748274716231.0,9857.2,9862.2
1748274721462.0,9857.2,9862.2
1748274721562.0,9857.3,9862.3
1748274727041.0,9857.2,9862.2
1748274727258.0,9857.3,9862.3
1748274729276.0,9857.2,9862.2
1748274729375.0,9856.8,9861.8
1748274750657.0,9856.7,9861.7
1748274754535.0,9856.8,9861.8
1748274761395.0,9856.7,9861.7
1748274763007.0,9856.8,9861.8
1748274764100.0,9856.7,9861.7
1748274765843.0,9856.8,9861.8
1748274766411.0,9856.7,9861.7
1748274772340.0,9856.5,9861.5
1748274772440,,
1748274776691,,
1748274807028.0,9856.7,9861.7
1748274807128.0,9856.8,9861.8
1748274822118.0,9857.2,9862.2
1748274822218.0,9857.3,9862.3
1748274879736.0,9857.2,9862.2
1748274883969.0,9857.3,9862.3
1748274896562.0,9857.0,9862.0
1748274897506.0,9857.3,9862.3
1748274902610.0,9857.0,9862.0
1748274930015.0,9856.8,9861.8
1748274935185.0,9857.3,9862.3
1748274935340.0,9857.2,9862.2
1748274939238.0,9857.3,9862.3
1748274939920.0,9857.2,9862.2
1748274944752.0,9857.3,9862.3
1748274945232.0,9857.2,9862.2
1748274958088.0,9857.3,9862.3
1748274959311.0,9857.2,9862.2
1748274959410.0,9857.3,9862.3
1748274965407.0,9857.5,9862.5
1748274965507.0,9857.7,9862.7
1748274967663.0,9857.8,9862.8
1748274975714,,
1748274980176,,
1748274984026.0,9857.7,9862.7
1748274984165.0,9857.8,9862.8
1748274998255.0,9857.7,9862.7
1748274998644.0,9857.8,9862.8
1748275001365.0,9857.7,9862.7
1748275001465.0,9857.6,9862.6
1748275001566.0,9857.8,9862.8
1748275002985,,
1748275003085,,
1748275003284,,
1748275004878,,
1748275005097,,
1748275005297,,
1748275005497,,
1748275005598,,
1748275005698,,
1748275010519.0,9857.7,9862.7
1748275010617.0,9857.5,9862.5
1748275011536.0,9857.8,9862.8
1748275014488,,
1748275014737,,
1748275015818,,
1748275016796,,
1748275021720,,
1748275025062,,
1748275025310.0,9857.5,9862.5
1748275025410,,
1748275045228.0,9857.8,9862.8
1748275045427.0,9857.7,9862.7
1748275045701.0,9857.8,9862.8
1748275047558.0,9857.7,9862.7
1748275047658.0,9857.5,9862.5
1748275051328.0,9857.8,9862.8
1748275051428,,
1748275051628.0,9857.7,9862.7
1748275052406.0,9857.8,9862.8
1748275052820,,
1748275053017.0,9857.7,9862.7
1748275057911,,
1748275058011,,
1748275059117,,
1748275059316,,
1748275059517,,
1748275062556.0,9857.5,9862.5
1748275062658.0,9857.8,9862.8
1748275066833.0,9857.7,9862.7
1748275067366.0,9857.8,9862.8
1748275071165,,
1748275071367,,
1748275071666,,
1748275071766,,
1748275071865,,
1748275073947.0,9857.5,9862.5
1748275074401.0,9857.8,9862.8
1748275077152.0,9857.5,9862.5
1748275077304.0,9857.6,9862.6
1748275077751.0,9857.7,9862.7
1748275080007.0,9857.5,9862.5
1748275080978.0,9857.7,9862.7
1748275081078.0,9857.8,9862.8
1748275082041.0,9857.7,9862.7
1748275082515.0,9857.8,9862.8
1748275082614.0,9857.5,9862.5
1748275086001.0,9857.7,9862.7
1748275086102.0,9857.8,9862.8
1748275087642.0,9857.5,9862.5
1748275087841,,
1748275095145,,
1748275095466,,
1748275095565,,
1748275095665,,
1748275095864,,
1748275095966.0,9857.7,9862.7
1748275100348.0,9857.8,9862.8
1748275100447.0,9857.5,9862.5
1748275100862.0,9857.7,9862.7
1748275102252.0,9857.8,9862.8
1748275102352,,
1748275102793,,
1748275103777,,
1748275104257,,
1748275104677,,
1748275107097,,
1748275115831,,
1748275117260.0,9857.5,9862.5
1748275120293.0,9857.8,9862.8
1748275124162,,
1748275124839,,
1748275130298,,
1748275130836,,
1748275131296,,
1748275131872,,
1748275139093.0,9857.6,9862.6
1748275139192.0,9857.5,9862.5
1748275145241.0,9857.7,9862.7
1748275145340.0,9857.8,9862.8
1748275153050.0,9857.9,9862.9
1748275153150.0,9858.0,9863.0
1748275155007.0,9857.8,9862.8
1748275181183.0,9857.5,9862.5
1748275184647,,
1748275190849,,
1748275191818.0,9857.3,9862.3
1748275191918.0,9857.2,9862.2
1748275193014.0,9857.4,9862.4
1748275193115.0,9857.5,9862.5
1748275202999.0,9857.5,9862.5
1748275206191.0,9857.8,9862.8
1748275210097.0,9857.8,9862.8
1748275215862.0,9857.9,9862.9
1748275216087.0,9858.0,9863.0
1748275217049.0,9857.9,9862.9
1748275217148.0,9857.8,9862.8
1748275239074.0,9857.9,9862.9
1748275239274.0,9858.2,9863.2
1748275244524.0,9858.3,9863.3
1748275244623.0,9858.0,9863.0
1748275245007.0,9857.8,9862.8
1748275252764.0,9858.2,9863.2
1748275252864.0,9858.3,9863.3
1748275267854,,
1748275290675.0,9858.5,9863.5
1748275290775.0,9858.6,9863.6
1748275311516.0,9858.5,9863.5
1748275311616,,
1748275330436.0,9858.2,9863.2
1748275330637.0,9858.2,9863.2
1748275335015.0,9858.4,9863.4
1748275341459.0,9858.5,9863.5
1748275342084.0,9858.4,9863.4
1748275342185.0,9858.5,9863.5
1748275342531.0,9858.4,9863.4
1748275365010.0,9858.2,9863.2
1748275380024.0,9858.0,9863.0
1748275407786.0,9858.3,9863.3
1748275437321.0,9858.4,9863.4
1748275437421.0,9858.6,9863.6
1748275437645.0,9858.5,9863.5
1748275440010.0,9858.3,9863.3
1748275485963.0,9858.0,9863.0
1748275486062,,
1748275568642.0,9857.2,9862.2
1748275570055.0,9857.5,9862.5
1748275597426.0,9857.6,9862.6
1748275597527.0,9857.8,9862.8
1748275610340.0,9858.3,9863.3
1748275619969.0,9858.6,9863.6
1748275621680.0,9858.3,9863.3
1748275641630.0,9858.6,9863.6
1748275641729.0,9858.5,9863.5
1748275642682.0,9858.6,9863.6
1748275642783.0,9858.3,9863.3
1748275650011.0,9858.5,9863.5
1748275661570.0,9858.6,9863.6
1748275681830.0,9858.3,9863.3
1748275682875.0,9857.9,9862.9
1748275683132.0,9858.3,9863.3
1748275688320.0,9857.8,9862.8
1748275692723.0,9858.3,9863.3
1748275692824.0,9858.2,9863.2
1748275693264.0,9857.9,9862.9
1748275693364.0,9858.3,9863.3
1748275693466.0,9857.8,9862.8
1748275694738.0,9858.2,9863.2
1748275695010.0,9857.8,9862.8
1748275701270.0,9857.9,9862.9
1748275701370.0,9858.3,9863.3
1748275701518.0,9857.8,9862.8
1748275702097.0,9857.9,9862.9
1748275702197.0,9858.3,9863.3
1748275702302.0,9857.8,9862.8
1748275710259.0,9857.9,9862.9
1748275710357.0,9858.3,9863.3
1748275728578.0,9858.6,9863.6
1748275794785,,
1748275827248,,
1748275872319.0,9858.5,9863.5
1748275877588.0,9858.3,9863.3
1748275877690.0,9858.2,9863.2
1748275882047.0,9858.5,9863.5
1748275883359.0,9858.4,9863.4
1748275883460.0,9858.2,9863.2
1748275895974,,
1748275900656.0,9858.5,9863.5
1748275903643.0,9858.4,9863.4
1748275904437.0,9858.5,9863.5
1748275920223.0,9858.4,9863.4
1748275921418.0,9857.9,9862.9
1748275922225,,
1748275922325.0,9858.0,9863.0
1748275935775.0,9857.9,9862.9
1748275939354.0,9858.0,9863.0
1748275959797.0,9858.3,9863.3
1748275959896.0,9858.0,9863.0
1748275960174.0,9858.1,9863.1
1748275960273.0,9858.3,9863.3
1748275960864.0,9858.2,9863.2
1748275964776.0,9858.3,9863.3
1748275965364.0,9858.2,9863.2
1748275971597.0,9858.0,9863.0
1748275971698.0,9858.3,9863.3
1748275974002.0,9858.2,9863.2
1748275974102.0,9858.0,9863.0
1748275976852.0,9858.2,9863.2
1748275976952,,
1748275979092.0,9858.0,9863.0
1748275984997,,
1748275991818.0,9858.3,9863.3
1748276007081.0,9858.0,9863.0
1748276007182,,
1748276007360.0,9858.1,9863.1
1748276007458.0,9858.0,9863.0
1748276010781.0,9858.1,9863.1
1748276025017.0,9858.3,9863.3
1748276039122.0,9858.2,9863.2
1748276040199.0,9858.3,9863.3
1748276042730.0,9858.0,9863.0
1748276062035.0,9858.3,9863.3
1748276100709.0,9858.6,9863.6
1748276101440.0,9858.5,9863.5
1748276108107.0,9858.6,9863.6
1748276108207.0,9858.5,9863.5
1748276111818.0,9858.6,9863.6
1748276112040.0,9858.8,9863.8
1748276112240.0,9859.1,9864.1
1748276115009.0,9858.9,9863.9
1748276223457.0,9859.4,9864.4
1748276228561.0,9859.5,9864.5
1748276251137.0,9859.8,9864.8
1748276251237.0,9860.8,9865.8
1748276261780.0,9860.7,9865.7
1748276261890.0,9860.5,9865.5
1748276309338.0,9860.2,9865.2
1748276310818.0,9860.3,9865.3
1748276339587.0,9860.0,9865.0
1748276339688,,
1748276420298,,
1748276440663.0,9859.9,9864.9
1748276440763.0,9859.5,9864.5
1748276460229.0,9859.6,9864.6
1748276460329.0,9859.5,9864.5
1748276471818.0,9859.1,9864.1
1748276471917.0,9859.0,9864.0
1748276521191.0,9859.3,9864.3
1748276537734.0,9859.8,9864.8
1748276547176,,
1748276550060.0,9859.5,9864.5
1748276550198.0,9859.8,9864.8
1748276556056.0,9859.8,9864.8
1748276557363.0,9859.7,9864.7
1748276565413.0,9859.2,9864.2
1748276571870.0,9859.3,9864.3
1748276572124.0,9859.2,9864.2
1748276572305.0,9859.3,9864.3
1748276580056.0,9859.0,9864.0
1748276583192.0,9858.5,9863.5
1748276614955.0,9858.7,9863.7
1748276615055.0,9858.8,9863.8
1748276639003.0,9859.1,9864.1
1748276640011.0,9859.3,9864.3
1748276654102.0,9859.2,9864.2
1748276655061.0,9859.3,9864.3
1748276655610.0,9859.2,9864.2
1748276655759.0,9859.1,9864.1
1748276657116.0,9859.0,9864.0
1748276660122.0,9859.3,9864.3
1748276664059.0,9859.0,9864.0
1748276664342.0,9859.1,9864.1
1748276666119.0,9859.2,9864.2
1748276668177.0,9859.3,9864.3
1748276669969.0,9859.2,9864.2
1748276670100.0,9859.3,9864.3
1748276671770.0,9859.2,9864.2
1748276672073.0,9859.3,9864.3
1748276672173.0,9859.2,9864.2
1748276675112.0,9859.3,9864.3
1748276676897.0,9859.0,9864.0
1748276679277.0,9859.3,9864.3
1748276679474.0,9859.2,9864.2
1748276683877.0,9859.3,9864.3
1748276685147.0,9859.2,9864.2
1748276685684.0,9859.3,9864.3
1748276687505.0,9859.2,9864.2
1748276691221.0,9859.3,9864.3
1748276692267.0,9859.2,9864.2
1748276692369.0,9859.0,9864.0
1748276699514.0,9859.1,9864.1
1748276699613.0,9859.3,9864.3
1748276700054.0,9859.2,9864.2
1748276700155.0,9858.7,9863.7
1748276701680.0,9858.3,9863.3
1748276701780,,
1748276703415.0,9858.2,9863.2
1748276703513.0,9858.3,9863.3
1748276760728.0,9858.2,9863.2
1748276760829.0,9857.6,9862.6
1748276761729.0,9857.7,9862.7
1748276761829.0,9857.5,9862.5
1748276768212.0,9857.7,9862.7
1748276768311.0,9857.8,9862.8
1748276784158,,
1748276808836.0,9858.2,9863.2
1748276808935,,
1748276819213.0,9857.8,9862.8
1748276819312.0,9857.7,9862.7
1748276820008.0,9857.5,9862.5
1748276830365.0,9857.7,9862.7
1748276830466.0,9857.8,9862.8
1748276832058.0,9857.7,9862.7
1748276833406.0,9857.8,9862.8
1748276860681.0,9858.0,9863.0
1748276866777.0,9858.1,9863.1
1748276866876.0,9858.3,9863.3
1748276867289.0,9858.2,9863.2
1748276867388.0,9858.0,9863.0
1748276870903.0,9858.1,9863.1
1748276871003.0,9858.3,9863.3
1748276877411.0,9858.0,9863.0
1748276887229.0,9858.3,9863.3
1748276890288.0,9857.8,9862.8
1748276905962.0,9858.3,9863.3
1748276906063.0,9858.2,9863.2
1748276906248.0,9858.3,9863.3
1748276906349.0,9858.2,9863.2
1748276910007.0,9857.8,9862.8
1748276937704,,
1748276938399.0,9857.5,9862.5
1748276941704.0,9857.8,9862.8
1748276946836.0,9857.7,9862.7
1748276955013.0,9857.5,9862.5
1748276962657.0,9857.3,9862.3
1748276962757.0,9857.2,9862.2
1748276970011.0,9857.0,9862.0
1748276978119.0,9856.8,9861.8
1748277012622.0,9856.7,9861.7
1748277012723.0,9856.8,9861.8
1748277013997.0,9856.7,9861.7
1748277015008.0,9856.5,9861.5
1748277022169.0,9856.3,9861.3
1748277078336.0,9856.7,9861.7
1748277078585.0,9857.2,9862.2
1748277090012.0,9856.8,9861.8
1748277105007.0,9857.0,9862.0
1748277109584.0,9857.3,9862.3
1748277109682.0,9857.2,9862.2
1748277112115.0,9857.2,9862.2
1748277119695.0,9857.3,9862.3
1748277119895.0,9857.6,9862.6
1748277137176.0,9857.5,9862.5
1748277137632.0,9857.6,9862.6
1748277137732.0,9857.5,9862.5
1748277159571.0,9857.3,9862.3
1748277159672.0,9857.0,9862.0
1748277162484.0,9857.3,9862.3
1748277169331,,
1748277181493.0,9857.0,9862.0
1748277195699.0,9856.8,9861.8
1748277195899,,
1748277196159,,
1748277206786.0,9856.7,9861.7
1748277206885.0,9856.3,9861.3
1748277240118.0,9856.3,9861.3
1748277240219.0,9856.7,9861.7
1748277241459.0,9856.8,9861.8
1748277249601.0,9856.5,9861.5
1748277255009.0,9856.7,9861.7
1748277270008.0,9856.3,9861.3
1748277274117.0,9856.8,9861.8
1748277280960.0,9856.3,9861.3
1748277334523,,
1748277341117,,
1748277355391.0,9856.7,9861.7
1748277355490.0,9856.8,9861.8
1748277356213.0,9856.7,9861.7
1748277356313.0,9856.8,9861.8
1748277379178.0,9857.3,9862.3
1748277402333.0,9857.5,9862.5
1748277402432,,
1748277420009.0,9857.3,9862.3
1748277456165.0,9857.5,9862.5
1748277457286.0,9857.6,9862.6
1748277457422.0,9857.5,9862.5
1748277458056.0,9857.6,9862.6
1748277458694.0,9857.5,9862.5
1748277459116.0,9857.6,9862.6
1748277460246.0,9857.5,9862.5
1748277464487.0,9857.4,9862.4
1748277464588.0,9857.6,9862.6
1748277474239,,
1748277516130.0,9857.3,9862.3
1748277531397.0,9857.6,9862.6
1748277533416.0,9857.3,9862.3
1748277534256.0,9857.6,9862.6
1748277537193.0,9857.5,9862.5
1748277555010.0,9857.3,9862.3
1748277585839.0,9857.4,9862.4
1748277585939.0,9857.5,9862.5
1748277600013.0,9857.3,9862.3
1748277620826.0,9857.6,9862.6
1748277620926.0,9857.5,9862.5
1748277645016.0,9857.3,9862.3
1748277654102.0,9857.2,9862.2
1748277654202.0,9857.3,9862.3
1748277660311.0,9857.0,9862.0
1748277675016.0,9856.8,9861.8
1748277690935.0,9857.3,9862.3
1748277733869.0,9857.6,9862.6
1748277733969.0,9857.5,9862.5
1748277735742.0,9857.6,9862.6
1748277735842.0,9857.5,9862.5
1748277750011.0,9857.3,9862.3
1748277765008.0,9857.5,9862.5
1748277819201.0,9857.0,9862.0
1748277819377.0,9856.8,9861.8
1748277852228.0,9856.5,9861.5
1748277855014.0,9856.3,9861.3
1748277885891.0,9856.8,9861.8
1748277887907.0,9856.7,9861.7
1748277888157.0,9856.8,9861.8
1748277925182,,
1748277926007,,
1748277928533.0,9857.3,9862.3
1748277944593.0,9857.2,9862.2
1748277944692.0,9857.3,9862.3
1748277946108.0,9857.2,9862.2
1748277946208.0,9857.3,9862.3
1748278002295,,
1748278024362.0,9857.2,9862.2
1748278035012.0,9857.0,9862.0
1748278050014.0,9857.2,9862.2
1748278070750.0,9856.8,9861.8
1748278070853.0,9856.7,9861.7
1748278075767.0,9856.8,9861.8
1748278141785.0,9856.7,9861.7
1748278155013.0,9856.5,9861.5
1748278159339.0,9856.8,9861.8
1748278169137.0,9857.3,9862.3
1748278360296.0,9857.2,9862.2
1748278360593.0,9856.7,9861.7
1748278365011.0,9856.5,9861.5
1748278372734.0,9856.7,9861.7
1748278380009.0,9856.5,9861.5
1748278417362.0,9856.3,9861.3
1748278427099.0,9856.2,9861.2
1748278440019.0,9856.0,9861.0
1748278445492.0,9856.2,9861.2
1748278445593.0,9856.3,9861.3
1748278485008.0,9856.7,9861.7
1748278500014.0,9856.3,9861.3
1748278506937.0,9856.8,9861.8
1748278529275,,
1748278549660.0,9856.5,9861.5
1748278560012.0,9856.3,9861.3
1748278589292.0,9856.2,9861.2
1748278605013.0,9855.8,9860.8
1748278650009.0,9856.0,9861.0
1748278656597.0,9856.3,9861.3
1748278656695.0,9856.0,9861.0
1748278668196.0,9856.2,9861.2
1748278668294.0,9856.1,9861.1
1748278675502.0,9855.8,9860.8
1748278727953.0,9855.5,9860.5
1748278740009.0,9855.3,9860.3
1748278751270.0,9855.7,9860.7
1748278770009.0,9855.5,9860.5
1748278785016.0,9855.3,9860.3
1748278792551.0,9855.8,9860.8
1748278792912.0,9855.7,9860.7
1748278800012.0,9855.3,9860.3
1748278800112.0,9855.2,9860.2
1748278815011.0,9854.8,9859.8
1748278860012.0,9855.0,9860.0
1748278875018.0,9854.8,9859.8
1748278895738.0,9855.1,9860.1
1748278931507.0,9855.0,9860.0
1748278935013.0,9854.8,9859.8
1748278944049.0,9855.1,9860.1
1748278951199.0,9855.0,9860.0
1748279000351,,
1748279021854.0,9855.2,9860.2
1748279045131.0,9855.1,9860.1
1748279103246.0,9855.2,9860.2
1748279117684.0,9855.1,9860.1
1748279166377.0,9855.2,9860.2
1748279166476.0,9855.1,9860.1
1748279209865.0,9855.2,9860.2
1748279210299.0,9855.1,9860.1
1748279231282,,
1748279289696,,
1748279298423.0,9855.2,9860.2
1748279325020.0,9855.4,9860.4
1748279392070.0,9855.1,9860.1
1748279392169.0,9855.3,9860.3
1748279400015.0,9855.1,9860.1
1748279455483.0,9855.4,9860.4
1748279480752.0,9855.1,9860.1
1748279480853.0,9855.2,9860.2
1748279481664.0,9855.3,9860.3
1748279481764.0,9855.1,9860.1
1748279490009.0,9855.3,9860.3
1748279505008.0,9855.1,9860.1
1748279709355.0,9855.3,9860.3
1748279709455.0,9855.5,9860.5
1748279754962.0,9855.4,9860.4
1748279755183,,
1748279758386.0,9855.4,9860.4
1748279758485.0,9855.5,9860.5
1748279760065.0,9855.4,9860.4
1748279760165.0,9855.5,9860.5
1748279769982.0,9855.4,9860.4
1748279803970.0,9855.5,9860.5
1748279835582.0,9855.4,9860.4
1748279835682.0,9855.5,9860.5
1748279837623.0,9855.4,9860.4
1748279921875.0,9855.5,9860.5
1748279931911.0,9855.4,9860.4
1748279932011.0,9855.5,9860.5
1748279941906.0,9856.2,9861.2
1748279947710.0,9856.5,9861.5
1748280082057.0,9856.4,9861.4
1748280082156.0,9856.5,9861.5
1748280111189.0,9856.4,9861.4
1748280275216.0,9856.5,9861.5
1748280300024.0,9856.9,9861.9
1748280559955.0,9857.1,9862.1
1748280560054.0,9857.2,9862.2
1748280611835.0,9857.4,9862.4
1748280611935.0,9857.9,9862.9
1748280636746.0,9858.0,9863.0
1748280636946.0,9858.4,9863.4
1748280637328.0,9858.5,9863.5
1748280638191.0,9858.4,9863.4
1748280674930,,
1748280693548.0,9858.5,9863.5
1748280693648.0,9858.4,9863.4
1748280702517,,
1748280730143,,
1748280757773,,
1748280779865,,
1748280790930.0,9858.5,9863.5
1748280791024.0,9858.4,9863.4
1748280807480,,
1748280819575.0,9858.5,9863.5
1748280819675.0,9858.4,9863.4
1748280820266.0,9858.5,9863.5
1748280835096,,
1748280850516.0,9858.4,9863.4
1748280862707.0,9858.5,9863.5
1748280865118.0,9858.4,9863.4
1748280875069.0,9858.5,9863.5
1748280881233.0,9858.4,9863.4
1748280881333.0,9858.5,9863.5
1748280882398.0,9858.4,9863.4
1748280882551.0,9858.5,9863.5
1748280883282.0,9858.4,9863.4
1748280884802,,
1748280887362.0,9858.5,9863.5
1748280887616.0,9858.4,9863.4
1748280889209.0,9858.5,9863.5
1748280889310.0,9858.4,9863.4
1748280893187.0,9858.5,9863.5
1748280912316.0,9859.1,9864.1
1748280912417,,
1748280923768,,
1748280940034,,
1748280942618.0,9858.9,9863.9
1748280945013.0,9859.1,9864.1
1748280989739,,
1748281008321.0,9858.8,9863.8
1748281008574.0,9859.1,9864.1
1748281008782.0,9859.0,9864.0
1748281010898.0,9858.7,9863.7
1748281041027.0,9858.8,9863.8
1748281044846.0,9858.7,9863.7
1748281044944,,
1748281060383,,
1748281072584,,
1748281083866.0,9858.8,9863.8
1748281094550.0,9858.7,9863.7
1748281094650,,
1748281104931.0,9858.5,9863.5
1748281107418.0,9858.1,9863.1
1748281107519.0,9858.2,9863.2
1748281137686.0,9858.0,9863.0
1748281137785.0,9858.2,9863.2
1748281140315.0,9858.1,9863.1
1748281140699.0,9858.0,9863.0
1748281140799.0,9858.1,9863.1
1748281140922.0,9858.0,9863.0
1748281141022.0,9858.2,9863.2
1748281141236.0,9858.0,9863.0
1748281149908.0,9858.2,9863.2
1748281150132.0,9858.0,9863.0
1748281152832.0,9858.2,9863.2
1748281159208.0,9858.0,9863.0
1748281177519,,
1748281181102,,
1748281198650.0,9857.8,9862.8
1748281198753.0,9857.5,9862.5
1748281230015.0,9857.7,9862.7
1748281260009.0,9857.5,9862.5
1748281387631.0,9857.3,9862.3
1748281387731.0,9857.0,9862.0
1748281584664.0,9856.9,9861.9
1748281587104.0,9856.5,9861.5
1748281587404.0,9856.2,9861.2
1748281590011.0,9856.0,9861.0
1748281608381.0,9855.7,9860.7
1748281608537.0,9855.5,9860.5
1748281623639,,
1748281662328.0,9855.8,9860.8
1748281692291,,
1748281692967.0,9855.7,9860.7
1748281708539.0,9855.8,9860.8
1748281810112.0,9855.7,9860.7
1748281826847.0,9855.8,9860.8
1748281827046.0,9856.1,9861.1
1748281827488.0,9856.0,9861.0
1748281827818.0,9856.1,9861.1
1748281827917.0,9856.0,9861.0
1748281880445.0,9855.8,9860.8
1748281883127.0,9856.0,9861.0
1748281883227,,
1748281939674.0,9856.1,9861.1
1748281939776.0,9856.0,9861.0
1748281976169.0,9856.1,9861.1
1748281976445.0,9856.1,9861.1
1748281976915.0,9856.0,9861.0
1748281977115.0,9856.1,9861.1
1748281977216.0,9856.0,9861.0
1748282027507.0,9856.1,9861.1
1748282027608.0,9856.2,9861.2
1748282101887.0,9856.1,9861.1
1748282102147.0,9856.2,9861.2
1748282124557.0,9856.3,9861.3
1748282124657.0,9856.5,9861.5
1748282158502.0,9857.2,9862.2
1748282158601.0,9857.1,9862.1
1748282159206.0,9857.2,9862.2
1748282162184.0,9857.1,9862.1
1748282164051.0,9857.2,9862.2
1748282195947.0,9857.1,9862.1
1748282196047.0,9857.2,9862.2
1748282219254,,
1748282232479.0,9857.4,9862.4
1748282232717.0,9857.4,9862.4
1748282257605.0,9857.5,9862.5
1748282276381.0,9857.4,9862.4
1748282324528.0,9857.5,9862.5
1748282325109.0,9857.4,9862.4
1748282339816.0,9857.5,9862.5
1748282339916.0,9857.4,9862.4
1748282340342.0,9857.5,9862.5
1748282341093.0,9857.4,9862.4
1748282341982,,
1748282343532.0,9857.5,9862.5
1748282343633.0,9857.4,9862.4
1748282346629.0,9857.5,9862.5
1748282346729.0,9857.4,9862.4
1748282347176.0,9857.5,9862.5
1748282347563.0,9857.4,9862.4
1748282347662.0,9857.1,9862.1
1748282353768.0,9857.3,9862.3
1748282353866.0,9857.1,9862.1
1748282400090.0,9857.3,9862.3
1748282400190.0,9857.4,9862.4
1748282428867.0,9857.3,9862.3
1748282441653.0,9857.1,9862.1
1748282442912.0,9857.3,9862.3
1748282464983.0,9857.1,9862.1
1748282483426.0,9857.3,9862.3
1748282485522.0,9857.1,9862.1
1748282486035.0,9857.3,9862.3
1748282486236.0,9857.1,9862.1
1748282486941.0,9857.3,9862.3
1748282487043.0,9857.1,9862.1
1748282494153.0,9857.3,9862.3
1748282497364.0,9857.1,9862.1
1748282571239.0,9857.3,9862.3
1748282571801.0,9857.1,9862.1
1748282640375.0,9857.0,9862.0
1748282643717,,
1748282692653.0,9857.1,9862.1
1748282692753.0,9857.0,9862.0
1748282712315.0,9857.0,9862.0
1748282719677.0,9857.1,9862.1
1748282820378.0,9857.3,9862.3
1748282824605.0,9857.4,9862.4
1748282828418.0,9857.1,9862.1
1748282888460.0,9857.3,9862.3
1748282888558,,
1748282924605.0,9857.4,9862.4
1748282970079,,
1748282986870.0,9857.3,9862.3
1748283036885.0,9856.8,9861.8
1748283039152.0,9856.7,9861.7
1748283071909.0,9856.8,9861.8
1748283111622.0,9856.7,9861.7
1748283111961.0,9856.8,9861.8
1748283117796.0,9856.7,9861.7
1748283142070.0,9856.8,9861.8
1748283160254.0,9856.7,9861.7
1748283162316.0,9856.8,9861.8
1748283204727.0,9856.7,9861.7
1748283211784.0,9856.5,9861.5
1748283218195.0,9856.4,9861.4
1748283219462.0,9856.5,9861.5
1748283225039.0,9856.4,9861.4
1748283231101.0,9856.5,9861.5
1748283231200.0,9856.4,9861.4
1748283274294.0,9856.2,9861.2
1748283358682.0,9855.9,9860.9
1748283381356.0,9856.0,9861.0
1748283422082,,
1748283449750.0,9856.3,9861.3
1748283450017.0,9856.2,9861.2
1748283456443.0,9856.0,9861.0
1748283472668.0,9856.2,9861.2
1748283525664.0,9856.3,9861.3
1748283550475.0,9856.5,9861.5
1748283550576,,
1748283550757.0,9856.6,9861.6
1748283558830.0,9856.5,9861.5
1748283565041.0,9856.6,9861.6
1748283565139.0,9856.5,9861.5
1748283573945.0,9856.6,9861.6
1748283586763,,
1748283610528.0,9856.5,9861.5
1748283610827.0,9856.6,9861.6
1748283616933.0,9856.5,9861.5
1748283618868.0,9856.6,9861.6
1748283620327.0,9856.5,9861.5
1748283651808.0,9856.2,9861.2
1748283705354.0,9856.3,9861.3
1748283705610.0,9856.5,9861.5
1748283718247.0,9856.3,9861.3
1748283718347,,
1748283745195.0,9856.2,9861.2
1748283745954.0,9856.3,9861.3
1748283772996,,
1748283786527,,
1748283837337.0,9856.2,9861.2
1748283840400.0,9856.3,9861.3
1748283900013.0,9856.5,9861.5
1748283910333,,
1748283981529.0,9856.3,9861.3
1748283982354.0,9856.3,9861.3
1748283982455.0,9856.2,9861.2
1748284030070.0,9856.3,9861.3
1748284030272.0,9856.2,9861.2
1748284031380.0,9856.3,9861.3
1748284031515.0,9856.2,9861.2
1748284031904.0,9856.3,9861.3
1748284032219.0,9856.2,9861.2
1748284034474.0,9856.3,9861.3
1748284038493.0,9856.2,9861.2
1748284105911.0,9856.3,9861.3
1748284106011.0,9856.2,9861.2
1748284107874.0,9856.3,9861.3
1748284107974.0,9856.2,9861.2
1748284109582.0,9856.3,9861.3
1748284125950.0,9856.2,9861.2
1748284126149.0,9856.3,9861.3
1748284128768.0,9856.2,9861.2
1748284128868.0,9856.3,9861.3
1748284138617.0,9856.2,9861.2
1748284138765.0,9856.3,9861.3
1748284139015.0,9856.2,9861.2
1748284139316.0,9856.3,9861.3
1748284139516.0,9856.2,9861.2
1748284139765.0,9856.3,9861.3
1748284140017.0,9856.2,9861.2
1748284140265.0,9856.3,9861.3
1748284141121.0,9856.2,9861.2
1748284141219.0,9856.3,9861.3
1748284141320.0,9856.2,9861.2
1748284141520.0,9856.3,9861.3
1748284141720.0,9856.3,9861.3
1748284141820.0,9856.2,9861.2
1748284141937.0,9856.3,9861.3
1748284142264.0,9856.2,9861.2
1748284142378.0,9856.3,9861.3
1748284142478.0,9856.2,9861.2
1748284142598.0,9856.3,9861.3
1748284142897.0,9856.3,9861.3
1748284143099.0,9856.2,9861.2
1748284143299.0,9856.2,9861.2
1748284143399.0,9856.3,9861.3
1748284143599.0,9856.2,9861.2
1748284143698.0,9856.3,9861.3
1748284143898.0,9856.3,9861.3
1748284144098.0,9856.2,9861.2
1748284144199.0,9856.3,9861.3
1748284144299.0,9856.2,9861.2
1748284144499.0,9856.2,9861.2
1748284144617.0,9856.3,9861.3
1748284144856.0,9856.3,9861.3
1748284145057.0,9856.2,9861.2
1748284145338.0,9856.3,9861.3
1748284145537.0,9856.2,9861.2
1748284145758.0,9856.3,9861.3
1748284145856.0,9856.2,9861.2
1748284146057.0,9856.2,9861.2
1748284146177.0,9856.3,9861.3
1748284146515.0,9856.2,9861.2
1748284146636.0,9856.3,9861.3
1748284146765.0,9856.2,9861.2
1748284146877.0,9856.3,9861.3
1748284147262.0,9856.2,9861.2
1748284147377.0,9856.3,9861.3
1748284149019.0,9856.2,9861.2
1748284149217.0,9856.3,9861.3
1748284149516.0,9856.2,9861.2
1748284149639.0,9856.3,9861.3
1748284149838.0,9856.2,9861.2
1748284149939.0,9856.3,9861.3
1748284150038.0,9856.2,9861.2
1748284150355.0,9856.3,9861.3
1748284150556.0,9856.2,9861.2
1748284150656.0,9856.3,9861.3
1748284150765.0,9856.2,9861.2
1748284150876.0,9856.3,9861.3
1748284151016.0,9856.2,9861.2
1748284151265.0,9856.2,9861.2
1748284151397.0,9856.3,9861.3
1748284151596.0,9856.2,9861.2
1748284151696.0,9856.3,9861.3
1748284151896.0,9856.3,9861.3
1748284152097.0,9856.2,9861.2
1748284152196.0,9856.3,9861.3
1748284152297.0,9856.2,9861.2
1748284152400.0,9856.3,9861.3
1748284152599.0,9856.2,9861.2
1748284152799.0,9856.2,9861.2
1748284152999.0,9856.3,9861.3
1748284153100.0,9856.2,9861.2
1748284153198.0,9856.3,9861.3
1748284153400.0,9856.3,9861.3
1748284153598.0,9856.2,9861.2
1748284153698.0,9856.3,9861.3
1748284154014.0,9856.2,9861.2
1748284154138.0,9856.3,9861.3
1748284154337.0,9856.3,9861.3
1748284154537.0,9856.2,9861.2
1748284154638.0,9856.3,9861.3
1748284154838.0,9856.2,9861.2
1748284155039.0,9856.2,9861.2
1748284155239.0,9856.3,9861.3
1748284155339.0,9856.2,9861.2
1748284155438.0,9856.3,9861.3
1748284155639.0,9856.3,9861.3
1748284155839.0,9856.2,9861.2
1748284155939.0,9856.3,9861.3
1748284156039.0,9856.2,9861.2
1748284156240.0,9856.3,9861.3
1748284156339.0,9856.2,9861.2
1748284156538.0,9856.2,9861.2
1748284156640.0,9856.3,9861.3
1748284156898.0,9856.3,9861.3
1748284162767.0,9856.2,9861.2
1748284162866.0,9856.3,9861.3
1748284246142.0,9856.2,9861.2
1748284246242.0,9856.3,9861.3
1748284258436.0,9856.2,9861.2
1748284258557.0,9856.3,9861.3
1748284258659.0,9856.2,9861.2
1748284258798.0,9856.3,9861.3
1748284259038.0,9856.3,9861.3
1748284259515.0,9856.2,9861.2
1748284259637.0,9856.3,9861.3
1748284259838.0,9856.2,9861.2
1748284260117.0,9856.3,9861.3
1748284260217.0,9856.2,9861.2
1748284260357.0,9856.3,9861.3
1748284260457.0,9856.2,9861.2
1748284260579.0,9856.3,9861.3
1748284260764.0,9856.2,9861.2
1748284260866.0,9856.3,9861.3
1748284261086.0,9856.2,9861.2
1748284261198.0,9856.3,9861.3
1748284275412.0,9856.0,9861.0
1748284275514.0,9856.2,9861.2
1748284290015.0,9855.8,9860.8
1748284328257,,
1748284387094.0,9856.0,9861.0
1748284387195.0,9856.1,9861.1
1748284387426.0,9856.3,9861.3
1748284388686.0,9856.1,9861.1
1748284405986.0,9856.3,9861.3
1748284418211,,
1748284424418.0,9856.1,9861.1
1748284430894.0,9856.3,9861.3
1748284606635.0,9856.4,9861.4
1748284606735,,
1748284875913,,
1748284876883.0,9856.9,9861.9
1748284883187.0,9856.8,9861.8
1748284883288.0,9856.9,9861.9
1748285040009.0,9857.1,9862.1
1748285088488.0,9857.0,9862.0
1748285088661.0,9857.1,9862.1
1748285100219.0,9857.0,9862.0
1748285100319.0,9857.1,9862.1
1748285107344.0,9857.0,9862.0
1748285123598.0,9857.1,9862.1
1748285123699.0,9857.0,9862.0
1748285127762.0,9857.1,9862.1
1748285127913.0,9857.0,9862.0
1748285244469.0,9857.1,9862.1
1748285244569.0,9857.0,9862.0
1748285287597.0,9857.1,9862.1
1748285287696.0,9857.0,9862.0
1748285367614.0,9857.1,9862.1
1748285368660.0,9857.0,9862.0
1748285383284,,
1748285401026.0,9857.1,9862.1
1748285402081.0,9857.0,9862.0
1748285406362.0,9857.1,9862.1
1748285619592.0,9857.0,9862.0
1748285660485.0,9856.7,9861.7
1748285660583,,
1748285661101.0,9856.8,9861.8
1748285701268,,
1748285729543.0,9856.7,9861.7
1748285740302.0,9856.8,9861.8
1748285761168.0,9856.6,9861.6
1748285761368.0,9856.5,9861.5
1748285765721.0,9856.7,9861.7
1748285765821.0,9856.5,9861.5
1748285768952.0,9856.7,9861.7
1748285771053.0,9856.5,9861.5
1748285784237.0,9856.7,9861.7
1748285785822.0,9856.5,9861.5
1748285795564.0,9856.7,9861.7
1748285805994.0,9855.9,9860.9
1748285806485.0,9855.7,9860.7
1748285806584.0,9855.9,9860.9
1748285849177.0,9855.7,9860.7
1748285850008.0,9855.9,9860.9
1748285857327.0,9856.0,9861.0
1748285858548.0,9856.2,9861.2
1748285858647,,
1748285859820.0,9856.0,9861.0
1748285861269.0,9856.2,9861.2
1748285862272.0,9856.0,9861.0
1748285864007.0,9856.2,9861.2
1748285864852.0,9856.0,9861.0
1748285865009.0,9856.2,9861.2
1748285871903.0,9856.5,9861.5
1748285872007.0,9856.2,9861.2
1748285872107.0,9856.5,9861.5
1748285873092.0,9856.4,9861.4
1748285873192.0,9856.3,9861.3
1748285873293.0,9856.2,9861.2
1748285874140.0,9856.3,9861.3
1748285874242.0,9856.5,9861.5
1748285951342.0,9856.4,9861.4
1748285951443.0,9856.0,9861.0
1748285958189.0,9856.4,9861.4
1748285958290.0,9856.5,9861.5
1748285970009.0,9856.7,9861.7
1748285971059.0,9856.2,9861.2
1748285973128.0,9856.5,9861.5
1748285985019.0,9856.7,9861.7
1748286060016.0,9856.5,9861.5
1748286105011.0,9856.7,9861.7
1748286135015.0,9856.5,9861.5
1748286210009.0,9856.7,9861.7
1748286351512.0,9856.9,9861.9
1748286352671.0,9856.7,9861.7
1748286371396.0,9856.9,9861.9
1748286375011.0,9856.7,9861.7
1748286387774.0,9856.9,9861.9
1748286388017.0,9856.7,9861.7
1748286399207.0,9856.9,9861.9
1748286399307.0,9856.7,9861.7
1748286401459.0,9856.9,9861.9
1748286401560.0,9856.7,9861.7
1748286407556.0,9856.7,9861.7
1748286408576.0,9856.9,9861.9
1748286408683.0,9856.7,9861.7
1748286463966.0,9856.6,9861.6
1748286464066.0,9856.2,9861.2
1748286464166.0,9856.0,9861.0
1748286466368.0,9855.9,9860.9
1748286466467.0,9856.0,9861.0
1748286467057.0,9855.9,9860.9
1748286471981.0,9855.7,9860.7
1748286689571,,
1748286757345.0,9855.9,9860.9
1748286757445.0,9856.2,9861.2
1748286757822.0,9856.0,9861.0
1748286836310.0,9855.9,9860.9
1748286836410.0,9856.0,9861.0
1748286852667.0,9855.7,9860.7
1748286977972.0,9855.9,9860.9
1748286978071,,
1748287285100.0,9855.7,9860.7
1748287299452.0,9855.5,9860.5
1748287299554.0,9855.4,9860.4
1748287305007.0,9855.2,9860.2
1748287335008.0,9855.6,9860.6
1748287349016.0,9855.7,9860.7
1748287366083.0,9855.9,9860.9
1748287378161.0,9855.7,9860.7
1748287378261.0,9855.9,9860.9
1748287396616.0,9855.7,9860.7
1748287413124.0,9855.9,9860.9
1748287444236.0,9855.7,9860.7
1748287530012.0,9855.9,9860.9
1748287665012.0,9855.7,9860.7
1748287688844.0,9855.6,9860.6
1748287717993,,
1748287770008.0,9855.2,9860.2
1748287774405.0,9855.0,9860.0
1748287800013.0,9855.2,9860.2
1748287845012.0,9855.0,9860.0
1748287950014.0,9855.6,9860.6
1748287990716,,
1748288040006.0,9855.2,9860.2
1748288055008.0,9855.6,9860.6
1748288130008.0,9855.2,9860.2
1748288135355,,
1748288138774.0,9855.7,9860.7
1748288156741.0,9855.6,9860.6
1748288156840.0,9855.7,9860.7
1748288191482.0,9855.9,9860.9
1748288203388.0,9855.7,9860.7
1748288799597,,
1748288840009,,
1748288856231.0,9855.9,9860.9
1748288856330.0,9856.0,9861.0
1748289078701.0,9855.9,9860.9
1748289079517.0,9856.0,9861.0
1748289079716.0,9855.9,9860.9
1748289085586.0,9856.0,9861.0
1748289085786.0,9855.9,9860.9
1748289086086.0,9856.0,9861.0
1748289086285.0,9856.0,9861.0
1748289086886.0,9856.0,9861.0
1748289086985.0,9855.9,9860.9
1748289087364.0,9855.9,9860.9
1748289087614.0,9855.9,9860.9
1748289087765.0,9856.0,9861.0
1748289091588.0,9855.9,9860.9
1748289091890.0,9855.9,9860.9
1748289092615.0,9855.9,9860.9
1748289092765.0,9856.0,9861.0
1748289092965.0,9855.9,9860.9
1748289137783.0,9856.0,9861.0
1748289152934.0,9855.9,9860.9
1748289153035.0,9856.0,9861.0
1748289153533.0,9855.9,9860.9
1748289153762.0,9856.0,9861.0
1748289154015.0,9855.9,9860.9
1748289154931.0,9856.0,9861.0
1748289155032.0,9855.9,9860.9
1748289194722.0,9855.7,9860.7
1748289195117.0,9855.6,9860.6
1748289195555.0,9855.6,9860.6
1748289196666.0,9855.2,9860.2
1748289196765.0,9855.0,9860.0
1748289204879.0,9854.9,9859.9
1748289205012.0,9854.7,9859.7
1748289225014.0,9854.9,9859.9
1748289240011.0,9854.7,9859.7
1748289255053.0,9854.9,9859.9
1748289315010.0,9854.7,9859.7
1748289345009.0,9854.9,9859.9
1748289390016.0,9854.7,9859.7
1748289480010.0,9854.5,9859.5
1748289512508.0,9854.1,9859.1
1748289512609.0,9854.0,9859.0
1748289555013.0,9854.2,9859.2
1748289570018.0,9854.0,9859.0
1748289584249.0,9854.2,9859.2
1748289584350,,
1748289595292.0,9854.2,9859.2
1748289597508.0,9854.2,9859.2
1748289599947.0,9854.0,9859.0
1748289600057.0,9854.2,9859.2
1748289618239.0,9854.3,9859.3
1748289618340.0,9854.2,9859.2
1748289620047.0,9854.3,9859.3
1748289620148.0,9854.5,9859.5
1748289620863.0,9854.2,9859.2
1748289622449.0,9854.5,9859.5
1748289626728.0,9854.7,9859.7
1748289627029.0,9854.9,9859.9
1748289631151.0,9854.7,9859.7
1748289647282.0,9854.9,9859.9
1748289654262.0,9854.7,9859.7
1748289658462.0,9854.9,9859.9
1748289660555.0,9854.7,9859.7
1748289661751.0,9854.9,9859.9
1748289668184.0,9854.7,9859.7
1748289669502.0,9854.9,9859.9
1748289780382.0,9854.6,9859.6
1748289794357.0,9854.2,9859.2
1748289794456.0,9854.0,9859.0
1748289794778.0,9854.2,9859.2
1748289807811.0,9854.0,9859.0
1748289809364.0,9854.2,9859.2
1748289811236.0,9854.0,9859.0
1748289811335.0,9853.9,9858.9
1748289811559.0,9853.9,9858.9
1748289811798.0,9853.9,9858.9
1748289811918.0,9854.0,9859.0
1748289812018.0,9853.9,9858.9
1748289816160.0,9854.0,9859.0
1748289816259.0,9853.9,9858.9
1748289816377.0,9854.0,9859.0
1748289816514.0,9853.9,9858.9
1748289816613.0,9854.0,9859.0
1748289816739.0,9853.9,9858.9
1748289816879.0,9854.0,9859.0
1748289817264.0,9853.9,9858.9
1748289817364.0,9854.0,9859.0
1748289825296.0,9853.9,9858.9
1748289840435.0,9854.0,9859.0
1748289846235.0,9853.9,9858.9
1748289901238.0,9854.0,9859.0
1748289901738.0,9854.2,9859.2
1748289903882.0,9854.0,9859.0
1748289913404.0,9854.2,9859.2
1748289914046.0,9854.1,9859.1
1748289914515.0,9854.0,9859.0
1748289914765.0,9853.9,9858.9
1748289914865.0,9854.0,9859.0
1748289916192.0,9854.2,9859.2
1748289926616.0,9854.0,9859.0
1748289929683.0,9854.2,9859.2
1748289930121.0,9854.0,9859.0
1748289937598.0,9854.2,9859.2
1748289944267.0,9854.0,9859.0
1748289944367.0,9853.9,9858.9
1748289946237.0,9854.0,9859.0
1748289946337.0,9853.9,9858.9
1748289946477.0,9854.0,9859.0
1748289946577.0,9853.9,9858.9
1748289946698.0,9854.0,9859.0
1748289946799.0,9853.9,9858.9
1748289946937.0,9854.0,9859.0
1748289947158.0,9854.0,9859.0
1748289947258.0,9853.9,9858.9
1748289947478.0,9853.9,9858.9
1748289947617.0,9854.0,9859.0
1748289947718.0,9853.9,9858.9
1748289947836.0,9854.0,9859.0
1748289947937.0,9853.9,9858.9
1748289948618.0,9854.0,9859.0
1748289948719.0,9853.9,9858.9
1748289948838.0,9854.0,9859.0
1748289948939.0,9853.9,9858.9
1748289949177.0,9853.9,9858.9
1748289949318.0,9854.0,9859.0
1748289949537.0,9854.0,9859.0
1748289949638.0,9853.9,9858.9
1748289949779.0,9854.0,9859.0
1748289949880.0,9853.9,9858.9
1748289950116.0,9853.9,9858.9
1748289950257.0,9854.0,9859.0
1748289950477.0,9854.0,9859.0
1748289950576.0,9853.9,9858.9
1748289950816.0,9853.9,9858.9
1748289951037.0,9853.9,9858.9
1748289951477.0,9854.0,9859.0
1748289951577.0,9853.9,9858.9
1748289951696.0,9854.0,9859.0
1748289951795.0,9853.9,9858.9
1748289952038.0,9854.0,9859.0
1748289952137.0,9853.9,9858.9
1748289952256.0,9854.0,9859.0
1748289952513.0,9853.9,9858.9
1748289953219.0,9854.0,9859.0
1748289953320.0,9853.9,9858.9
1748289953436.0,9854.0,9859.0
1748289953537.0,9853.9,9858.9
1748289953659.0,9854.0,9859.0
1748289953759.0,9853.9,9858.9
1748289954458.0,9854.0,9859.0
1748289954558.0,9853.9,9858.9
1748289954660.0,9854.0,9859.0
1748289954765.0,9853.9,9858.9
1748289971231.0,9853.7,9858.7
1748289972039.0,9853.6,9858.6
1748289987787.0,9853.7,9858.7
1748289987885.0,9853.9,9858.9
1748290098913.0,9853.7,9858.7
1748290099012.0,9853.9,9858.9
1748290204004.0,9854.0,9859.0
1748290204103.0,9854.1,9859.1
1748290204402.0,9854.0,9859.0
1748290204774.0,9853.9,9858.9
1748290204902.0,9854.0,9859.0
1748290205766.0,9853.9,9858.9
1748290205899.0,9854.0,9859.0
1748290250515.0,9853.9,9858.9
1748290272339.0,9854.0,9859.0
1748290272438.0,9853.9,9858.9
1748290276026.0,9854.0,9859.0
1748290276260.0,9853.9,9858.9
1748290277240.0,9854.0,9859.0
1748290277514.0,9853.9,9858.9
1748290281940.0,9854.0,9859.0
1748290282040.0,9853.9,9858.9
1748290282158.0,9854.0,9859.0
1748290282258.0,9853.9,9858.9
1748290282497.0,9853.9,9858.9
1748290282598.0,9854.0,9859.0
1748290282699.0,9853.9,9858.9
1748290286520.0,9854.0,9859.0
1748290286619.0,9853.9,9858.9
1748290286738.0,9854.0,9859.0
1748290286837.0,9853.9,9858.9
1748290286957.0,9854.0,9859.0
1748290287508.0,9853.9,9858.9
1748290287638.0,9854.0,9859.0
1748290287910.0,9853.9,9858.9
1748290288019.0,9854.0,9859.0
1748290288174.0,9853.9,9858.9
1748290288299.0,9854.0,9859.0
1748290288398.0,9853.9,9858.9
1748290288517.0,9854.0,9859.0
1748290288764.0,9853.9,9858.9
1748290288878.0,9854.0,9859.0
1748290288979.0,9853.9,9858.9
1748290289098.0,9854.0,9859.0
1748290289198.0,9853.9,9858.9
1748290289299.0,9854.0,9859.0
1748290290200.0,9853.9,9858.9
1748290290317.0,9854.0,9859.0
1748290290678.0,9853.9,9858.9
1748290290799.0,9854.0,9859.0
1748290291013.0,9853.9,9858.9
1748290291137.0,9854.0,9859.0
1748290291265.0,9853.9,9858.9
1748290291379.0,9854.0,9859.0
1748290291513.0,9853.9,9858.9
1748290291618.0,9854.0,9859.0
1748290291720.0,9853.9,9858.9
1748290291857.0,9854.0,9859.0
1748290292015.0,9853.9,9858.9
1748290292118.0,9854.0,9859.0
1748290294765.0,9853.9,9858.9
1748290295439.0,9854.0,9859.0
1748290295539.0,9853.9,9858.9
1748290339100.0,9854.0,9859.0
1748290349863.0,9853.9,9858.9
1748290350198.0,9854.0,9859.0
1748290389875.0,9853.9,9858.9
1748290389996.0,9854.0,9859.0
1748290390097.0,9853.9,9858.9
1748290390217.0,9854.0,9859.0
1748290390317.0,9853.9,9858.9
1748290391581.0,9854.0,9859.0
1748290394201.0,9853.9,9858.9
1748290394478.0,9854.0,9859.0
1748290410600.0,9853.9,9858.9
1748290418775.0,9854.0,9859.0
1748290419731.0,9853.9,9858.9
1748290500187.0,9854.0,9859.0
1748290513836.0,9853.9,9858.9
1748290513937.0,9854.0,9859.0
1748290514037.0,9853.9,9858.9
1748290516148.0,9854.0,9859.0
1748290518694.0,9853.9,9858.9
1748290518794.0,9854.0,9859.0
1748290520204,,
1748290520537.0,9853.9,9858.9
1748290520895.0,9854.0,9859.0
1748290620663.0,9853.9,9858.9
1748290622911.0,9853.7,9858.7
1748290637155.0,9853.9,9858.9
1748290638101.0,9854.0,9859.0
1748290638202.0,9853.9,9858.9
1748290723037,,
1748290753852.0,9853.7,9858.7
1748290753952.0,9853.9,9858.9
1748290754193.0,9853.7,9858.7
1748290764204.0,9853.9,9858.9
1748290764883.0,9853.7,9858.7
1748290800304,,
1748290801202.0,9853.6,9858.6
1748290801294.0,9853.7,9858.7
1748290807840.0,9853.6,9858.6
1748290809894.0,9853.7,9858.7
1748290809994.0,9853.6,9858.6
1748290810405.0,9853.5,9858.5
1748290815008.0,9853.7,9858.7
1748290816482.0,9853.9,9858.9
1748290830010.0,9853.7,9858.7
1748290877584.0,9853.9,9858.9
1748290877686.0,9853.7,9858.7
1748290903300.0,9853.9,9858.9
1748290905012.0,9853.7,9858.7
1748290918825.0,9853.9,9858.9
1748290918923.0,9853.7,9858.7
1748290935009.0,9853.9,9858.9
1748290966742,,
1748290990160.0,9853.7,9858.7
1748290995274.0,9853.9,9858.9
1748290995374.0,9853.7,9858.7
1748290995475.0,9853.9,9858.9
1748290996262.0,9853.7,9858.7
1748290996363.0,9853.9,9858.9
1748291005401.0,9853.7,9858.7
1748291031262.0,9853.9,9858.9
1748291211133.0,9854.0,9859.0
1748291220598.0,9853.9,9858.9
1748291223799.0,9854.0,9859.0
1748291223900.0,9853.9,9858.9
1748291224035.0,9854.0,9859.0
1748291224135.0,9853.9,9858.9
1748291224278.0,9854.0,9859.0
1748291224377.0,9853.9,9858.9
1748291224498.0,9854.0,9859.0
1748291224717.0,9854.0,9859.0
1748291224819.0,9853.9,9858.9
1748291225038.0,9853.9,9858.9
1748291225179.0,9854.0,9859.0
1748291225277.0,9853.9,9858.9
1748291225389.0,9854.0,9859.0
1748291225597.0,9854.0,9859.0
1748291225698.0,9853.9,9858.9
1748291225917.0,9853.9,9858.9
1748291226056.0,9854.0,9859.0
1748291226278.0,9854.0,9859.0
1748291226378.0,9853.9,9858.9
1748291226616.0,9853.9,9858.9
1748291226758.0,9854.0,9859.0
1748291227015.0,9853.9,9858.9
1748291227349.0,9853.9,9858.9
1748291227475.0,9854.0,9859.0
1748291227577.0,9853.9,9858.9
1748291227799.0,9853.9,9858.9
1748291227937.0,9854.0,9859.0
1748291228177.0,9854.0,9859.0
1748291228278.0,9853.9,9858.9
1748291228498.0,9853.9,9858.9
1748291228639.0,9854.0,9859.0
1748291228739.0,9853.9,9858.9
1748291228857.0,9854.0,9859.0
1748291229078.0,9854.0,9859.0
1748291229177.0,9853.9,9858.9
1748291229378.0,9853.9,9858.9
1748291229519.0,9854.0,9859.0
1748291229738.0,9854.0,9859.0
1748291229838.0,9853.9,9858.9
1748291229978.0,9854.0,9859.0
1748291230077.0,9853.9,9858.9
1748291230300.0,9853.9,9858.9
1748291230438.0,9854.0,9859.0
1748291230658.0,9854.0,9859.0
1748291230756.0,9853.9,9858.9
1748291230979.0,9853.9,9858.9
1748291231098.0,9854.0,9859.0
1748291231198.0,9853.9,9858.9
1748291231337.0,9854.0,9859.0
1748291231579.0,9854.0,9859.0
1748291231680.0,9853.9,9858.9
1748291231897.0,9853.9,9858.9
1748291232036.0,9854.0,9859.0
1748291232135.0,9853.9,9858.9
1748291232365.0,9853.9,9858.9
1748291232577.0,9853.9,9858.9
1748291232798.0,9853.9,9858.9
1748291232938.0,9854.0,9859.0
1748291233177.0,9854.0,9859.0
1748291233278.0,9853.9,9858.9
1748291233497.0,9853.9,9858.9
1748291233619.0,9854.0,9859.0
1748291233717.0,9853.9,9858.9
1748291233856.0,9854.0,9859.0
1748291234098.0,9854.0,9859.0
1748291234197.0,9853.9,9858.9
1748291234417.0,9853.9,9858.9
1748291234538.0,9854.0,9859.0
1748291234639.0,9853.9,9858.9
1748291234877.0,9853.9,9858.9
1748291235019.0,9854.0,9859.0
1748291235119.0,9853.9,9858.9
1748291235338.0,9853.9,9858.9
1748291235459.0,9854.0,9859.0
1748291235698.0,9854.0,9859.0
1748291235799.0,9853.9,9858.9
1748291235938.0,9854.0,9859.0
1748291236826.0,9854.3,9859.3
1748291250007.0,9854.7,9859.7
1748291325516.0,9854.9,9859.9
1748291325650.0,9854.7,9859.7
1748291325749.0,9854.9,9859.9
1748291340011.0,9854.7,9859.7
1748291408115.0,9854.9,9859.9
1748291408215.0,9854.7,9859.7
1748291408501.0,9854.9,9859.9
1748291408701.0,9854.7,9859.7
1748291408801.0,9854.9,9859.9
1748291409100.0,9854.7,9859.7
1748291409202.0,9854.9,9859.9
1748291409652.0,9854.7,9859.7
1748291409871.0,9854.9,9859.9
1748291411528.0,9854.7,9859.7
1748291415008.0,9854.9,9859.9
1748291418729.0,9854.7,9859.7
1748291420707.0,9854.9,9859.9
1748291420808.0,9854.7,9859.7
1748291421969.0,9854.6,9859.6
1748291422333.0,9854.7,9859.7
1748291422701.0,9854.6,9859.6
1748291422803.0,9854.7,9859.7
1748291422988.0,9854.6,9859.6
1748291423088.0,9854.7,9859.7
1748291423234.0,9854.6,9859.6
1748291423343.0,9854.7,9859.7
1748291423755.0,9854.6,9859.6
1748291423856.0,9854.7,9859.7
1748291423956.0,9854.6,9859.6
1748291424156.0,9854.7,9859.7
1748291428691.0,9854.6,9859.6
1748291428791.0,9854.7,9859.7
1748291429245.0,9854.6,9859.6
1748291429345.0,9854.7,9859.7
1748291429536.0,9854.6,9859.6
1748291429636.0,9854.7,9859.7
1748291430062.0,9854.6,9859.6
1748291437555.0,9854.7,9859.7
1748291437675.0,9854.6,9859.6
1748291441308.0,9854.7,9859.7
1748291441440.0,9854.6,9859.6
1748291441952.0,9854.7,9859.7
1748291442051.0,9854.6,9859.6
1748291442297.0,9854.7,9859.7
1748291442659.0,9854.6,9859.6
1748291445020.0,9854.7,9859.7
1748291445176.0,9854.6,9859.6
1748291449097.0,9854.4,9859.4
1748291449295.0,9854.0,9859.0
1748291469193.0,9854.2,9859.2
1748291469394.0,9854.0,9859.0
1748291469994.0,9854.2,9859.2
1748291470093.0,9854.0,9859.0
1748291470293.0,9854.2,9859.2
1748291470394.0,9854.0,9859.0
1748291470594.0,9854.2,9859.2
1748291470793.0,9854.2,9859.2
1748291470893.0,9854.0,9859.0
1748291471174.0,9854.2,9859.2
1748291471273.0,9854.0,9859.0
1748291475009.0,9854.2,9859.2
1748291475675.0,9854.3,9859.3
1748291475875.0,9854.5,9859.5
1748291479924.0,9854.6,9859.6
1748291480023.0,9854.7,9859.7
1748291480241.0,9854.6,9859.6
1748291480551.0,9854.7,9859.7
1748291481611.0,9854.6,9859.6
1748291481714.0,9854.7,9859.7
1748291485201.0,9854.6,9859.6
1748291492377.0,9854.7,9859.7
1748291493009.0,9854.6,9859.6
1748291493108.0,9854.7,9859.7
1748291493987.0,9854.6,9859.6
1748291494087.0,9854.7,9859.7
1748291508608.0,9854.6,9859.6
1748291519389.0,9854.7,9859.7
1748291519529.0,9854.6,9859.6
1748291519695.0,9854.7,9859.7
1748291519793.0,9854.6,9859.6
1748291520027.0,9854.7,9859.7
1748291520271.0,9854.6,9859.6
1748291520370.0,9854.7,9859.7
1748291523164.0,9854.6,9859.6
1748291527409.0,9854.7,9859.7
1748291531986.0,9854.6,9859.6
1748291532085.0,9854.7,9859.7
1748291532691.0,9854.6,9859.6
1748291532792.0,9854.7,9859.7
1748291533300.0,9854.6,9859.6
1748291533399.0,9854.7,9859.7
1748291533521.0,9854.6,9859.6
1748291533655.0,9854.7,9859.7
1748291533755.0,9854.6,9859.6
1748291535343.0,9854.7,9859.7
1748291535852.0,9854.6,9859.6
1748291536426.0,9854.7,9859.7
1748291536655.0,9854.6,9859.6
1748291536794.0,9854.7,9859.7
1748291538152.0,9854.6,9859.6
1748291538251.0,9854.7,9859.7
1748291540981.0,9854.6,9859.6
1748291548775.0,9854.7,9859.7
1748291554404.0,9854.6,9859.6
1748291559262.0,9854.7,9859.7
1748291559463.0,9854.6,9859.6
1748291559563.0,9854.7,9859.7
1748291559829.0,9854.6,9859.6
1748291559929.0,9854.7,9859.7
1748291560063.0,9854.6,9859.6
1748291560162.0,9854.7,9859.7
1748291560510.0,9854.6,9859.6
1748291561879.0,9854.7,9859.7
1748291582478,,
1748291585608.0,9854.9,9859.9
1748291585707.0,9854.7,9859.7
1748291586178.0,9854.9,9859.9
1748291586584.0,9854.7,9859.7
1748291586684.0,9854.9,9859.9
1748291587696.0,9854.7,9859.7
1748291587897.0,9854.9,9859.9
1748291591120.0,9854.7,9859.7
1748291591220.0,9854.9,9859.9
1748291599754.0,9855.0,9860.0
1748291600158.0,9854.9,9859.9
1748291650713.0,9854.7,9859.7
1748291655011.0,9854.9,9859.9
1748291672246.0,9855.0,9860.0
1748291672344.0,9854.9,9859.9
1748291718259.0,9854.7,9859.7
1748291724620.0,9854.4,9859.4
1748291725125.0,9854.6,9859.6
1748291731832.0,9854.5,9859.5
1748291731931.0,9854.0,9859.0
1748291780698.0,9854.2,9859.2
1748291781395.0,9854.0,9859.0
1748291783786.0,9854.2,9859.2
1748291783886.0,9854.0,9859.0
1748291792495.0,9854.2,9859.2
1748291795327.0,9854.0,9859.0
1748291804737.0,9854.2,9859.2
1748291804837.0,9854.0,9859.0
1748291806392.0,9854.2,9859.2
1748291806600.0,9854.0,9859.0
1748291821447.0,9854.2,9859.2
1748291827500.0,9854.0,9859.0
1748291828565.0,9854.2,9859.2
1748291829500.0,9854.0,9859.0
1748291830602.0,9854.2,9859.2
1748291831404.0,9854.0,9859.0
1748291831786.0,9854.2,9859.2
1748291833799.0,9854.0,9859.0
1748291841902.0,9854.2,9859.2
1748291842395.0,9854.0,9859.0
1748291842596.0,9854.2,9859.2
1748291844362.0,9854.0,9859.0
1748291846082.0,9854.2,9859.2
1748291846494.0,9854.0,9859.0
1748291847220.0,9854.2,9859.2
1748291848781.0,9854.0,9859.0
1748291848882.0,9854.2,9859.2
1748291863436.0,9854.2,9859.2
1748291864095.0,9854.0,9859.0
1748291864197.0,9854.2,9859.2
1748291865006.0,9854.0,9859.0
1748291865136.0,9854.2,9859.2
1748291882046.0,9854.0,9859.0
1748291886057.0,9854.2,9859.2
1748291886156.0,9854.0,9859.0
1748291895011.0,9854.6,9859.6
1748291973562.0,9854.7,9859.7
1748291973752.0,9854.6,9859.6
1748291973853.0,9854.7,9859.7
1748292003163.0,9854.9,9859.9
1748292023944.0,9854.7,9859.7
1748292024386.0,9854.9,9859.9
1748292030006.0,9854.7,9859.7
1748292037132.0,9854.9,9859.9
1748292037232.0,9854.7,9859.7
1748292037519.0,9854.9,9859.9
1748292037892.0,9854.7,9859.7
1748292045008.0,9854.9,9859.9
1748292060007.0,9854.7,9859.7
1748292115258.0,9854.6,9859.6
1748292187279.0,9854.3,9859.3
1748292187378.0,9854.6,9859.6
1748292190125.0,9854.5,9859.5
1748292190332.0,9854.2,9859.2
1748292193893.0,9854.0,9859.0
1748292195055.0,9854.2,9859.2
1748292196501.0,9854.0,9859.0
1748292196601.0,9854.2,9859.2
1748292197199.0,9854.0,9859.0
1748292210008.0,9854.6,9859.6
1748292243453.0,9854.3,9859.3
1748292243553.0,9854.6,9859.6
1748292244219.0,9854.3,9859.3
1748292255010.0,9854.0,9859.0
1748292302338.0,9854.2,9859.2
1748292303140.0,9854.0,9859.0
1748292349021.0,9853.7,9858.7
1748292350153.0,9853.6,9858.6
1748292350352.0,9853.5,9858.5
1748292352355.0,9853.0,9858.0
1748292352455.0,9852.9,9857.9
1748292353252.0,9852.8,9857.8
1748292353350.0,9852.9,9857.9
1748292360066.0,9852.8,9857.8
1748292360166.0,9852.7,9857.7
1748292364446.0,9852.8,9857.8
1748292364546.0,9852.7,9857.7
1748292364646.0,9852.8,9857.8
1748292365006.0,9852.9,9857.9
1748292365413.0,9852.7,9857.7
1748292366618.0,9852.9,9857.9
1748292367417.0,9852.8,9857.8
1748292367519.0,9852.9,9857.9
1748292367995.0,9852.7,9857.7
1748292368096.0,9852.8,9857.8
1748292368497.0,9852.9,9857.9
1748292368796.0,9852.7,9857.7
1748292369371.0,9852.9,9857.9
1748292369495.0,9852.7,9857.7
1748292373295.0,9853.0,9858.0
1748292373393.0,9853.2,9858.2
1748292375007.0,9853.0,9858.0
1748292396571.0,9853.2,9858.2
1748292397984.0,9853.5,9858.5
1748292405011.0,9853.0,9858.0
1748292418856,,
1748292438652.0,9852.9,9857.9
1748292439683.0,9853.0,9858.0
1748292439993.0,9853.2,9858.2
1748292444326.0,9853.2,9858.2
1748292460059.0,9853.3,9858.3
1748292460159.0,9853.6,9858.6
1748292465293.0,9853.5,9858.5
1748292480010.0,9853.0,9858.0
1748292485867.0,9852.9,9857.9
1748292485968.0,9853.0,9858.0
1748292501497.0,9853.2,9858.2
1748292510010.0,9853.0,9858.0
1748292535212.0,9853.2,9858.2
1748292535311,,
1748292540103.0,9853.0,9858.0
1748292540892,,
1748292541014.0,9853.2,9858.2
1748292544248.0,9853.0,9858.0
1748292600630.0,9852.9,9857.9
1748292600730.0,9853.0,9858.0
1748292630016.0,9853.2,9858.2
1748292658510.0,9853.3,9858.3
1748292658609.0,9853.2,9858.2
1748292675008.0,9853.6,9858.6
1748292729061.0,9853.7,9858.7
1748292729161.0,9853.9,9858.9
1748292741755.0,9853.6,9858.6
1748292741856.0,9853.9,9858.9
1748292742292.0,9854.0,9859.0
1748292742392.0,9853.9,9858.9
1748292792589.0,9854.0,9859.0
1748292794099.0,9853.9,9858.9
1748292795600.0,9854.0,9859.0
1748292795849.0,9853.9,9858.9
1748292797876.0,9854.0,9859.0
1748292805387.0,9853.9,9858.9
1748292815409.0,9854.0,9859.0
1748292819371.0,9853.9,9858.9
1748292819470.0,9854.0,9859.0
1748292820463.0,9853.9,9858.9
1748292820563.0,9854.0,9859.0
1748292838557.0,9853.9,9858.9
1748292838657.0,9854.0,9859.0
1748292841679.0,9853.9,9858.9
1748292841781.0,9853.6,9858.6
1748292842157.0,9853.9,9858.9
1748292844047.0,9853.8,9858.8
1748292844147.0,9853.6,9858.6
1748292844348.0,9853.7,9858.7
1748292847411.0,9853.6,9858.6
1748292847551.0,9853.7,9858.7
1748292849300.0,9853.6,9858.6
1748292849436.0,9853.9,9858.9
1748292852167.0,9853.8,9858.8
1748292852265.0,9853.6,9858.6
1748292881973.0,9853.7,9858.7
1748292882072.0,9853.9,9858.9
1748292882191.0,9853.8,9858.8
1748292882289.0,9853.6,9858.6
1748292894444.0,9853.9,9858.9
1748292895263.0,9853.8,9858.8
1748292895364.0,9853.9,9858.9
1748292895489.0,9853.8,9858.8
1748292900007.0,9853.6,9858.6
1748292900289.0,9853.8,9858.8
1748292900390.0,9853.6,9858.6
1748292931070.0,9853.1,9858.1
1748292931169.0,9853.2,9858.2
1748292945009.0,9853.6,9858.6
1748293017834.0,9853.1,9858.1
1748293017935.0,9853.2,9858.2
1748293020009.0,9853.6,9858.6
