1748268005923,,
1748268008955.0,48433.2,48453.2
1748268009055.0,48443.9,48463.9
1748268010148,,
1748268013213.0,48442.6,48462.6
1748268013637.0,48441.4,48461.4
1748268018068.0,48442.6,48462.6
1748268018817.0,48443.9,48463.9
1748268020238,,
1748268020338.0,48442.6,48462.6
1748268021223.0,48443.9,48463.9
1748268028400.0,48442.6,48462.6
1748268028500.0,48441.4,48461.4
1748268028727,,
1748268028827.0,48440.3,48460.3
1748268029133.0,48438.9,48458.9
1748268032820.0,48436.4,48456.4
1748268042252.0,48438.9,48458.9
1748268042733.0,48440.3,48460.3
1748268045010.0,48441.4,48461.4
1748268046393.0,48440.1,48460.1
1748268046661.0,48435.3,48455.3
1748268046761.0,48433.9,48453.9
1748268055182,,
1748268059735.0,48435.1,48455.1
1748268060170.0,48435.1,48455.1
1748268061318,,
1748268063522.0,48433.9,48453.9
1748268078518.0,48436.6,48456.6
1748268078616.0,48436.4,48456.4
1748268079117,,
1748268080017.0,48438.9,48458.9
1748268081617,,
1748268081716.0,48436.4,48456.4
1748268083579.0,48433.9,48453.9
1748268093644,,
1748268095633,,
1748268095734.0,48431.4,48451.4
1748268098146,,
1748268107768.0,48428.9,48448.9
1748268108267.0,48430.3,48450.3
1748268108367.0,48431.4,48451.4
1748268109131.0,48433.9,48453.9
1748268109839.0,48428.9,48448.9
1748268110435.0,48431.4,48451.4
1748268115656.0,48428.9,48448.9
1748268116272.0,48426.4,48446.4
1748268116715.0,48428.9,48448.9
1748268117090.0,48426.4,48446.4
1748268119223.0,48428.8,48448.8
1748268119322.0,48430.1,48450.1
1748268120014.0,48428.9,48448.9
1748268124677.0,48430.3,48450.3
1748268124777.0,48431.4,48451.4
1748268126183.0,48432.8,48452.8
1748268126285.0,48433.9,48453.9
1748268126596,,
1748268126801.0,48435.3,48455.3
1748268129895.0,48433.9,48453.9
1748268131697.0,48435.1,48455.1
1748268131796.0,48436.4,48456.4
1748268132383.0,48433.9,48453.9
1748268133631.0,48436.4,48456.4
1748268134136.0,48435.1,48455.1
1748268134236.0,48433.9,48453.9
1748268139720.0,48436.4,48456.4
1748268141665.0,48433.9,48453.9
1748268141765.0,48436.4,48456.4
1748268142080.0,48437.8,48457.8
1748268147515.0,48439.1,48459.1
1748268149503.0,48437.8,48457.8
1748268155339.0,48442.8,48462.8
1748268160847.0,48445.3,48465.3
1748268161993.0,48446.4,48466.4
1748268165180.0,48450.3,48470.3
1748268165279.0,48451.4,48471.4
1748268165448.0,48450.1,48470.1
1748268165949.0,48452.6,48472.6
1748268171729.0,48453.9,48473.9
1748268176133.0,48448.9,48468.9
1748268176234.0,48451.4,48471.4
1748268176445.0,48452.8,48472.8
1748268176546.0,48451.4,48471.4
1748268177130.0,48450.1,48470.1
1748268177230.0,48448.9,48468.9
1748268180163.0,48451.4,48471.4
1748268186146.0,48448.9,48468.9
1748268193763.0,48447.6,48467.6
1748268193990.0,48446.4,48466.4
1748268194643.0,48446.5,48466.5
1748268204457.0,48447.6,48467.6
1748268204557.0,48449.0,48469.0
1748268208139.0,48450.1,48470.1
1748268208238.0,48451.5,48471.5
1748268217802.0,48454.0,48474.0
1748268221399,,
1748268225621,,
1748268226751.0,48449.0,48469.0
1748268240600.0,48446.5,48466.5
1748268273625.0,48445.1,48465.1
1748268278142.0,48446.5,48466.5
1748268279705.0,48445.1,48465.1
1748268294169.0,48444.0,48464.0
1748268300317.0,48442.6,48462.6
1748268300516.0,48441.5,48461.5
1748268307705.0,48440.1,48460.1
1748268307804.0,48439.0,48459.0
1748268310719.0,48440.1,48460.1
1748268310818.0,48444.0,48464.0
1748268313411.0,48441.7,48461.7
1748268313512.0,48439.0,48459.0
1748268322527.0,48441.5,48461.5
1748268322727.0,48440.1,48460.1
1748268327714.0,48440.3,48460.3
1748268327814.0,48444.0,48464.0
1748268328355.0,48441.5,48461.5
1748268328736.0,48439.0,48459.0
1748268343146,,
1748268343245.0,48444.0,48464.0
1748268343658.0,48441.5,48461.5
1748268357057.0,48440.1,48460.1
1748268357156.0,48439.0,48459.0
1748268357990,,
1748268365941.0,48440.3,48460.3
1748268366042.0,48440.1,48460.1
1748268375023.0,48439.0,48459.0
1748268385860.0,48437.6,48457.6
1748268393153.0,48435.1,48455.1
1748268395818.0,48432.6,48452.6
1748268399914.0,48429.0,48449.0
1748268404518.0,48427.6,48447.6
1748268405029.0,48426.5,48446.5
1748268405426.0,48429.0,48449.0
1748268406631.0,48426.5,48446.5
1748268406832.0,48429.0,48449.0
1748268414532.0,48426.5,48446.5
1748268415187.0,48427.8,48447.8
1748268415287.0,48429.0,48449.0
1748268445418,,
1748268446371.0,48430.1,48450.1
1748268446470.0,48431.5,48451.5
1748268446779,,
1748268451514,,
1748268457699.0,48430.1,48450.1
1748268462426.0,48429.0,48449.0
1748268463678,,
1748268464986.0,48426.5,48446.5
1748268469463.0,48427.6,48447.6
1748268470131.0,48426.3,48446.3
1748268470230.0,48425.1,48445.1
1748268491301.0,48426.5,48446.5
1748268493910.0,48426.3,48446.3
1748268494009.0,48425.1,48445.1
1748268500855.0,48429.0,48449.0
1748268500955,,
1748268502623.0,48424.0,48444.0
1748268503150.0,48427.8,48447.8
1748268503961.0,48429.0,48449.0
1748268507117.0,48426.5,48446.5
1748268507305.0,48429.0,48449.0
1748268511183,,
1748268511283.0,48424.0,48444.0
1748268511468.0,48427.8,48447.8
1748268511569.0,48429.0,48449.0
1748268514103.0,48424.0,48444.0
1748268528315.0,48422.8,48442.8
1748268528415.0,48421.5,48441.5
1748268534456,,
1748268556581.0,48424.0,48444.0
1748268557278.0,48426.5,48446.5
1748268559453.0,48424.0,48444.0
1748268570138.0,48421.5,48441.5
1748268575128.0,48422.8,48442.8
1748268575228.0,48421.5,48441.5
1748268575684.0,48424.0,48444.0
1748268576647.0,48422.6,48442.6
1748268576743.0,48420.1,48440.1
1748268577145.0,48424.0,48444.0
1748268582925.0,48422.6,48442.6
1748268583230.0,48420.1,48440.1
1748268583648.0,48421.5,48441.5
1748268583747.0,48424.0,48444.0
1748268591462.0,48422.6,48442.6
1748268591562.0,48424.0,48444.0
1748268593951.0,48420.1,48440.1
1748268594453.0,48424.0,48444.0
1748268596433,,
1748268597215.0,48424.0,48444.0
1748268597314.0,48420.1,48440.1
1748268597717.0,48422.6,48442.6
1748268597819.0,48424.0,48444.0
1748268598505.0,48421.3,48441.3
1748268598604.0,48420.1,48440.1
1748268600137.0,48424.0,48444.0
1748268601191.0,48422.6,48442.6
1748268601292.0,48419.0,48439.0
1748268601970.0,48416.5,48436.5
1748268602469.0,48412.6,48432.6
1748268602953.0,48410.1,48430.1
1748268609384.0,48412.6,48432.6
1748268611101,,
1748268639038.0,48414.0,48434.0
1748268641140.0,48416.5,48436.5
1748268649022.0,48417.8,48437.8
1748268650188.0,48419.2,48439.2
1748268650289.0,48420.3,48440.3
1748268652810.0,48422.8,48442.8
1748268656515.0,48426.5,48446.5
1748268656615.0,48425.1,48445.1
1748268657003.0,48425.3,48445.3
1748268657809.0,48429.0,48449.0
1748268662152.0,48431.5,48451.5
1748268665112,,
1748268668646.0,48432.7,48452.7
1748268668745.0,48434.0,48454.0
1748268671053,,
1748268674699.0,48435.3,48455.3
1748268675016.0,48436.5,48456.5
1748268679624.0,48435.2,48455.2
1748268679722.0,48434.0,48454.0
1748268688861,,
1748268690978.0,48439.0,48459.0
1748268691109.0,48436.5,48456.5
1748268694557.0,48439.0,48459.0
1748268699050.0,48434.0,48454.0
1748268713254.0,48432.7,48452.7
1748268713353.0,48429.0,48449.0
1748268713750.0,48430.3,48450.3
1748268720026.0,48431.5,48451.5
1748268720222.0,48430.2,48450.2
1748268720321.0,48429.0,48449.0
1748268720717.0,48430.3,48450.3
1748268722180.0,48434.0,48454.0
1748268724821.0,48429.0,48449.0
1748268725307.0,48430.3,48450.3
1748268725407.0,48431.5,48451.5
1748268731611.0,48429.0,48449.0
1748268731954.0,48430.3,48450.3
1748268735014.0,48431.5,48451.5
1748268738663.0,48429.0,48449.0
1748268738762.0,48430.3,48450.3
1748268739492.0,48430.2,48450.2
1748268739592.0,48429.0,48449.0
1748268739692.0,48431.5,48451.5
1748268741134.0,48429.0,48449.0
1748268742233.0,48430.3,48450.3
1748268744616.0,48434.0,48454.0
1748268752131.0,48436.5,48456.5
1748268754484.0,48435.2,48455.2
1748268754584.0,48434.0,48454.0
1748268757264.0,48436.5,48456.5
1748268759231.0,48437.9,48457.9
1748268759331.0,48439.0,48459.0
1748268764279.0,48440.4,48460.4
1748268765012.0,48441.5,48461.5
1748268775785.0,48442.9,48462.9
1748268780020.0,48444.0,48464.0
1748268781258.0,48446.5,48466.5
1748268786838.0,48444.0,48464.0
1748268786937.0,48445.4,48465.4
1748268792754.0,48447.9,48467.9
1748268800481.0,48450.4,48470.4
1748268805113.0,48451.5,48471.5
1748268812284.0,48451.5,48471.5
1748268821872.0,48452.9,48472.9
1748268823786.0,48454.2,48474.2
1748268830460.0,48452.9,48472.9
1748268832219.0,48451.5,48471.5
1748268837159.0,48450.2,48470.2
1748268837259.0,48449.0,48469.0
1748268838397.0,48450.4,48470.4
1748268838498.0,48451.5,48471.5
1748268846946.0,48454.2,48474.2
1748268847188.0,48452.9,48472.9
1748268847592.0,48455.4,48475.4
1748268850911.0,48454.0,48474.0
1748268851011.0,48452.9,48472.9
1748268851503.0,48451.5,48471.5
1748268852746.0,48452.9,48472.9
1748268852847.0,48454.0,48474.0
1748268854531.0,48452.9,48472.9
1748268854962.0,48455.4,48475.4
1748268858096.0,48456.5,48476.5
1748268865827.0,48455.2,48475.2
1748268866308.0,48456.5,48476.5
1748268866410.0,48460.4,48480.4
1748268870116.0,48465.4,48485.4
1748268870525.0,48464.0,48484.0
1748268872416.0,48465.4,48485.4
1748268872990.0,48464.0,48484.0
1748268873491.0,48462.9,48482.9
1748268875707.0,48464.0,48484.0
1748268875807,,
1748268878396.0,48466.3,48486.3
1748268878496.0,48469.0,48489.0
1748268886088,,
1748268886188,,
1748268891452.0,48467.9,48487.9
1748268891653.0,48467.9,48487.9
1748268900213.0,48464.0,48484.0
1748268903710.0,48462.7,48482.7
1748268904205.0,48464.0,48484.0
1748268905272,,
1748268905372.0,48459.0,48479.0
1748268905805.0,48461.5,48481.5
1748268905904.0,48460.2,48480.2
1748268908423.0,48461.5,48481.5
1748268913511.0,48459.0,48479.0
1748268919592.0,48462.7,48482.7
1748268919692.0,48464.0,48484.0
1748268926003,,
1748268956051,,
1748268957972.0,48466.5,48486.5
1748268959028,,
1748268960528.0,48471.5,48491.5
1748268961133.0,48472.7,48492.7
1748268961932.0,48474.0,48494.0
1748268964386.0,48472.7,48492.7
1748268974236.0,48476.5,48496.5
1748268975198.0,48474.0,48494.0
1748268976991,,
1748268978143.0,48476.5,48496.5
1748268978543.0,48474.0,48494.0
1748268979305.0,48479.0,48499.0
1748268981686.0,48477.7,48497.7
1748268981786.0,48479.0,48499.0
1748268983706,,
1748268983905.0,48481.5,48501.5
1748268984006.0,48484.2,48504.2
1748268984326.0,48486.5,48506.5
1748268993169,,
1748268994131.0,48487.7,48507.7
1748268994231.0,48489.0,48509.0
1748268996032,,
1748269001931,,
1748269002032.0,48491.5,48511.5
1748269006622,,
1748269016751,,
1748269021373,,
1748269034730,,
1748269036906.0,48494.0,48514.0
1748269037700,,
1748269039802.0,48499.0,48519.0
1748269042521.0,48497.9,48517.9
1748269042621.0,48496.5,48516.5
1748269043909.0,48499.0,48519.0
1748269057337,,
1748269057438.0,48501.7,48521.7
1748269061815.0,48502.9,48522.9
1748269062592.0,48504.0,48524.0
1748269063639.0,48506.5,48526.5
1748269071162.0,48510.4,48530.4
1748269073340,,
1748269073541,,
1748269075415.0,48511.5,48531.5
1748269075615.0,48520.4,48540.4
1748269077428.0,48522.7,48542.7
1748269077528.0,48521.5,48541.5
1748269078425,,
1748269080160.0,48522.9,48542.9
1748269080993.0,48524.0,48544.0
1748269081292,,
1748269082757.0,48526.5,48546.5
1748269085231.0,48529.0,48549.0
1748269086089.0,48531.5,48551.5
1748269087089,,
1748269087252,,
1748269092777,,
1748269092877.0,48530.2,48550.2
1748269093755.0,48531.5,48551.5
1748269099508.0,48530.4,48550.4
1748269099608.0,48529.0,48549.0
1748269106975.0,48530.2,48550.2
1748269107076.0,48532.9,48552.9
1748269110014.0,48534.0,48554.0
1748269112515,,
1748269112715.0,48529.0,48549.0
1748269114592,,
1748269115442,,
1748269116620,,
1748269118231.0,48530.4,48550.4
1748269119405.0,48531.5,48551.5
1748269119605.0,48532.9,48552.9
1748269120136.0,48532.7,48552.7
1748269120236.0,48531.5,48551.5
1748269122894.0,48532.9,48552.9
1748269123092.0,48535.4,48555.4
1748269126675.0,48532.9,48552.9
1748269131399,,
1748269133679.0,48535.4,48555.4
1748269137076.0,48537.9,48557.9
1748269144269.0,48540.4,48560.4
1748269147852.0,48542.7,48562.7
1748269147951,,
1748269155045,,
1748269155145.0,48561.5,48581.5
1748269155345.0,48546.5,48566.5
1748269155956.0,48545.2,48565.2
1748269157005.0,48544.0,48564.0
1748269157205.0,48539.0,48559.0
1748269159499,,
1748269159601.0,48544.0,48564.0
1748269161341,,
1748269161737.0,48549.0,48569.0
1748269163414.0,48550.2,48570.2
1748269163516.0,48545.2,48565.2
1748269164160.0,48544.0,48564.0
1748269164261.0,48542.7,48562.7
1748269164605,,
1748269164705.0,48544.0,48564.0
1748269165362,,
1748269166674,,
1748269166774,,
1748269168338,,
1748269168437.0,48546.5,48566.5
1748269169849.0,48547.9,48567.9
1748269169948.0,48546.5,48566.5
1748269170224.0,48545.2,48565.2
1748269170326.0,48544.0,48564.0
1748269171755.0,48546.5,48566.5
1748269171854,,
1748269172013,,
1748269172112,,
1748269174215,,
1748269175691,,
1748269175990.0,48546.5,48566.5
1748269177238.0,48545.2,48565.2
1748269177589,,
1748269178980.0,48543.9,48563.9
1748269180783.0,48542.7,48562.7
1748269180882.0,48545.2,48565.2
1748269182031.0,48542.7,48562.7
1748269182811.0,48541.5,48561.5
1748269184330.0,48542.9,48562.9
1748269185012.0,48544.0,48564.0
1748269186260.0,48542.9,48562.9
1748269186361.0,48539.0,48559.0
1748269187970.0,48544.0,48564.0
1748269188070,,
1748269188522,,
1748269188622,,
1748269188823.0,48546.5,48566.5
1748269188922,,
1748269189224.0,48547.7,48567.7
1748269190453.0,48544.0,48564.0
1748269190552,,
1748269194807.0,48546.5,48566.5
1748269194905.0,48544.0,48564.0
1748269196045.0,48546.4,48566.4
1748269196145.0,48544.0,48564.0
1748269198848,,
1748269201914,,
1748269202235,,
1748269204422,,
1748269204725,,
1748269204826,,
1748269208630,,
1748269208730,,
1748269209222.0,48540.4,48560.4
1748269209323.0,48544.0,48564.0
1748269210783.0,48540.4,48560.4
1748269212347.0,48544.0,48564.0
1748269214163.0,48545.4,48565.4
1748269214263.0,48546.5,48566.5
1748269215192,,
1748269215418.0,48551.7,48571.7
1748269215516.0,48565.4,48585.4
1748269219149.0,48572.9,48592.9
1748269219494.0,48574.0,48594.0
1748269220264.0,48576.5,48596.5
1748269221231.0,48577.7,48597.7
1748269221332.0,48579.0,48599.0
1748269222501.0,48576.5,48596.5
1748269223117.0,48577.9,48597.9
1748269223215.0,48579.0,48599.0
1748269223534.0,48574.0,48594.0
1748269225173.0,48570.2,48590.2
1748269225272.0,48569.0,48589.0
1748269226730.0,48567.7,48587.7
1748269227820,,
1748269227921.0,48569.0,48589.0
1748269229124.0,48569.1,48589.1
1748269233106,,
1748269236861,,
1748269238064.0,48567.9,48587.9
1748269238163,,
1748269238394.0,48566.6,48586.6
1748269240534.0,48567.7,48587.7
1748269240633.0,48569.1,48589.1
1748269241293,,
1748269242124,,
1748269243815,,
1748269245194.0,48567.9,48587.9
1748269245294.0,48569.1,48589.1
1748269247083.0,48566.6,48586.6
1748269247184.0,48569.1,48589.1
1748269248104,,
1748269248885,,
1748269250117.0,48566.6,48586.6
1748269250216.0,48569.1,48589.1
1748269250433.0,48567.7,48587.7
1748269250828.0,48566.6,48586.6
1748269250929,,
1748269251332.0,48565.4,48585.4
1748269251432.0,48564.1,48584.1
1748269252594,,
1748269252694,,
1748269253087.0,48559.1,48579.1
1748269253680,,
1748269253782,,
1748269255439.0,48564.1,48584.1
1748269256893.0,48561.6,48581.6
1748269257514,,
1748269257612.0,48559.1,48579.1
1748269260829,,
1748269263289,,
1748269267119,,
1748269270661,,
1748269274589,,
1748269274687,,
1748269277491.0,48555.2,48575.2
1748269277873.0,48551.6,48571.6
1748269278708,,
1748269279487.0,48549.1,48569.1
1748269280513,,
1748269280612.0,48551.6,48571.6
1748269281719.0,48549.1,48569.1
1748269284633.0,48547.7,48567.7
1748269284732.0,48546.6,48566.6
1748269285175.0,48544.1,48564.1
1748269285735.0,48542.7,48562.7
1748269286127.0,48541.6,48561.6
1748269287182.0,48524.1,48544.1
1748269299504,,
1748269299604.0,48529.1,48549.1
1748269302157.0,48531.7,48551.7
1748269302257.0,48534.1,48554.1
1748269305040.0,48536.6,48556.6
1748269312904.0,48534.1,48554.1
1748269319330.0,48531.6,48551.6
1748269319892,,
1748269322883.0,48532.9,48552.9
1748269323281.0,48539.1,48559.1
1748269326807.0,48536.6,48556.6
1748269328227.0,48534.1,48554.1
1748269333201.0,48532.7,48552.7
1748269333301.0,48531.6,48551.6
1748269335483.0,48530.2,48550.2
1748269335582.0,48529.1,48549.1
1748269337234.0,48524.1,48544.1
1748269344879.0,48519.1,48539.1
1748269345740,,
1748269350714.0,48517.9,48537.9
1748269358099.0,48519.1,48539.1
1748269373423.0,48516.6,48536.6
1748269374249.0,48514.1,48534.1
1748269385408,,
1748269386630.0,48512.7,48532.7
1748269387739.0,48511.6,48531.6
1748269389337.0,48509.1,48529.1
1748269394632.0,48511.6,48531.6
1748269401902,,
1748269401999.0,48514.1,48534.1
1748269410472.0,48519.1,48539.1
1748269420227.0,48520.2,48540.2
1748269422242.0,48516.6,48536.6
1748269441734.0,48514.1,48534.1
1748269445211.0,48515.4,48535.4
1748269445312.0,48516.6,48536.6
1748269452033.0,48514.1,48534.1
1748269452792.0,48516.6,48536.6
1748269472680.0,48515.2,48535.2
1748269473630.0,48514.1,48534.1
1748269473730.0,48516.6,48536.6
1748269485745.0,48516.6,48536.6
1748269489775.0,48514.1,48534.1
1748269492302.0,48516.6,48536.6
1748269494567.0,48512.7,48532.7
1748269500158.0,48514.1,48534.1
1748269500725.0,48517.7,48537.7
1748269519938.0,48519.1,48539.1
1748269520274.0,48516.4,48536.4
1748269520474,,
1748269526136.0,48516.6,48536.6
1748269526860.0,48515.2,48535.2
1748269532885.0,48516.6,48536.6
1748269538779.0,48515.2,48535.2
1748269541171.0,48516.6,48536.6
1748269543372.0,48515.2,48535.2
1748269550433.0,48516.6,48536.6
1748269556127.0,48515.2,48535.2
1748269565242.0,48514.1,48534.1
1748269566222.0,48508.9,48528.9
1748269568210.0,48506.6,48526.6
1748269577821.0,48505.2,48525.2
1748269577922.0,48504.1,48524.1
1748269582392.0,48506.6,48526.6
1748269595834.0,48501.6,48521.6
1748269609984.0,48499.1,48519.1
1748269611911,,
1748269612009.0,48496.6,48516.6
1748269616635.0,48495.2,48515.2
1748269616735.0,48489.1,48509.1
1748269629234,,
1748269631822.0,48490.4,48510.4
1748269633132.0,48491.6,48511.6
1748269633333.0,48491.6,48511.6
1748269636147.0,48490.4,48510.4
1748269636248.0,48489.1,48509.1
1748269637631.0,48490.4,48510.4
1748269640172.0,48491.6,48511.6
1748269647379.0,48489.1,48509.1
1748269651278,,
1748269678810.0,48484.1,48504.1
1748269678910.0,48486.6,48506.6
1748269680220.0,48484.1,48504.1
1748269682403,,
1748269682503.0,48482.9,48502.9
1748269682703.0,48479.1,48499.1
1748269683004.0,48477.7,48497.7
1748269689322.0,48479.1,48499.1
1748269690906,,
1748269691006,,
1748269695739.0,48476.4,48496.4
1748269696364.0,48474.1,48494.1
1748269696464,,
1748269697247.0,48471.6,48491.6
1748269701904.0,48470.4,48490.4
1748269702007.0,48469.1,48489.1
1748269721540.0,48470.4,48490.4
1748269734551.0,48469.1,48489.1
1748269735883.0,48467.8,48487.8
1748269735982.0,48466.6,48486.6
1748269740287.0,48469.1,48489.1
1748269744674.0,48471.6,48491.6
1748269749764.0,48469.1,48489.1
1748269759232.0,48471.6,48491.6
1748269768760.0,48474.1,48494.1
1748269772880.0,48472.8,48492.8
1748269772981.0,48470.3,48490.3
1748269800321.0,48471.6,48491.6
1748269805203.0,48474.1,48494.1
1748269806573.0,48475.5,48495.5
1748269815059.0,48474.1,48494.1
1748269818927.0,48478.0,48498.0
1748269819769.0,48476.6,48496.6
1748269821638.0,48478.0,48498.0
1748269823790.0,48479.1,48499.1
1748269825200,,
1748269825299.0,48480.5,48500.5
1748269834135.0,48483.0,48503.0
1748269834235.0,48484.1,48504.1
1748269841789.0,48489.1,48509.1
1748269846159.0,48491.6,48511.6
1748269847467.0,48493.0,48513.0
1748269851212.0,48490.5,48510.5
1748269853748.0,48493.0,48513.0
1748269854329.0,48491.6,48511.6
1748269854806.0,48493.0,48513.0
1748269854906.0,48491.6,48511.6
1748269860219.0,48490.3,48510.3
1748269860632.0,48482.8,48502.8
1748269862446,,
1748269865138.0,48480.1,48500.1
1748269865238.0,48477.8,48497.8
1748269865516.0,48472.8,48492.8
1748269866868,,
1748269870266.0,48474.1,48494.1
1748269872140.0,48471.6,48491.6
1748269879979,,
1748269883874.0,48469.1,48489.1
1748269889686.0,48471.6,48491.6
1748269897243.0,48474.1,48494.1
1748269902178.0,48469.1,48489.1
1748269907638.0,48466.6,48486.6
1748269907736,,
1748269921029.0,48468.0,48488.0
1748269924869.0,48466.6,48486.6
1748269941135.0,48469.1,48489.1
1748269965140.0,48466.6,48486.6
1748269967649.0,48467.8,48487.8
1748269969559.0,48469.1,48489.1
1748269974130.0,48466.6,48486.6
1748269979261,,
1748269999150,,
1748270050603.0,48454.1,48474.1
1748270051020.0,48449.1,48469.1
1748270063628.0,48450.5,48470.5
1748270066747.0,48453.0,48473.0
1748270071227.0,48454.1,48474.1
1748270097036.0,48456.8,48476.8
1748270107812.0,48455.5,48475.5
1748270108011.0,48458.0,48478.0
1748270108293.0,48461.8,48481.8
1748270111908.0,48458.0,48478.0
1748270115561.0,48460.5,48480.5
1748270119105.0,48458.0,48478.0
1748270124236.0,48461.8,48481.8
1748270126256.0,48460.5,48480.5
1748270126628.0,48461.8,48481.8
1748270126728.0,48460.5,48480.5
1748270127525.0,48458.0,48478.0
1748270131118.0,48459.3,48479.3
1748270131218.0,48460.5,48480.5
1748270134130.0,48458.0,48478.0
1748270137306.0,48460.7,48480.7
1748270145015.0,48461.8,48481.8
1748270151734,,
1748270152990.0,48458.0,48478.0
1748270156015.0,48458.0,48478.0
1748270160511,,
1748270162308.0,48450.3,48470.3
1748270163109.0,48447.8,48467.8
1748270163511.0,48446.5,48466.5
1748270165885.0,48446.6,48466.6
1748270165985.0,48449.1,48469.1
1748270167310.0,48444.1,48464.1
1748270167778.0,48442.8,48462.8
1748270170185.0,48441.6,48461.6
1748270170526,,
1748270224423.0,48443.0,48463.0
1748270224726.0,48444.1,48464.1
1748270225149,,
1748270250814.0,48448.0,48468.0
1748270263293.0,48450.3,48470.3
1748270263394.0,48450.5,48470.5
1748270264996.0,48451.7,48471.7
1748270265417.0,48454.2,48474.2
1748270266015,,
1748270266427.0,48459.2,48479.2
1748270275445.0,48456.7,48476.7
1748270314200.0,48455.3,48475.3
1748270316793.0,48447.8,48467.8
1748270325543.0,48445.3,48465.3
1748270326798.0,48447.8,48467.8
1748270328468.0,48446.5,48466.5
1748270329018.0,48445.3,48465.3
1748270347475.0,48444.2,48464.2
1748270363819.0,48439.2,48459.2
1748270372654,,
1748270377333.0,48424.2,48444.2
1748270379351,,
1748270382383,,
1748270383274.0,48429.2,48449.2
1748270383639.0,48430.3,48450.3
1748270383738.0,48431.7,48451.7
1748270387169.0,48434.2,48454.2
1748270387370.0,48436.7,48456.7
1748270391698.0,48438.0,48458.0
1748270393110.0,48436.7,48456.7
1748270400217.0,48435.3,48455.3
1748270407207,,
1748270408969,,
1748270413926.0,48436.7,48456.7
1748270419382.0,48435.3,48455.3
1748270422232.0,48432.8,48452.8
1748270422669.0,48434.2,48454.2
1748270436635.0,48433.0,48453.0
1748270436734.0,48431.7,48451.7
1748270441655.0,48430.3,48450.3
1748270442432.0,48429.2,48449.2
1748270442632.0,48427.8,48447.8
1748270443699.0,48426.7,48446.7
1748270443798.0,48429.2,48449.2
1748270445127.0,48426.7,48446.7
1748270450076.0,48429.2,48449.2
1748270461452.0,48426.7,48446.7
1748270462535,,
1748270462635.0,48429.2,48449.2
1748270465214.0,48431.5,48451.5
1748270466953.0,48434.0,48454.0
1748270467656.0,48432.6,48452.6
1748270472436.0,48427.8,48447.8
1748270478307.0,48421.7,48441.7
1748270481896.0,48420.3,48440.3
1748270481997.0,48419.2,48439.2
1748270484822.0,48418.0,48438.0
1748270487061.0,48419.2,48439.2
1748270487583.0,48416.7,48436.7
1748270488432.0,48419.2,48439.2
1748270505526.0,48416.7,48436.7
1748270508715.0,48419.2,48439.2
1748270510794,,
1748270514492,,
1748270526842,,
1748270539980,,
1748270543361,,
1748270557963,,
1748270558063.0,48421.7,48441.7
1748270562095.0,48424.2,48444.2
1748270572857.0,48421.9,48441.9
1748270575305.0,48424.2,48444.2
1748270578175.0,48425.5,48445.5
1748270578275.0,48424.2,48444.2
1748270578375.0,48419.2,48439.2
1748270588548,,
1748270608491.0,48417.8,48437.8
1748270616102.0,48419.2,48439.2
1748270616202.0,48417.8,48437.8
1748270617316.0,48409.2,48429.2
1748270617416,,
1748270617626.0,48404.2,48424.2
1748270628972,,
1748270640224.0,48401.7,48421.7
1748270641754.0,48404.2,48424.2
1748270645655,,
1748270645757.0,48406.7,48426.7
1748270646068.0,48408.0,48428.0
1748270646169.0,48409.2,48429.2
1748270650742.0,48410.5,48430.5
1748270660024.0,48411.9,48431.9
1748270660125.0,48413.0,48433.0
1748270661462.0,48410.5,48430.5
1748270670633.0,48413.0,48433.0
1748270680111.0,48410.3,48430.3
1748270687538.0,48409.2,48429.2
1748270695224.0,48411.7,48431.7
1748270700230,,
1748270705872.0,48412.8,48432.8
1748270712728.0,48410.3,48430.3
1748270713697.0,48411.7,48431.7
1748270716765.0,48414.2,48434.2
1748270720300.0,48411.7,48431.7
1748270720399.0,48410.3,48430.3
1748270722545,,
1748270726630.0,48410.4,48430.4
1748270733248.0,48407.9,48427.9
1748270733709,,
1748270737282,,
1748270739363.0,48406.5,48426.5
1748270746670,,
1748270746770.0,48406.7,48426.7
1748270750946.0,48404.2,48424.2
1748270753824.0,48406.7,48426.7
1748270762890.0,48409.4,48429.4
1748270764279.0,48411.9,48431.9
1748270764717.0,48415.5,48435.5
1748270770738.0,48414.2,48434.2
1748270772231.0,48416.7,48436.7
1748270774637.0,48414.2,48434.2
1748270776236.0,48416.7,48436.7
1748270778899.0,48419.2,48439.2
1748270779233.0,48416.7,48436.7
1748270780127.0,48415.4,48435.4
1748270780226.0,48414.2,48434.2
1748270794299,,
1748270794559.0,48425.5,48445.5
1748270795625,,
1748270800481.0,48427.9,48447.9
1748270800580.0,48429.2,48449.2
1748270804214,,
1748270804985,,
1748270806585.0,48426.7,48446.7
1748270807093.0,48426.7,48446.7
1748270810066,,
1748270815267,,
1748270825795,,
1748270842254,,
1748270857230,,
1748270860425.0,48429.2,48449.2
1748270860599,,
1748270861597,,
1748270870538,,
1748270879138.0,48430.6,48450.6
1748270879238.0,48433.1,48453.1
1748270890368,,
1748270891274.0,48434.2,48454.2
1748270891375,,
1748270909163.0,48439.2,48459.2
1748270910128.0,48440.4,48460.4
1748270911066.0,48439.2,48459.2
1748270911166.0,48442.9,48462.9
1748270912137.0,48441.5,48461.5
1748270912338.0,48439.2,48459.2
1748270915284,,
1748270924330,,
1748270925482,,
1748270925582.0,48443.1,48463.1
1748270927349.0,48444.2,48464.2
1748270927908.0,48446.7,48466.7
1748270930497.0,48449.2,48469.2
1748270931480.0,48446.7,48466.7
1748270934646.0,48449.2,48469.2
1748270934993.0,48450.6,48470.6
1748270940014.0,48451.7,48471.7
1748270940328,,
1748270945260.0,48450.6,48470.6
1748270947173,,
1748270947272.0,48448.1,48468.1
1748270947515.0,48446.7,48466.7
1748270954504.0,48449.2,48469.2
1748270976848.0,48447.9,48467.9
1748270976948.0,48446.7,48466.7
1748270987327,,
1748270987428.0,48444.2,48464.2
1748270988237,,
1748270990135,,
1748270990235.0,48441.7,48461.7
1748270998579.0,48444.2,48464.2
1748270999469,,
1748271000757.0,48451.7,48471.7
1748271001693.0,48450.4,48470.4
1748271006863.0,48449.2,48469.2
1748271014493,,
1748271014591.0,48451.7,48471.7
1748271015233.0,48456.7,48476.7
1748271030114.0,48457.9,48477.9
1748271030213.0,48459.2,48479.2
1748271039043.0,48460.4,48480.4
1748271039145.0,48461.7,48481.7
1748271046878,,
1748271050186.0,48456.7,48476.7
1748271055216.0,48459.2,48479.2
1748271061356,,
1748271062228.0,48456.7,48476.7
1748271065728.0,48457.9,48477.9
1748271065827.0,48459.2,48479.2
1748271070269.0,48459.2,48479.2
1748271074207.0,48456.7,48476.7
1748271077048.0,48459.2,48479.2
1748271078555.0,48456.7,48476.7
1748271080465.0,48454.2,48474.2
1748271090946.0,48456.7,48476.7
1748271092464,,
1748271092563.0,48454.2,48474.2
1748271096183.0,48456.7,48476.7
1748271096857.0,48455.4,48475.4
1748271096958.0,48454.2,48474.2
1748271099130.0,48456.7,48476.7
1748271100725.0,48454.2,48474.2
1748271103161.0,48455.4,48475.4
1748271103260.0,48456.7,48476.7
1748271104772.0,48454.2,48474.2
1748271111067.0,48456.7,48476.7
1748271125274.0,48459.2,48479.2
1748271125962,,
1748271127337.0,48464.2,48484.2
1748271149645.0,48466.9,48486.9
1748271149854.0,48469.2,48489.2
1748271163626,,
1748271168897.0,48466.7,48486.7
1748271169605.0,48469.2,48489.2
1748271180747.0,48470.6,48490.6
1748271180847.0,48471.7,48491.7
1748271194962.0,48473.1,48493.1
1748271195063.0,48474.2,48494.2
1748271203307,,
1748271203407,,
1748271213632.0,48475.4,48495.4
1748271213731.0,48476.7,48496.7
1748271217951,,
1748271218051.0,48474.2,48494.2
1748271221148,,
1748271221458.0,48476.7,48496.7
1748271224635.0,48475.4,48495.4
1748271224734.0,48474.2,48494.2
1748271232636.0,48476.7,48496.7
1748271240207.0,48479.2,48499.2
1748271244155.0,48477.9,48497.9
1748271244256.0,48476.7,48496.7
1748271246867,,
1748271246966.0,48479.2,48499.2
1748271253641,,
1748271260416,,
1748271261187.0,48484.2,48504.2
1748271261287.0,48492.9,48512.9
1748271281170.0,48495.6,48515.6
1748271281268.0,48499.2,48519.2
1748271284667,,
1748271286786,,
1748271287525,,
1748271289005.0,48498.1,48518.1
1748271290425.0,48495.6,48515.6
1748271290526.0,48494.2,48514.2
1748271297638.0,48496.7,48516.7
1748271297737.0,48499.4,48519.4
1748271297838.0,48500.6,48520.6
1748271298091.0,48498.1,48518.1
1748271308191.0,48499.3,48519.3
1748271310254.0,48498.1,48518.1
1748271315035.0,48495.4,48515.4
1748271315135.0,48494.3,48514.3
1748271323254,,
1748271326646.0,48497.9,48517.9
1748271334737.0,48500.6,48520.6
1748271334856.0,48499.3,48519.3
1748271334957.0,48501.8,48521.8
1748271335732.0,48504.3,48524.3
1748271344229,,
1748271344647.0,48500.6,48520.6
1748271348046.0,48501.8,48521.8
1748271348146.0,48500.4,48520.4
1748271348491.0,48499.3,48519.3
1748271366207.0,48497.9,48517.9
1748271366306,,
1748271366691,,
1748271366792,,
1748271367339.0,48496.8,48516.8
1748271368398.0,48499.3,48519.3
1748271371799,,
1748271373448.0,48505.6,48525.6
1748271375245,,
1748271383797,,
1748271387129,,
1748271390543,,
1748271410274.0,48506.8,48526.8
1748271415137.0,48509.3,48529.3
1748271417630.0,48511.8,48531.8
1748271424028,,
1748271426808.0,48514.3,48534.3
1748271426908,,
1748271445130.0,48515.6,48535.6
1748271445230.0,48516.8,48536.8
1748271446795.0,48519.3,48539.3
1748271446895.0,48520.4,48540.4
1748271447229.0,48524.3,48544.3
1748271448298.0,48526.8,48546.8
1748271449382.0,48529.3,48549.3
1748271452545.0,48531.8,48551.8
1748271452648.0,48533.1,48553.1
1748271452748.0,48535.6,48555.6
1748271456210,,
1748271469137,,
1748271471445,,
1748271471671.0,48531.8,48551.8
1748271471776.0,48529.1,48549.1
1748271471876.0,48526.8,48546.8
1748271472228.0,48519.3,48539.3
1748271472487.0,48520.6,48540.6
1748271472608.0,48521.8,48541.8
1748271474731.0,48519.3,48539.3
1748271475136.0,48520.6,48540.6
1748271475236.0,48521.8,48541.8
1748271482265.0,48524.3,48544.3
1748271485661.0,48525.6,48545.6
1748271485760.0,48526.8,48546.8
1748271486106.0,48524.3,48544.3
1748271486581.0,48526.8,48546.8
1748271487140.0,48526.8,48546.8
1748271487556.0,48524.3,48544.3
1748271488731.0,48521.8,48541.8
1748271489221.0,48519.3,48539.3
1748271491999.0,48515.4,48535.4
1748271492987.0,48517.9,48537.9
1748271493696.0,48515.4,48535.4
1748271503473.0,48516.8,48536.8
1748271503674.0,48518.1,48538.1
1748271505215.0,48519.3,48539.3
1748271513220.0,48517.9,48537.9
1748271513320.0,48516.8,48536.8
1748271519641.0,48512.9,48532.9
1748271522003.0,48511.8,48531.8
1748271523164.0,48511.8,48531.8
1748271525116.0,48506.8,48526.8
1748271534191,,
1748271543907.0,48537.0,48557.0
1748271544007.0,48534.3,48554.3
1748271544208.0,48534.3,48554.3
1748271544572.0,48532.9,48552.9
1748271544670.0,48531.6,48551.6
1748271545069.0,48531.8,48551.8
1748271554508,,
1748271554609.0,48551.6,48571.6
1748271554710.0,48546.2,48566.2
1748271574999.0,48543.9,48563.9
1748271588108,,
1748271588207.0,48555.4,48575.4
1748271588397,,
1748271590451.0,48551.6,48571.6
1748271590551.0,48549.1,48569.1
1748271591067,,
1748271591166.0,48550.4,48570.4
1748271591734.0,48547.9,48567.9
1748271594743.0,48546.6,48566.6
1748271598760.0,48545.2,48565.2
1748271598860,,
1748271599066.0,48542.7,48562.7
1748271599716.0,48540.2,48560.2
1748271600317.0,48536.6,48556.6
1748271600417.0,48534.1,48554.1
1748271601458,,
1748271601558.0,48531.6,48551.6
1748271602128.0,48529.1,48549.1
1748271602326.0,48530.2,48550.2
1748271602597.0,48529.1,48549.1
1748271603130.0,48527.7,48547.7
1748271603329,,
1748271610874.0,48530.4,48550.4
1748271610973,,
1748271611631.0,48531.6,48551.6
1748271613585.0,48538.1,48558.1
1748271613903.0,48540.4,48560.4
1748271615228.0,48546.6,48566.6
1748271615428.0,48547.9,48567.9
1748271615793.0,48549.1,48569.1
1748271615892.0,48547.7,48567.7
1748271619130.0,48549.1,48569.1
1748271620893.0,48555.2,48575.2
1748271622329.0,48557.7,48577.7
1748271622642.0,48561.6,48581.6
1748271623632.0,48564.3,48584.3
1748271623733.0,48566.6,48586.6
1748271627111.0,48571.6,48591.6
1748271627627.0,48572.9,48592.9
1748271627986.0,48571.6,48591.6
1748271630206.0,48572.9,48592.9
1748271630401.0,48574.1,48594.1
1748271631661.0,48572.7,48592.7
1748271631759.0,48571.6,48591.6
1748271632078.0,48570.2,48590.2
1748271632628.0,48569.1,48589.1
1748271635220.0,48564.1,48584.1
1748271638310.0,48562.8,48582.8
1748271639080.0,48549.1,48569.1
1748271639547.0,48547.8,48567.8
1748271640035.0,48546.6,48566.6
1748271642066,,
1748271652797.0,48551.6,48571.6
1748271653127.0,48549.1,48569.1
1748271653746.0,48551.6,48571.6
1748271655634.0,48549.1,48569.1
1748271655834.0,48550.4,48570.4
1748271656475.0,48551.6,48571.6
1748271658939.0,48550.3,48570.3
1748271659040.0,48549.1,48569.1
1748271660222.0,48547.8,48567.8
1748271660324.0,48549.1,48569.1
1748271663187.0,48550.4,48570.4
1748271663287.0,48551.6,48571.6
1748271664134.0,48549.1,48569.1
1748271665234.0,48547.9,48567.9
1748271669499.0,48546.6,48566.6
1748271670109.0,48549.1,48569.1
1748271671700.0,48546.6,48566.6
1748271671971,,
1748271673140.0,48545.3,48565.3
1748271679807.0,48542.8,48562.8
1748271680167.0,48544.1,48564.1
1748271680268.0,48542.8,48562.8
1748271681592.0,48542.9,48562.9
1748271681693.0,48544.1,48564.1
1748271681910.0,48541.6,48561.6
1748271682621.0,48544.1,48564.1
1748271683628.0,48541.6,48561.6
1748271685321.0,48540.3,48560.3
1748271685422.0,48539.1,48559.1
1748271689611.0,48541.6,48561.6
1748271690561.0,48540.4,48560.4
1748271690662.0,48539.1,48559.1
1748271690895.0,48541.6,48561.6
1748271692913.0,48540.4,48560.4
1748271693012.0,48539.1,48559.1
1748271697343,,
1748271697444,,
1748271710788.0,48537.9,48557.9
1748271710888.0,48536.6,48556.6
1748271711675,,
1748271711774.0,48539.3,48559.3
1748271711875.0,48541.6,48561.6
1748271713170.0,48540.4,48560.4
1748271713270.0,48541.6,48561.6
1748271713636.0,48544.1,48564.1
1748271719110,,
1748271720724.0,48541.6,48561.6
1748271722760,,
1748271724445.0,48540.4,48560.4
1748271724545.0,48539.1,48559.1
1748271725653.0,48536.6,48556.6
1748271736736.0,48541.6,48561.6
1748271740232.0,48539.1,48559.1
1748271742115.0,48541.6,48561.6
1748271742971.0,48544.1,48564.1
1748271743246.0,48539.1,48559.1
1748271743762.0,48541.6,48561.6
1748271748657.0,48542.9,48562.9
1748271749547.0,48544.1,48564.1
1748271761552.0,48545.5,48565.5
1748271763139.0,48546.6,48566.6
1748271763237.0,48548.0,48568.0
1748271763774.0,48549.1,48569.1
1748271765438.0,48546.6,48566.6
1748271770626.0,48548.0,48568.0
1748271770727.0,48549.1,48569.1
1748271772547.0,48546.6,48566.6
1748271775412.0,48549.1,48569.1
1748271775514,,
1748271781760.0,48551.6,48571.6
1748271782362,,
1748271782461,,
1748271784342,,
1748271796643.0,48554.1,48574.1
1748271797302.0,48555.3,48575.3
1748271805332.0,48556.6,48576.6
1748271809461.0,48560.5,48580.5
1748271812313.0,48564.3,48584.3
1748271817760.0,48563.0,48583.0
1748271818732.0,48564.3,48584.3
1748271837733.0,48563.0,48583.0
1748271839728.0,48560.5,48580.5
1748271842112,,
1748271842211.0,48558.0,48578.0
1748271844123,,
1748271844222.0,48555.5,48575.5
1748271844737.0,48559.1,48579.1
1748271844838.0,48561.6,48581.6
1748271850339.0,48560.5,48580.5
1748271850439.0,48559.1,48579.1
1748271850626.0,48561.6,48581.6
1748271855939.0,48559.1,48579.1
1748271881441.0,48561.6,48581.6
1748271882484.0,48559.1,48579.1
1748271883475.0,48556.6,48576.6
1748271884037.0,48555.3,48575.3
1748271891268.0,48556.6,48576.6
1748271895835,,
1748271895936.0,48561.6,48581.6
1748271899730.0,48563.0,48583.0
1748271901417.0,48564.3,48584.3
1748271901518.0,48563.0,48583.0
1748271912705.0,48564.1,48584.1
1748271914552,,
1748271914905.0,48566.6,48586.6
1748271918038.0,48568.0,48588.0
1748271933980.0,48569.1,48589.1
1748271938907,,
1748271939006.0,48575.5,48595.5
1748271939477.0,48579.1,48599.1
1748271944027,,
1748271944128.0,48584.1,48604.1
1748271946713.0,48585.5,48605.5
1748271948416.0,48584.1,48604.1
1748271948840.0,48582.8,48602.8
1748271949722.0,48581.6,48601.6
1748271950131.0,48579.1,48599.1
1748271953620.0,48576.6,48596.6
1748271954093,,
1748271954193,,
1748271958837,,
1748271960514.0,48575.3,48595.3
1748271960615.0,48576.6,48596.6
1748271962109,,
1748271962209.0,48574.1,48594.1
1748271964832.0,48576.6,48596.6
1748271965709.0,48574.1,48594.1
1748271967684.0,48576.6,48596.6
1748271974611.0,48575.5,48595.5
1748271974709.0,48576.6,48596.6
1748271989120,,
1748271989220.0,48584.3,48604.3
1748271990141.0,48585.7,48605.7
1748271990968,,
1748271991067.0,48584.3,48604.3
1748271999048,,
1748272000876.0,48585.7,48605.7
1748272000977.0,48584.3,48604.3
1748272002137,,
1748272002237.0,48585.5,48605.5
1748272003936.0,48589.1,48609.1
1748272011783.0,48586.6,48606.6
1748272045707.0,48584.1,48604.1
1748272062147.0,48586.6,48606.6
1748272070829,,
1748272084700,,
1748272090860.0,48582.8,48602.8
1748272114243.0,48579.1,48599.1
1748272118065.0,48581.6,48601.6
1748272118164,,
1748272120118.0,48580.3,48600.3
1748272120219.0,48579.1,48599.1
1748272127636.0,48580.5,48600.5
1748272127734.0,48581.6,48601.6
1748272135567.0,48584.1,48604.1
1748272136560.0,48586.6,48606.6
1748272140563.0,48584.1,48604.1
1748272142407.0,48585.5,48605.5
1748272142507.0,48586.6,48606.6
1748272146161.0,48584.1,48604.1
1748272159264.0,48586.6,48606.6
1748272159402,,
1748272159503.0,48585.3,48605.3
1748272162303.0,48584.1,48604.1
1748272162405.0,48586.6,48606.6
1748272165325.0,48587.8,48607.8
1748272165425.0,48591.6,48611.6
1748272169838,,
1748272169938.0,48596.6,48616.6
1748272170754,,
1748272172262.0,48600.1,48620.1
1748272172364.0,48610.5,48630.5
1748272172463.0,48611.6,48631.6
1748272172662.0,48613.0,48633.0
1748272174074.0,48614.1,48634.1
1748272174906.0,48616.6,48636.6
1748272175005.0,48618.0,48638.0
1748272175330,,
1748272178593.0,48624.1,48644.1
1748272178692,,
1748272184563.0,48629.1,48649.1
1748272185392,,
1748272185491.0,48633.2,48653.2
1748272186129.0,48639.3,48659.3
1748272186229.0,48643.0,48663.0
1748272187252,,
1748272196674,,
1748272196773.0,48644.1,48664.1
1748272199351,,
1748272205775.0,48641.5,48661.5
1748272205873,,
1748272208000.0,48640.1,48660.1
1748272208100.0,48635.3,48655.3
1748272208326.0,48634.0,48654.0
1748272208796.0,48632.6,48652.6
1748272208896,,
1748272215331,,
1748272219288.0,48631.7,48651.7
1748272221171,,
1748272222558.0,48626.7,48646.7
1748272223983.0,48629.2,48649.2
1748272225051.0,48626.7,48646.7
1748272230804,,
1748272235205,,
1748272235305.0,48631.7,48651.7
1748272242776,,
1748272242877.0,48634.2,48654.2
1748272246078.0,48635.5,48655.5
1748272246178.0,48636.7,48656.7
1748272247032.0,48639.2,48659.2
1748272247460.0,48641.7,48661.7
1748272250383.0,48636.7,48656.7
1748272252472,,
1748272253497,,
1748272258113.0,48637.8,48657.8
1748272258212.0,48639.2,48659.2
1748272260125.0,48636.7,48656.7
1748272260224.0,48639.2,48659.2
1748272261643.0,48636.7,48656.7
1748272262117,,
1748272262465.0,48635.5,48655.5
1748272262565.0,48634.2,48654.2
1748272267618.0,48636.7,48656.7
1748272280367.0,48639.2,48659.2
1748272280467,,
1748272284701.0,48644.2,48664.2
1748272284800,,
1748272287093.0,48645.3,48665.3
1748272287192.0,48648.0,48668.0
1748272298077.0,48646.7,48666.7
1748272298178.0,48648.0,48668.0
1748272302843,,
1748272307905.0,48646.7,48666.7
1748272310277.0,48648.0,48668.0
1748272326723.0,48649.2,48669.2
1748272326824.0,48651.7,48671.7
1748272326924.0,48649.3,48669.3
1748272328643,,
1748272328743.0,48654.5,48674.5
1748272328966.0,48656.8,48676.8
1748272329351,,
1748272331133,,
1748272333994.0,48654.2,48674.2
1748272334093.0,48653.0,48673.0
1748272336924.0,48649.2,48669.2
1748272341128.0,48647.8,48667.8
1748272341227.0,48645.5,48665.5
1748272341914.0,48641.7,48661.7
1748272348415,,
1748272348517.0,48639.4,48659.4
1748272349509.0,48636.9,48656.9
1748272349827.0,48636.9,48656.9
1748272350182.0,48638.2,48658.2
1748272350282.0,48636.9,48656.9
1748272350944.0,48636.9,48656.9
1748272353042.0,48635.7,48655.7
1748272353715.0,48639.4,48659.4
1748272353816.0,48636.9,48656.9
1748272354145.0,48639.4,48659.4
1748272354245.0,48636.9,48656.9
1748272354996,,
1748272356301.0,48639.4,48659.4
1748272356603.0,48638.0,48658.0
1748272356696.0,48636.9,48656.9
1748272359222.0,48634.4,48654.4
1748272365697,,
1748272367369.0,48631.9,48651.9
1748272368375.0,48634.4,48654.4
1748272387779.0,48635.5,48655.5
1748272390205,,
1748272391497,,
1748272391783,,
1748272391885.0,48632.8,48652.8
1748272396074.0,48631.7,48651.7
1748272396174.0,48634.2,48654.2
1748272396373.0,48634.2,48654.2
1748272398265.0,48632.8,48652.8
1748272398364.0,48631.7,48651.7
1748272407125,,
1748272407224.0,48634.2,48654.2
1748272419090,,
1748272437126.0,48631.7,48651.7
1748272440290,,
1748272445804,,
1748272451437.0,48629.2,48649.2
1748272452034.0,48630.5,48650.5
1748272452135.0,48631.7,48651.7
1748272463368.0,48629.2,48649.2
1748272469874,,
1748272488981,,
1748272509019,,
1748272509782.0,48634.2,48654.2
1748272513975,,
1748272514075,,
1748272517745.0,48631.7,48651.7
1748272517874.0,48633.0,48653.0
1748272520226.0,48634.2,48654.2
1748272531276.0,48635.3,48655.3
1748272531375.0,48640.3,48660.3
1748272561287.0,48642.8,48662.8
1748272563425.0,48640.3,48660.3
1748272565030.0,48641.7,48661.7
1748272565129.0,48640.3,48660.3
1748272572175.0,48642.8,48662.8
1748272575138.0,48640.3,48660.3
1748272575238.0,48643.0,48663.0
1748272575451.0,48646.7,48666.7
1748272577237.0,48641.7,48661.7
1748272583301.0,48644.2,48664.2
1748272586892.0,48642.8,48662.8
1748272586991.0,48641.7,48661.7
1748272606665.0,48646.7,48666.7
1748272621018.0,48651.7,48671.7
1748272621973,,
1748272625070.0,48649.2,48669.2
1748272625169.0,48645.3,48665.3
1748272626092.0,48646.7,48666.7
1748272627698,,
1748272630697.0,48648.0,48668.0
1748272631084,,
1748272631183.0,48646.7,48666.7
1748272636971.0,48661.7,48681.7
1748272644378.0,48663.0,48683.0
1748272644478.0,48664.2,48684.2
1748272648543.0,48662.8,48682.8
1748272653659.0,48665.5,48685.5
1748272653760.0,48664.2,48684.2
1748272654284.0,48665.5,48685.5
1748272660234.0,48666.7,48686.7
1748272671408.0,48664.2,48684.2
1748272672612.0,48662.9,48682.9
1748272673255.0,48661.7,48681.7
1748272680095.0,48660.5,48680.5
1748272680196.0,48659.2,48679.2
1748272680876.0,48657.9,48677.9
1748272682208.0,48656.7,48676.7
1748272682308.0,48654.2,48674.2
1748272691138.0,48655.4,48675.4
1748272691237.0,48654.2,48674.2
1748272696277.0,48651.7,48671.7
1748272704622,,
1748272710383,,
1748272710483.0,48652.9,48672.9
1748272713046,,
1748272713146.0,48656.7,48676.7
1748272713247.0,48659.2,48679.2
1748272718459.0,48661.7,48681.7
1748272721075.0,48659.2,48679.2
1748272721175.0,48661.7,48681.7
1748272723489.0,48659.2,48679.2
1748272724131.0,48660.5,48680.5
1748272724231.0,48661.7,48681.7
1748272725547.0,48659.2,48679.2
1748272736510.0,48657.9,48677.9
1748272736611.0,48656.7,48676.7
1748272737927.0,48658.0,48678.0
1748272738027.0,48656.7,48676.7
1748272741245.0,48658.0,48678.0
1748272741444,,
1748272743872.0,48660.5,48680.5
1748272743972.0,48664.2,48684.2
1748272749874.0,48666.7,48686.7
1748272751240.0,48672.9,48692.9
1748272757418.0,48674.2,48694.2
1748272757516.0,48672.9,48692.9
1748272761684.0,48674.0,48694.0
1748272761784.0,48675.4,48695.4
1748272764342.0,48669.2,48689.2
1748272764442.0,48661.7,48681.7
1748272766262,,
1748272766363.0,48657.9,48677.9
1748272787724.0,48656.7,48676.7
1748272800177.0,48651.7,48671.7
1748272800422.0,48649.2,48669.2
1748272800623.0,48650.4,48670.4
1748272800722.0,48651.7,48671.7
1748272801238.0,48649.2,48669.2
1748272801566.0,48650.6,48670.6
1748272801666.0,48651.7,48671.7
1748272821212.0,48653.1,48673.1
1748272822512.0,48650.7,48670.7
1748272822612.0,48649.4,48669.4
1748272824395.0,48648.1,48668.1
1748272832787,,
1748272832888.0,48641.9,48661.9
1748272864475.0,48640.6,48660.6
1748272864575.0,48636.9,48656.9
1748272893243.0,48633.1,48653.1
1748272894170.0,48631.9,48651.9
1748272894929.0,48630.6,48650.6
1748272895852.0,48629.4,48649.4
1748272895951.0,48628.1,48648.1
1748272903628.0,48621.7,48641.7
1748272935128.0,48616.7,48636.7
1748272935228.0,48614.2,48634.2
1748272936259.0,48613.1,48633.1
1748272958279.0,48611.9,48631.9
1748272958379.0,48601.9,48621.9
1748272963556.0,48599.4,48619.4
1748272964699.0,48596.9,48616.9
1748272968352,,
1748272983001.0,48595.6,48615.6
1748272983101.0,48596.9,48616.9
1748272989141.0,48595.8,48615.8
1748272989241.0,48591.9,48611.9
1748272989460.0,48594.4,48614.4
1748272989561.0,48591.9,48611.9
1748272996141.0,48589.4,48609.4
1748273017127.0,48594.4,48614.4
1748273017228,,
1748273025303,,
1748273025405,,
1748273039131.0,48593.1,48613.1
1748273039230.0,48591.9,48611.9
1748273053759.0,48594.4,48614.4
1748273059818.0,48591.9,48611.9
1748273061232.0,48594.4,48614.4
1748273096689,,
1748273096789.0,48584.2,48604.2
1748273104181.0,48586.9,48606.9
1748273105251.0,48588.1,48608.1
1748273105351.0,48589.4,48609.4
1748273105555.0,48590.8,48610.8
1748273106205.0,48594.4,48614.4
1748273123467.0,48596.9,48616.9
1748273134146.0,48594.4,48614.4
1748273136129,,
1748273145775,,
1748273147848.0,48593.1,48613.1
1748273147947.0,48591.9,48611.9
1748273155561,,
1748273155660.0,48611.9,48631.9
1748273159417.0,48614.6,48634.6
1748273159516.0,48618.6,48638.6
1748273159617,,
1748273161913,,
1748273162015.0,48618.5,48638.5
1748273162113.0,48625.8,48645.8
1748273162912.0,48624.4,48644.4
1748273164059.0,48620.8,48640.8
1748273164158.0,48619.4,48639.4
1748273164815,,
1748273165384,,
1748273165485.0,48614.4,48634.4
1748273168677.0,48619.4,48639.4
1748273170297.0,48616.9,48636.9
1748273174071,,
1748273180581.0,48613.1,48633.1
1748273183997.0,48610.6,48630.6
1748273184694.0,48599.4,48619.4
1748273185640.0,48598.1,48618.1
1748273190484.0,48593.1,48613.1
1748273192592,,
1748273193392,,
1748273195593.0,48589.4,48609.4
1748273204951.0,48584.2,48604.2
1748273210471.0,48581.7,48601.7
1748273210671.0,48584.2,48604.2
1748273212205.0,48586.7,48606.7
1748273231435.0,48586.8,48606.8
1748273243826.0,48584.3,48604.3
1748273249835.0,48586.8,48606.8
1748273253298.0,48584.3,48604.3
1748273260704.0,48582.9,48602.9
1748273261789.0,48579.3,48599.3
1748273261890.0,48577.9,48597.9
1748273261989.0,48575.4,48595.4
1748273263580.0,48574.3,48594.3
1748273264132.0,48569.3,48589.3
1748273264232.0,48566.8,48586.8
1748273265247,,
1748273265347.0,48578.1,48598.1
1748273265632.0,48585.2,48605.2
1748273266136,,
1748273266673.0,48585.4,48605.4
1748273307725.0,48583.1,48603.1
1748273307825.0,48580.4,48600.4
1748273308153.0,48577.7,48597.7
1748273308252.0,48574.3,48594.3
1748273338757.0,48571.8,48591.8
1748273342159,,
1748273342258.0,48569.3,48589.3
1748273355604.0,48570.6,48590.6
1748273355705.0,48571.8,48591.8
1748273356208.0,48570.4,48590.4
1748273356308.0,48569.3,48589.3
1748273359431.0,48566.8,48586.8
1748273400141.0,48569.5,48589.5
1748273400241.0,48571.8,48591.8
1748273414892.0,48568.1,48588.1
1748273416235.0,48566.8,48586.8
1748273422525.0,48564.3,48584.3
1748273423157.0,48561.8,48581.8
1748273428188.0,48569.8,48589.8
1748273428287.0,48600.6,48620.6
1748273428512.0,48599.3,48619.3
1748273428712.0,48600.6,48620.6
1748273429889.0,48599.3,48619.3
1748273431998.0,48601.8,48621.8
1748273437872.0,48613.1,48633.1
1748273438174.0,48625.6,48645.6
1748273438272.0,48624.3,48644.3
1748273438411.0,48619.3,48639.3
1748273438694.0,48616.8,48636.8
1748273440164,,
1748273440264.0,48624.3,48644.3
1748273445112.0,48628.1,48648.1
1748273461132.0,48629.3,48649.3
1748273469765.0,48634.3,48654.3
1748273476401.0,48636.8,48656.8
1748273476842.0,48634.3,48654.3
1748273485309,,
1748273485407.0,48632.9,48652.9
1748273495015,,
1748273498372.0,48630.4,48650.4
1748273498574.0,48624.3,48644.3
1748273520313.0,48620.4,48640.4
1748273522329.0,48614.3,48634.3
1748273523127,,
1748273523325,,
1748273539203,,
1748273539302.0,48619.3,48639.3
1748273543183,,
1748273543282.0,48621.8,48641.8
1748273545591.0,48626.8,48646.8
1748273547498,,
1748273547597.0,48635.6,48655.6
1748273556323.0,48638.1,48658.1
1748273563304,,
1748273582106,,
1748273582206,,
1748273586054,,
1748273592432.0,48640.6,48660.6
1748273608259,,
1748273628677.0,48641.8,48661.8
1748273628777.0,48644.5,48664.5
1748273632843,,
1748273634833,,
1748273634932.0,48649.5,48669.5
1748273638529,,
1748273639158.0,48651.8,48671.8
1748273640016.0,48650.6,48670.6
1748273643033.0,48649.5,48669.5
1748273643133.0,48652.0,48672.0
1748273664238,,
1748273676229.0,48650.8,48670.8
1748273676328.0,48652.0,48672.0
1748273676429.0,48650.6,48670.6
1748273679283.0,48649.5,48669.5
1748273692479.0,48648.3,48668.3
1748273692577.0,48647.0,48667.0
1748273696525.0,48648.1,48668.1
1748273698779.0,48647.0,48667.0
1748273700139.0,48648.1,48668.1
1748273700239.0,48649.5,48669.5
1748273704803.0,48659.5,48679.5
1748273705881.0,48662.0,48682.0
1748273706872.0,48660.6,48680.6
1748273707211.0,48661.8,48681.8
1748273707311.0,48664.5,48684.5
1748273707412.0,48667.0,48687.0
1748273711589.0,48668.3,48688.3
1748273711689.0,48669.5,48689.5
1748273715138.0,48673.5,48693.5
1748273715239.0,48683.3,48703.3
1748273732807,,
1748273734197.0,48684.7,48704.7
1748273734299,,
1748273739275.0,48702.0,48722.0
1748273739373.0,48700.6,48720.6
1748273748390.0,48698.1,48718.1
1748273748489.0,48696.8,48716.8
1748273756513,,
1748273756613.0,48699.5,48719.5
1748273761216,,
1748273762104.0,48702.0,48722.0
1748273776871.0,48704.5,48724.5
1748273788611.0,48705.8,48725.8
1748273788711.0,48707.0,48727.0
1748273790759.0,48708.3,48728.3
1748273797297.0,48705.8,48725.8
1748273797680.0,48705.6,48725.6
1748273801745.0,48709.5,48729.5
1748273809656.0,48713.3,48733.3
1748273810319.0,48723.5,48743.5
1748273810427.0,48725.8,48745.8
1748273810527.0,48724.5,48744.5
1748273811378,,
1748273811479,,
1748273811938,,
1748273812038,,
1748273812592,,
1748273820181.0,48720.7,48740.7
1748273820281.0,48718.2,48738.2
1748273823844.0,48709.1,48729.1
1748273824765.0,48702.0,48722.0
1748273831165.0,48700.7,48720.7
1748273831266.0,48699.5,48719.5
1748273832585,,
1748273832686.0,48698.3,48718.3
1748273835023.0,48699.5,48719.5
1748273838843,,
1748273848914.0,48703.3,48723.3
1748273849015.0,48704.5,48724.5
1748273870630.0,48707.0,48727.0
1748273872631.0,48704.5,48724.5
1748273876801.0,48707.0,48727.0
1748273877535.0,48704.5,48724.5
1748273879060.0,48707.0,48727.0
1748273879775.0,48704.5,48724.5
1748273880315.0,48707.2,48727.2
1748273880562.0,48710.8,48730.8
1748273880662.0,48712.2,48732.2
1748273882103,,
1748273888017,,
1748273898337.0,48713.3,48733.3
1748273907274.0,48715.8,48735.8
1748273918109.0,48717.2,48737.2
1748273949051.0,48715.8,48735.8
1748273949151.0,48714.7,48734.7
1748273950659,,
1748273950758.0,48713.3,48733.3
1748273970019.0,48713.4,48733.4
1748274011917,,
1748274012200.0,48708.4,48728.4
1748274012302.0,48707.0,48727.0
1748274012401.0,48704.5,48724.5
1748274028269,,
1748274031532.0,48705.7,48725.7
1748274031631.0,48708.4,48728.4
1748274050560.0,48710.7,48730.7
1748274050661.0,48717.0,48737.0
1748274062107,,
1748274062207.0,48718.4,48738.4
1748274069015.0,48724.5,48744.5
1748274069114.0,48727.0,48747.0
1748274079536,,
1748274098653,,
1748274134992.0,48725.7,48745.7
1748274135193.0,48713.2,48733.2
1748274135393.0,48709.5,48729.5
1748274136700.0,48712.0,48732.0
1748274137017.0,48714.5,48734.5
1748274143654.0,48713.4,48733.4
1748274143756.0,48712.0,48732.0
1748274145570,,
1748274149980.0,48714.5,48734.5
1748274153485,,
1748274153582.0,48694.5,48714.5
1748274153814,,
1748274154448,,
1748274157959,,
1748274160273,,
1748274178604.0,48693.2,48713.2
1748274180878.0,48690.7,48710.7
1748274189524.0,48694.5,48714.5
1748274201340,,
1748274202024.0,48695.7,48715.7
1748274202125.0,48696.8,48716.8
1748274209718.0,48699.5,48719.5
1748274209818.0,48704.5,48724.5
1748274212737.0,48708.4,48728.4
1748274214877.0,48709.5,48729.5
1748274214978.0,48710.7,48730.7
1748274215077.0,48709.5,48729.5
1748274224167.0,48710.9,48730.9
1748274224267.0,48712.0,48732.0
1748274224722.0,48713.2,48733.2
1748274225016.0,48712.0,48732.0
1748274227187.0,48713.4,48733.4
1748274227287.0,48714.5,48734.5
1748274243048,,
1748274243149.0,48717.0,48737.0
1748274301450.0,48719.5,48739.5
1748274301664.0,48719.5,48739.5
1748274327403.0,48720.9,48740.9
1748274332628,,
1748274332728.0,48719.5,48739.5
1748274337011.0,48717.0,48737.0
1748274343336,,
1748274343435.0,48714.5,48734.5
1748274346959,,
1748274349173.0,48713.4,48733.4
1748274349272.0,48712.0,48732.0
1748274386960,,
1748274405007.0,48712.1,48732.1
1748274406634.0,48709.6,48729.6
1748274411152.0,48708.2,48728.2
1748274411251.0,48700.3,48720.3
1748274411352.0,48695.5,48715.5
1748274411551.0,48692.1,48712.1
1748274411880.0,48693.4,48713.4
1748274412261.0,48694.6,48714.6
1748274412641,,
1748274413493.0,48693.2,48713.2
1748274416554.0,48694.6,48714.6
1748274417603.0,48691.9,48711.9
1748274417701.0,48692.1,48712.1
1748274417902,,
1748274423702,,
1748274423802.0,48695.7,48715.7
1748274429351,,
1748274442111.0,48694.6,48714.6
1748274442804.0,48695.7,48715.7
1748274442904.0,48697.1,48717.1
1748274446156.0,48695.7,48715.7
1748274446256.0,48694.6,48714.6
1748274446740.0,48695.9,48715.9
1748274450017.0,48697.1,48717.1
1748274452203.0,48695.7,48715.7
1748274452303.0,48694.6,48714.6
1748274459634.0,48697.1,48717.1
1748274481129.0,48699.6,48719.6
1748274491977.0,48704.6,48724.6
1748274499926,,
1748274509277.0,48707.1,48727.1
1748274511640.0,48709.6,48729.6
1748274517625.0,48707.1,48727.1
1748274518221.0,48709.6,48729.6
1748274530359.0,48707.1,48727.1
1748274530853.0,48708.4,48728.4
1748274540027.0,48709.6,48729.6
1748274549254.0,48708.2,48728.2
1748274549354.0,48707.1,48727.1
1748274549751.0,48708.4,48728.4
1748274554474.0,48704.6,48724.6
1748274555091.0,48699.6,48719.6
1748274555634.0,48700.7,48720.7
1748274555734.0,48702.1,48722.1
1748274570699.0,48703.4,48723.4
1748274574705.0,48707.1,48727.1
1748274578431.0,48704.6,48724.6
1748274586659.0,48707.1,48727.1
1748274586992.0,48705.7,48725.7
1748274587494.0,48707.1,48727.1
1748274589326.0,48704.6,48724.6
1748274590132.0,48705.9,48725.9
1748274590232.0,48707.1,48727.1
1748274601474.0,48709.6,48729.6
1748274601573.0,48712.1,48732.1
1748274601672.0,48714.6,48734.6
1748274609975.0,48712.1,48732.1
1748274610307.0,48714.6,48734.6
1748274614149.0,48713.2,48733.2
1748274614250.0,48712.1,48732.1
1748274614642.0,48713.4,48733.4
1748274615045.0,48714.6,48734.6
1748274622882.0,48717.1,48737.1
1748274637630,,
1748274637730,,
1748274649195.0,48715.9,48735.9
1748274649295.0,48714.6,48734.6
1748274651134.0,48717.1,48737.1
1748274651630.0,48714.6,48734.6
1748274651729.0,48719.6,48739.6
1748274651947.0,48718.2,48738.2
1748274659282.0,48717.1,48737.1
1748274665705.0,48715.9,48735.9
1748274665905.0,48713.2,48733.2
1748274670233.0,48712.1,48732.1
1748274675446.0,48713.4,48733.4
1748274677113.0,48714.6,48734.6
1748274688595,,
1748274691143,,
1748274691244,,
1748274693986,,
1748274700353.0,48724.6,48744.6
1748274700454.0,48727.1,48747.1
1748274721423.0,48734.6,48754.6
1748274721624.0,48737.1,48757.1
1748274742994,,
1748274752668,,
1748274752767.0,48739.6,48759.6
1748274754093.0,48738.2,48758.2
1748274754193.0,48737.1,48757.1
1748274768144.0,48738.4,48758.4
1748274768243.0,48739.6,48759.6
1748274769255.0,48738.2,48758.2
1748274769355.0,48737.1,48757.1
1748274771725.0,48739.6,48759.6
1748274773038.0,48740.9,48760.9
1748274773139.0,48739.6,48759.6
1748274775221.0,48740.9,48760.9
1748274775319.0,48739.6,48759.6
1748274780010.0,48740.7,48760.7
1748274780968,,
1748274786130,,
1748274797399,,
1748274842374.0,48742.1,48762.1
1748274853733.0,48755.8,48775.8
1748274853834.0,48759.6,48779.6
1748274854198,,
1748274854358,,
1748274854459,,
1748274854636.0,48760.8,48780.8
1748274860100,,
1748274860200,,
1748274860461.0,48762.1,48782.1
1748274860562.0,48758.1,48778.1
1748274860662.0,48754.6,48774.6
1748274861671.0,48749.6,48769.6
1748274862805.0,48747.1,48767.1
1748274863045.0,48749.6,48769.6
1748274863730.0,48752.1,48772.1
1748274863830.0,48750.8,48770.8
1748274863931.0,48752.1,48772.1
1748274874233.0,48749.6,48769.6
1748274900163.0,48747.1,48767.1
1748274900262.0,48744.6,48764.6
1748274915022.0,48745.8,48765.8
1748274919062.0,48744.4,48764.4
1748274919163.0,48743.3,48763.3
1748274927736.0,48747.1,48767.1
1748274928230.0,48749.6,48769.6
1748274930317,,
1748274943113.0,48754.6,48774.6
1748274947839,,
1748274967240,,
1748274967443.0,48752.1,48772.1
1748274969924.0,48749.8,48769.8
1748274970023.0,48747.1,48767.1
1748274975678.0,48739.4,48759.4
1748274977090.0,48736.9,48756.9
1748274982861.0,48735.8,48755.8
1748274982960.0,48723.4,48743.4
1748274983265.0,48715.8,48735.8
1748274983873.0,48714.4,48734.4
1748274984073.0,48707.1,48727.1
1748274984174.0,48702.1,48722.1
1748274987235.0,48700.8,48720.8
1748274987335.0,48699.6,48719.6
1748274992175.0,48697.1,48717.1
1748274993654.0,48690.8,48710.8
1748274993754.0,48689.6,48709.6
1748275000254,,
1748275001038.0,48688.3,48708.3
1748275001137.0,48687.1,48707.1
1748275015264.0,48689.6,48709.6
1748275029009,,
1748275029108.0,48691.0,48711.0
1748275030501.0,48692.3,48712.3
1748275030600.0,48693.5,48713.5
1748275030929.0,48696.0,48716.0
1748275031031.0,48697.3,48717.3
1748275034151.0,48696.0,48716.0
1748275050712.0,48698.5,48718.5
1748275056094,,
1748275056194.0,48701.0,48721.0
1748275057633.0,48699.6,48719.6
1748275057733.0,48697.1,48717.1
1748275069287.0,48698.5,48718.5
1748275071289,,
1748275071387,,
1748275095841.0,48699.6,48719.6
1748275095941.0,48702.1,48722.1
1748275100258.0,48699.6,48719.6
1748275106232.0,48698.5,48718.5
1748275106332.0,48697.1,48717.1
1748275136569.0,48699.6,48719.6
1748275139093,,
1748275139191,,
1748275147182.0,48701.0,48721.0
1748275147282.0,48702.1,48722.1
1748275147749,,
1748275154888.0,48699.6,48719.6
1748275159296.0,48702.1,48722.1
1748275190241.0,48703.5,48723.5
1748275190341.0,48704.6,48724.6
1748275201375.0,48707.1,48727.1
1748275201495.0,48709.6,48729.6
1748275201622,,
1748275206295.0,48707.1,48727.1
1748275223142.0,48709.6,48729.6
1748275229375.0,48708.3,48728.3
1748275238602.0,48709.6,48729.6
1748275240376.0,48710.8,48730.8
1748275248252.0,48711.9,48731.9
1748275248350.0,48714.4,48734.4
1748275249420.0,48715.8,48735.8
1748275252866.0,48717.1,48737.1
1748275254812.0,48718.5,48738.5
1748275263560.0,48721.0,48741.0
1748275268771.0,48722.1,48742.1
1748275281308.0,48723.3,48743.3
1748275281408.0,48727.1,48747.1
1748275281648.0,48732.1,48752.1
1748275283452.0,48729.5,48749.5
1748275284449.0,48719.5,48739.5
1748275284548.0,48717.1,48737.1
1748275286541,,
1748275289291,,
1748275314459.0,48716.0,48736.0
1748275314560.0,48714.6,48734.6
1748275315202.0,48717.1,48737.1
1748275317202.0,48714.6,48734.6
1748275322141.0,48717.1,48737.1
1748275322278.0,48714.8,48734.8
1748275322379.0,48712.1,48732.1
1748275330540.0,48711.0,48731.0
1748275339874.0,48709.6,48729.6
1748275341561.0,48711.0,48731.0
1748275341910.0,48710.8,48730.8
1748275342287.0,48708.5,48728.5
1748275363932,,
1748275364032.0,48700.6,48720.6
1748275365027.0,48697.1,48717.1
1748275369609.0,48694.6,48714.6
1748275369709.0,48696.0,48716.0
1748275369809.0,48697.1,48717.1
1748275373482.0,48694.6,48714.6
1748275373583.0,48697.1,48717.1
1748275373987.0,48697.1,48717.1
1748275375412.0,48697.1,48717.1
1748275375802.0,48696.0,48716.0
1748275376222.0,48697.1,48717.1
1748275390856.0,48698.5,48718.5
1748275390954.0,48699.6,48719.6
1748275394525,,
1748275394624,,
1748275407788.0,48694.6,48714.6
1748275408566.0,48697.0,48717.0
1748275408665.0,48699.6,48719.6
1748275417137.0,48697.0,48717.0
1748275417236.0,48699.6,48719.6
1748275420117.0,48698.5,48718.5
1748275420217.0,48697.1,48717.1
1748275420317.0,48699.6,48719.6
1748275420681.0,48694.6,48714.6
1748275423463.0,48697.1,48717.1
1748275424846.0,48699.6,48719.6
1748275434792,,
1748275440021.0,48699.7,48719.7
1748275443642,,
1748275443742.0,48715.8,48735.8
1748275447584.0,48714.7,48734.7
1748275450612.0,48717.2,48737.2
1748275479693.0,48712.2,48732.2
1748275501517.0,48714.7,48734.7
1748275504997.0,48713.3,48733.3
1748275505097.0,48712.2,48732.2
1748275563179,,
1748275563629.0,48710.8,48730.8
1748275568541.0,48712.2,48732.2
1748275570519.0,48709.7,48729.7
1748275574054.0,48708.3,48728.3
1748275643008,,
1748275643107.0,48709.7,48729.7
1748275653894,,
1748275664251.0,48718.5,48738.5
1748275665942.0,48719.7,48739.7
1748275669733.0,48717.2,48737.2
1748275669833.0,48709.5,48729.5
1748275670027.0,48708.1,48728.1
1748275670126.0,48707.0,48727.0
1748275671639.0,48704.7,48724.7
1748275671741.0,48703.3,48723.3
1748275693589.0,48699.7,48719.7
1748275699522,,
1748275712730.0,48698.3,48718.3
1748275712831.0,48697.2,48717.2
1748275714519.0,48694.7,48714.7
1748275715526.0,48689.7,48709.7
1748275725125.0,48688.3,48708.3
1748275727535.0,48687.2,48707.2
1748275794780.0,48682.2,48702.2
1748275801167.0,48683.5,48703.5
1748275801267.0,48684.7,48704.7
1748275809545.0,48687.4,48707.4
1748275809644.0,48689.7,48709.7
1748275841202,,
1748275841302.0,48687.2,48707.2
1748275849084.0,48689.7,48709.7
1748275861610.0,48688.3,48708.3
1748275862421.0,48688.3,48708.3
1748275872437.0,48689.7,48709.7
1748275872869.0,48688.3,48708.3
1748275873437.0,48688.5,48708.5
1748275873637.0,48687.2,48707.2
1748275875317.0,48684.7,48704.7
1748275921808.0,48682.2,48702.2
1748275939946,,
1748275946207.0,48679.7,48699.7
1748275946306.0,48678.4,48698.4
1748275946931.0,48677.2,48697.2
1748275964051.0,48674.7,48694.7
1748275980246.0,48673.4,48693.4
1748275980347,,
1748275997178.0,48674.7,48694.7
1748276006797,,
1748276006897.0,48678.5,48698.5
1748276010878.0,48677.2,48697.2
1748276010978.0,48678.5,48698.5
1748276013781.0,48677.2,48697.2
1748276013881.0,48678.5,48698.5
1748276017137.0,48678.5,48698.5
1748276018260.0,48677.2,48697.2
1748276018360.0,48678.5,48698.5
1748276040007.0,48678.6,48698.6
1748276041304.0,48677.2,48697.2
1748276042534,,
1748276043057.0,48676.1,48696.1
1748276043158.0,48674.7,48694.7
1748276043693.0,48671.1,48691.1
1748276046853.0,48672.4,48692.4
1748276046953.0,48674.7,48694.7
1748276062105.0,48673.4,48693.4
1748276062206.0,48672.2,48692.2
1748276063056.0,48669.7,48689.7
1748276067999.0,48671.1,48691.1
1748276068099.0,48672.2,48692.2
1748276073363,,
1748276073464.0,48674.7,48694.7
1748276089096.0,48672.2,48692.2
1748276095665.0,48673.6,48693.6
1748276095764.0,48672.2,48692.2
1748276112059.0,48669.7,48689.7
1748276142231,,
1748276156258,,
1748276160936.0,48673.4,48693.4
1748276161246.0,48675.9,48695.9
1748276161869.0,48674.5,48694.5
1748276162629.0,48675.9,48695.9
1748276177058.0,48674.5,48694.5
1748276177158.0,48674.7,48694.7
1748276188839,,
1748276205690,,
1748276209755,,
1748276209957.0,48672.2,48692.2
1748276212390,,
1748276213507.0,48673.4,48693.4
1748276213609.0,48674.7,48694.7
1748276220841.0,48673.4,48693.4
1748276223355.0,48672.2,48692.2
1748276261997.0,48669.7,48689.7
1748276262748.0,48671.1,48691.1
1748276262846.0,48669.7,48689.7
1748276270212.0,48672.2,48692.2
1748276270693.0,48669.7,48689.7
1748276273211.0,48671.1,48691.1
1748276273312.0,48669.7,48689.7
1748276274834.0,48670.9,48690.9
1748276280008.0,48669.7,48689.7
1748276318534.0,48672.2,48692.2
1748276318808.0,48667.2,48687.2
1748276318907.0,48669.7,48689.7
1748276337131.0,48668.4,48688.4
1748276337230.0,48667.2,48687.2
1748276349742,,
1748276349843,,
1748276354356,,
1748276355107.0,48669.7,48689.7
1748276355333.0,48671.1,48691.1
1748276355434.0,48672.2,48692.2
1748276357396.0,48671.1,48691.1
1748276357496.0,48669.7,48689.7
1748276365556.0,48671.1,48691.1
1748276365657.0,48669.7,48689.7
1748276373719,,
1748276373820.0,48649.4,48669.4
1748276373919.0,48649.7,48669.7
1748276374120.0,48652.2,48672.2
1748276374219.0,48654.7,48674.7
1748276374419.0,48656.1,48676.1
1748276374626.0,48657.2,48677.2
1748276398727,,
1748276407966,,
1748276420132.0,48658.6,48678.6
1748276420232.0,48659.7,48679.7
1748276437158,,
1748276440673.0,48661.1,48681.1
1748276440774.0,48662.2,48682.2
1748276471915.0,48663.6,48683.6
1748276474862.0,48662.2,48682.2
1748276475063.0,48657.3,48677.3
1748276475739.0,48655.9,48675.9
1748276476662.0,48654.8,48674.8
1748276478765,,
1748276478865.0,48658.4,48678.4
1748276481403.0,48657.3,48677.3
1748276482679,,
1748276482779.0,48659.8,48679.8
1748276494405.0,48660.9,48680.9
1748276494504.0,48662.3,48682.3
1748276498782,,
1748276498881.0,48664.8,48684.8
1748276502254.0,48666.1,48686.1
1748276502352.0,48667.3,48687.3
1748276504352.0,48669.8,48689.8
1748276506658.0,48670.9,48690.9
1748276506759.0,48672.3,48692.3
1748276506962.0,48669.8,48689.8
1748276520310.0,48672.3,48692.3
1748276521190.0,48669.8,48689.8
1748276545345,,
1748276556142.0,48669.8,48689.8
1748276565352.0,48671.1,48691.1
1748276566148.0,48672.3,48692.3
1748276570627.0,48673.6,48693.6
1748276570726.0,48674.8,48694.8
1748276576949,,
1748276580534.0,48678.6,48698.6
1748276580634.0,48682.3,48702.3
1748276581023.0,48683.6,48703.6
1748276581123.0,48684.8,48704.8
1748276612834.0,48689.8,48709.8
1748276612934.0,48694.8,48714.8
1748276637249,,
1748276638694.0,48692.3,48712.3
1748276638795.0,48694.8,48714.8
1748276639097,,
1748276640061.0,48690.9,48710.9
1748276640592.0,48692.3,48712.3
1748276653892.0,48690.9,48710.9
1748276653992.0,48689.8,48709.8
1748276670633.0,48687.3,48707.3
1748276693519,,
1748276698970.0,48689.8,48709.8
1748276699612.0,48687.3,48707.3
1748276700127.0,48688.6,48708.6
1748276709501.0,48689.8,48709.8
1748276722469,,
1748276748209.0,48688.6,48708.6
1748276748311.0,48686.1,48706.1
1748276755993.0,48687.3,48707.3
1748276768211.0,48684.8,48704.8
1748276773440,,
1748276798608,,
1748276798708.0,48682.3,48702.3
1748276798933.0,48679.8,48699.8
1748276801737.0,48674.8,48694.8
1748276808923.0,48672.3,48692.3
1748276853383.0,48669.6,48689.6
1748276853482.0,48667.3,48687.3
1748276853631.0,48669.8,48689.8
1748276855513.0,48672.3,48692.3
1748276860259.0,48669.8,48689.8
1748276861637.0,48671.1,48691.1
1748276861736.0,48672.3,48692.3
1748276861837.0,48674.8,48694.8
1748276864796.0,48672.3,48692.3
1748276877515.0,48674.8,48694.8
1748276879254.0,48675.9,48695.9
1748276879354.0,48677.3,48697.3
1748276886891.0,48674.8,48694.8
1748276887690.0,48677.3,48697.3
1748276899889.0,48679.8,48699.8
1748276900288.0,48681.1,48701.1
1748276910009.0,48682.3,48702.3
1748276912643.0,48684.8,48704.8
1748276937690.0,48689.8,48709.8
1748276955713.0,48692.3,48712.3
1748276955813.0,48694.8,48714.8
1748276962915.0,48692.3,48712.3
1748276965691,,
1748276965791.0,48691.0,48711.0
1748276977022.0,48689.8,48709.8
1748276977121.0,48684.8,48704.8
1748276978386.0,48683.5,48703.5
1748276990762.0,48677.1,48697.1
1748276990862.0,48675.8,48695.8
1748276992722.0,48672.3,48692.3
1748276992821.0,48671.0,48691.0
1748277010579.0,48668.3,48688.3
1748277010758.0,48667.1,48687.1
1748277011516.0,48668.5,48688.5
1748277011616.0,48669.8,48689.8
1748277019012,,
1748277029677.0,48671.0,48691.0
1748277029776.0,48671.1,48691.1
1748277032616.0,48669.8,48689.8
1748277049547,,
1748277054135.0,48661.0,48681.0
1748277059544.0,48664.8,48684.8
1748277085017.0,48666.2,48686.2
1748277085117.0,48662.1,48682.1
1748277086473.0,48659.6,48679.6
1748277106381.0,48661.0,48681.0
1748277131083.0,48659.6,48679.6
1748277131184.0,48658.5,48678.5
1748277137619.0,48661.0,48681.0
1748277148504.0,48659.8,48679.8
1748277148603.0,48658.5,48678.5
1748277150773.0,48659.8,48679.8
1748277151754.0,48661.0,48681.0
1748277166290.0,48659.8,48679.8
1748277181592.0,48662.3,48682.3
1748277203416.0,48663.7,48683.7
1748277203516.0,48659.8,48679.8
1748277204755.0,48662.3,48682.3
1748277207864.0,48663.5,48683.5
1748277207964.0,48664.8,48684.8
1748277208064.0,48662.3,48682.3
1748277208841.0,48664.8,48684.8
1748277209805.0,48663.5,48683.5
1748277209904.0,48659.8,48679.8
1748277219745.0,48662.3,48682.3
1748277220750.0,48661.0,48681.0
1748277220850.0,48659.8,48679.8
1748277224679,,
1748277225972.0,48662.3,48682.3
1748277227954,,
1748277228055,,
1748277240238.0,48664.8,48684.8
1748277249600.0,48667.3,48687.3
1748277256527.0,48668.7,48688.7
1748277256627.0,48672.3,48692.3
1748277260749,,
1748277262608.0,48673.7,48693.7
1748277262706.0,48673.5,48693.5
1748277272642,,
1748277272741.0,48669.8,48689.8
1748277275119.0,48667.3,48687.3
1748277292197.0,48664.8,48684.8
1748277295508.0,48667.3,48687.3
1748277296366.0,48664.8,48684.8
1748277296634.0,48666.2,48686.2
1748277296734.0,48667.3,48687.3
1748277329345.0,48668.7,48688.7
1748277329446.0,48664.8,48684.8
1748277329547,,
1748277340990.0,48667.3,48687.3
1748277355495.0,48664.8,48684.8
1748277356163.0,48662.3,48682.3
1748277356969,,
1748277361446.0,48661.0,48681.0
1748277361544.0,48659.8,48679.8
1748277362033.0,48661.2,48681.2
1748277362132.0,48662.3,48682.3
1748277362531.0,48659.8,48679.8
1748277362632.0,48661.2,48681.2
1748277363252.0,48663.7,48683.7
1748277376628.0,48661.2,48681.2
1748277411352,,
1748277458948.0,48662.3,48682.3
1748277460136.0,48663.5,48683.5
1748277460236.0,48664.8,48684.8
1748277461180,,
1748277461280.0,48662.3,48682.3
1748277461595.0,48664.8,48684.8
1748277463204,,
1748277472817.0,48663.5,48683.5
1748277474854.0,48664.8,48684.8
1748277493001,,
1748277493100,,
1748277510013.0,48664.9,48684.9
1748277511434.0,48666.0,48686.0
1748277519134.0,48664.9,48684.9
1748277519235.0,48667.4,48687.4
1748277519861.0,48673.9,48693.9
1748277524346.0,48676.6,48696.6
1748277524445.0,48681.2,48701.2
1748277529704.0,48684.9,48704.9
1748277548912,,
1748277561315.0,48682.4,48702.4
1748277575582,,
1748277577112.0,48684.9,48704.9
1748277608535.0,48682.4,48702.4
1748277610643.0,48679.9,48699.9
1748277637206,,
1748277646373.0,48678.7,48698.7
1748277646637.0,48679.9,48699.9
1748277650646.0,48681.0,48701.0
1748277650746.0,48679.9,48699.9
1748277654635.0,48678.5,48698.5
1748277654835.0,48679.9,48699.9
1748277660111.0,48678.5,48698.5
1748277662402.0,48677.4,48697.4
1748277662503.0,48679.9,48699.9
1748277691136.0,48679.9,48699.9
1748277703788.0,48678.7,48698.7
1748277703888.0,48674.9,48694.9
1748277742134.0,48672.4,48692.4
1748277742233.0,48668.3,48688.3
1748277743169.0,48664.9,48684.9
1748277780668.0,48661.0,48681.0
1748277781037.0,48659.9,48679.9
1748277790224,,
1748277797921.0,48658.7,48678.7
1748277798019.0,48652.4,48672.4
1748277819100,,
1748277827237,,
1748277842917,,
1748277843403.0,48654.9,48674.9
1748277843503.0,48652.4,48672.4
1748277850229.0,48657.4,48677.4
1748277857878,,
1748277857977,,
1748277859882.0,48654.9,48674.9
1748277886717,,
1748277900277,,
1748277910211.0,48658.5,48678.5
1748277911585.0,48659.9,48679.9
1748277913412.0,48658.5,48678.5
1748277914061.0,48657.4,48677.4
1748277915013.0,48658.5,48678.5
1748277915545.0,48659.9,48679.9
1748277915819.0,48657.4,48677.4
1748277916415.0,48659.9,48679.9
1748277917824.0,48658.5,48678.5
1748277918030.0,48657.2,48677.2
1748277918131.0,48659.9,48679.9
1748277926211.0,48658.5,48678.5
1748277928533.0,48656.0,48676.0
1748277944179.0,48658.6,48678.6
1748277949142,,
1748277949241.0,48656.1,48676.1
1748277961627.0,48658.6,48678.6
1748277965166.0,48656.1,48676.1
1748277974294,,
1748277976371.0,48654.9,48674.9
1748277987784.0,48652.4,48672.4
1748278007760.0,48651.1,48671.1
1748278007860.0,48656.2,48676.2
1748278007960.0,48662.4,48682.4
1748278011618.0,48663.7,48683.7
1748278011718.0,48664.9,48684.9
1748278012139.0,48659.9,48679.9
1748278012633.0,48658.6,48678.6
1748278013657.0,48657.4,48677.4
1748278013757.0,48659.9,48679.9
1748278014456.0,48657.4,48677.4
1748278021306.0,48659.9,48679.9
1748278024618.0,48658.6,48678.6
1748278027815.0,48654.9,48674.9
1748278028117.0,48657.4,48677.4
1748278033923.0,48656.2,48676.2
1748278034023.0,48654.9,48674.9
1748278035008.0,48657.4,48677.4
1748278039923.0,48654.9,48674.9
1748278040259.0,48657.4,48677.4
1748278043382.0,48656.2,48676.2
1748278043481.0,48654.9,48674.9
1748278043990,,
1748278044091.0,48649.9,48669.9
1748278045339.0,48647.2,48667.2
1748278045440.0,48644.9,48664.9
1748278046205.0,48642.2,48662.2
1748278046627.0,48639.7,48659.7
1748278050016.0,48638.6,48658.6
1748278054375.0,48637.4,48657.4
1748278054890.0,48635.1,48655.1
1748278054989,,
1748278055089.0,48632.6,48652.6
1748278060479,,
1748278065008.0,48633.7,48653.7
1748278067205,,
1748278067304,,
1748278099853,,
1748278101876.0,48632.4,48652.4
1748278127776.0,48637.4,48657.4
1748278148156,,
1748278200748.0,48638.8,48658.8
1748278206164.0,48639.9,48659.9
1748278206263.0,48637.4,48657.4
1748278206364.0,48634.9,48654.9
1748278210925.0,48639.9,48659.9
1748278241735,,
1748278263575,,
1748278270437.0,48637.4,48657.4
1748278270723.0,48638.8,48658.8
1748278272784.0,48639.9,48659.9
1748278301970.0,48641.3,48661.3
1748278304429.0,48641.1,48661.1
1748278310132.0,48642.4,48662.4
1748278315234.0,48643.6,48663.6
1748278316596.0,48646.3,48666.3
1748278316697.0,48647.4,48667.4
1748278316852,,
1748278316951.0,48649.9,48669.9
1748278327197.0,48653.8,48673.8
1748278327295.0,48654.9,48674.9
1748278329693.0,48656.3,48676.3
1748278351636.0,48657.6,48677.6
1748278360283.0,48658.8,48678.8
1748278362003,,
1748278366889.0,48661.3,48681.3
1748278372252,,
1748278376760.0,48659.9,48679.9
1748278376860.0,48658.8,48678.8
1748278379781.0,48661.3,48681.3
1748278388047.0,48659.9,48679.9
1748278388147.0,48658.8,48678.8
1748278403088.0,48659.9,48679.9
1748278403188.0,48661.3,48681.3
1748278403559.0,48662.4,48682.4
1748278417305,,
1748278417403,,
1748278448718.0,48661.1,48681.1
1748278448818.0,48661.3,48681.3
1748278452350.0,48662.4,48682.4
1748278452450.0,48663.8,48683.8
1748278458352.0,48663.8,48683.8
1748278461607.0,48659.9,48679.9
1748278468492.0,48658.6,48678.6
1748278468593.0,48657.4,48677.4
1748278469715.0,48654.9,48674.9
1748278470727.0,48656.3,48676.3
1748278471094.0,48657.4,48677.4
1748278472323.0,48654.9,48674.9
1748278473780.0,48652.3,48672.3
1748278480151.0,48650.9,48670.9
1748278482817,,
1748278519141.0,48652.3,48672.3
1748278521915.0,48653.6,48673.6
1748278523607.0,48656.1,48676.1
1748278527648.0,48654.8,48674.8
1748278527748.0,48653.6,48673.6
1748278532457.0,48656.1,48676.1
1748278545092.0,48657.5,48677.5
1748278588809.0,48658.8,48678.8
1748278588908.0,48660.0,48680.0
1748278591065.0,48662.5,48682.5
1748278592871.0,48665.0,48685.0
1748278595945.0,48667.5,48687.5
1748278605532.0,48670.0,48690.0
1748278610408.0,48671.3,48691.3
1748278612067.0,48672.5,48692.5
1748278612166.0,48673.8,48693.8
1748278623034.0,48676.3,48696.3
1748278628385.0,48673.8,48693.8
1748278631478.0,48672.5,48692.5
1748278644062,,
1748278644162.0,48658.4,48678.4
1748278645054.0,48657.3,48677.3
1748278645154.0,48653.4,48673.4
1748278646126.0,48650.0,48670.0
1748278646226,,
1748278649816.0,48647.5,48667.5
1748278652568.0,48645.0,48665.0
1748278653815,,
1748278654809.0,48646.1,48666.1
1748278661339.0,48647.5,48667.5
1748278663987.0,48650.0,48670.0
1748278680356.0,48651.3,48671.3
1748278680834.0,48653.8,48673.8
1748278681245.0,48655.1,48675.1
1748278681344.0,48655.0,48675.0
1748278682728.0,48656.3,48676.3
1748278683221.0,48658.8,48678.8
1748278683320.0,48658.6,48678.6
1748278684075.0,48655.0,48675.0
1748278690130.0,48657.3,48677.3
1748278690229.0,48660.0,48680.0
1748278691673.0,48657.5,48677.5
1748278691773.0,48655.0,48675.0
1748278692274.0,48660.0,48680.0
1748278693092.0,48657.5,48677.5
1748278693562.0,48658.8,48678.8
1748278693891.0,48660.0,48680.0
1748278696015.0,48657.5,48677.5
1748278698074.0,48653.6,48673.6
1748278702776.0,48652.3,48672.3
1748278736423.0,48651.1,48671.1
1748278736522.0,48649.8,48669.8
1748278752367,,
1748278755900.0,48647.3,48667.3
1748278756820,,
1748278756921.0,48648.6,48668.6
1748278757747.0,48646.1,48666.1
1748278770093,,
1748278788778.0,48648.6,48668.6
1748278795157.0,48649.8,48669.8
1748278795838.0,48648.6,48668.6
1748278799632.0,48651.1,48671.1
1748278799732.0,48649.8,48669.8
1748278800015.0,48648.6,48668.6
1748278800317.0,48648.6,48668.6
1748278801299.0,48647.5,48667.5
1748278801869.0,48646.1,48666.1
1748278802673.0,48647.5,48667.5
1748278802872.0,48646.1,48666.1
1748278807753.0,48647.5,48667.5
1748278807997.0,48643.6,48663.6
1748278809845.0,48646.1,48666.1
1748278810232.0,48647.5,48667.5
1748278815986,,
1748278816088,,
1748278818064.0,48645.0,48665.0
1748278819739.0,48646.3,48666.3
1748278819839.0,48647.5,48667.5
1748278845761.0,48646.1,48666.1
1748278853115.0,48647.5,48667.5
1748278853314.0,48646.1,48666.1
1748278859031.0,48644.8,48664.8
1748278859131,,
1748278860228.0,48642.3,48662.3
1748278867539,,
1748278868054.0,48641.1,48661.1
1748278869254.0,48640.0,48660.0
1748278869354,,
1748278900091.0,48637.5,48657.5
1748278901090,,
1748278901191.0,48632.5,48652.5
1748278902388.0,48620.0,48640.0
1748278902486.0,48618.6,48638.6
1748278905011.0,48617.5,48637.5
1748278908340.0,48618.6,48638.6
1748278908440.0,48620.0,48640.0
1748278977196.0,48618.7,48638.7
1748278977294.0,48617.5,48637.5
1748278978384,,
1748278988706.0,48618.7,48638.7
1748278988805.0,48624.0,48644.0
1748278995014.0,48626.3,48646.3
1748279040297.0,48629.0,48649.0
1748279040398.0,48635.0,48655.0
1748279050881.0,48636.3,48656.3
1748279050981.0,48637.5,48657.5
1748279068332.0,48635.0,48655.0
1748279068822.0,48636.2,48656.2
1748279068922,,
1748279159573,,
1748279161174,,
1748279161273.0,48634.8,48654.8
1748279169371.0,48633.7,48653.7
1748279222575.0,48632.5,48652.5
1748279303503.0,48628.9,48648.9
1748279303602.0,48627.5,48647.5
1748279305716.0,48626.4,48646.4
1748279305815.0,48625.0,48645.0
1748279319715.0,48622.5,48642.5
1748279322632.0,48621.4,48641.4
1748279322733.0,48620.0,48640.0
1748279372212.0,48618.7,48638.7
1748279372312.0,48617.5,48637.5
1748279381847,,
1748279388131.0,48616.4,48636.4
1748279388435.0,48617.5,48637.5
1748279388646.0,48616.2,48636.2
1748279388746.0,48615.0,48635.0
1748279390148.0,48613.9,48633.9
1748279390248.0,48608.7,48628.7
1748279390415.0,48607.4,48627.4
1748279390515.0,48607.5,48627.5
1748279390833.0,48608.7,48628.7
1748279390949.0,48606.2,48626.2
1748279391048.0,48607.5,48627.5
1748279391193.0,48608.7,48628.7
1748279391393.0,48606.2,48626.2
1748279391494.0,48608.7,48628.7
1748279391714.0,48606.2,48626.2
1748279391815.0,48608.7,48628.7
1748279392111.0,48606.2,48626.2
1748279392313.0,48606.2,48626.2
1748279392411.0,48608.7,48628.7
1748279392657.0,48607.5,48627.5
1748279392757.0,48608.7,48628.7
1748279393015.0,48607.5,48627.5
1748279393216.0,48606.2,48626.2
1748279393317.0,48607.5,48627.5
1748279393680.0,48606.2,48626.2
1748279393780.0,48607.5,48627.5
1748279393881.0,48608.7,48628.7
1748279411030.0,48607.4,48627.4
1748279411130.0,48604.9,48624.9
1748279411231.0,48602.5,48622.5
1748279413786.0,48600.0,48620.0
1748279413985.0,48597.5,48617.5
1748279417381.0,48595.0,48615.0
1748279430245.0,48597.5,48617.5
1748279580009.0,48597.6,48617.6
1748279612882,,
1748279612982.0,48595.1,48615.1
1748279628158.0,48592.4,48612.4
1748279628257.0,48591.2,48611.2
1748279690693.0,48593.7,48613.7
1748279690793.0,48595.1,48615.1
1748279691195,,
1748279710056.0,48593.7,48613.7
1748279710155.0,48592.6,48612.6
1748279712736,,
1748279720414,,
1748279734330,,
1748279734431.0,48597.6,48617.6
1748279734530.0,48596.2,48616.2
1748279734630.0,48595.1,48615.1
1748279745339.0,48592.6,48612.6
1748279745438,,
1748279756265.0,48582.6,48602.6
1748279760345,,
1748279760693.0,48585.1,48605.1
1748279760934.0,48586.4,48606.4
1748279761719.0,48587.6,48607.6
1748279761819.0,48588.9,48608.9
1748279795632.0,48590.3,48610.3
1748279795733.0,48591.4,48611.4
1748279798979.0,48588.9,48608.9
1748279805398.0,48591.4,48611.4
1748279807309.0,48590.3,48610.3
1748279807410.0,48588.9,48608.9
1748279818404.0,48591.4,48611.4
1748279853761,,
1748279853859.0,48597.6,48617.6
1748279890902,,
1748279891003.0,48600.3,48620.3
1748279891357,,
1748279899679,,
1748279917962,,
1748279921994.0,48601.6,48621.6
1748279922093.0,48602.8,48622.8
1748279922683.0,48601.4,48621.4
1748279925332.0,48603.9,48623.9
1748279937350.0,48602.6,48622.6
1748279937451.0,48601.4,48621.4
1748279964086.0,48592.4,48612.4
1748279964184.0,48591.1,48611.1
1748279994573.0,48588.6,48608.6
1748279997748.0,48584.9,48604.9
1748280003175,,
1748280018677.0,48588.9,48608.9
1748280035210,,
1748280035309.0,48599.7,48619.7
1748280063708.0,48599.3,48619.3
1748280065931.0,48597.0,48617.0
1748280068849.0,48599.3,48619.3
1748280070762.0,48595.6,48615.6
1748280210028.0,48595.7,48615.7
1748280282791.0,48601.5,48621.5
1748280282892.0,48602.6,48622.6
1748280303485.0,48606.3,48626.3
1748280334509,,
1748280334608.0,48604.0,48624.0
1748280402981.0,48606.3,48626.3
1748280582966.0,48603.8,48623.8
1748280587952.0,48601.5,48621.5
1748280606091.0,48600.1,48620.1
1748280606603.0,48601.5,48621.5
1748280606703.0,48600.1,48620.1
1748280611657.0,48601.5,48621.5
1748280611857.0,48600.1,48620.1
1748280615017.0,48599.0,48619.0
1748280852216.0,48601.3,48621.3
1748281035022.0,48601.4,48621.4
1748281221920,,
1748281222022.0,48605.2,48625.2
1748281260869.0,48610.2,48630.2
1748281260969.0,48611.6,48631.6
1748281349724.0,48614.1,48634.1
1748281369464.0,48615.4,48635.4
1748281369564.0,48617.7,48637.7
1748281383406.0,48627.7,48647.7
1748281387195.0,48635.2,48655.2
1748281412987,,
1748281413086.0,48631.4,48651.4
1748281413387.0,48630.2,48650.2
1748281413487.0,48627.5,48647.5
1748281413759,,
1748281413858.0,48630.2,48650.2
1748281414361.0,48626.6,48646.6
1748281414859.0,48630.2,48650.2
1748281431999.0,48628.9,48648.9
1748281432098.0,48625.2,48645.2
1748281432544,,
1748281434660.0,48627.7,48647.7
1748281437687.0,48626.4,48646.4
1748281438152.0,48625.2,48645.2
1748281458209.0,48627.7,48647.7
1748281468200.0,48625.2,48645.2
1748281468300.0,48627.7,48647.7
1748281468400.0,48625.2,48645.2
1748281468500.0,48626.4,48646.4
1748281469255.0,48625.2,48645.2
1748281484735.0,48630.2,48650.2
1748281485273.0,48628.9,48648.9
1748281486858.0,48630.2,48650.2
1748281499631.0,48631.6,48651.6
1748281499729.0,48630.2,48650.2
1748281514731,,
1748281515304.0,48627.7,48647.7
1748281522986.0,48629.1,48649.1
1748281523085.0,48627.7,48647.7
1748281524572,,
1748281524673.0,48629.1,48649.1
1748281525991.0,48628.9,48648.9
1748281526090.0,48627.7,48647.7
1748281528597.0,48629.1,48649.1
1748281528698.0,48630.2,48650.2
1748281534711.0,48627.7,48647.7
1748281544732.0,48629.1,48649.1
1748281544832.0,48628.9,48648.9
1748281545014.0,48627.7,48647.7
1748281547083.0,48629.1,48649.1
1748281547181.0,48630.2,48650.2
1748281551882.0,48628.9,48648.9
1748281551981.0,48627.7,48647.7
1748281553335.0,48629.1,48649.1
1748281553435.0,48630.2,48650.2
1748281560211.0,48628.9,48648.9
1748281560310.0,48627.7,48647.7
1748281563217.0,48628.9,48648.9
1748281563318.0,48627.7,48647.7
1748281563418.0,48628.9,48648.9
1748281575009.0,48627.7,48647.7
1748281577733.0,48629.1,48649.1
1748281577833.0,48627.7,48647.7
1748281586052.0,48629.1,48649.1
1748281586152.0,48627.7,48647.7
1748281596514.0,48630.2,48650.2
1748281596613.0,48628.9,48648.9
1748281605007.0,48627.7,48647.7
1748281608352.0,48629.1,48649.1
1748281608607.0,48630.2,48650.2
1748281608807.0,48627.7,48647.7
1748281618929.0,48632.7,48652.7
1748281624565.0,48631.6,48651.6
1748281624764.0,48632.7,48652.7
1748281657609.0,48632.8,48652.8
1748281657710.0,48630.3,48650.3
1748281680182.0,48631.6,48651.6
1748281695013.0,48632.8,48652.8
1748281709141,,
1748281719383.0,48631.4,48651.4
1748281719483.0,48632.8,48652.8
1748281736151.0,48631.4,48651.4
1748281736251.0,48631.6,48651.6
1748281736351.0,48632.8,48652.8
1748281744336.0,48631.4,48651.4
1748281744436.0,48632.8,48652.8
1748281764646.0,48630.3,48650.3
1748281774718.0,48632.8,48652.8
1748281799853.0,48634.1,48654.1
1748281867647,,
1748281867748.0,48637.8,48657.8
1748281868498,,
1748281869699,,
1748281873254,,
1748281873355,,
1748281875548,,
1748282166572,,
1748282169065.0,48639.1,48659.1
1748282169429.0,48637.8,48657.8
1748282188519.0,48640.3,48660.3
1748282188619.0,48637.8,48657.8
1748282206103.0,48639.1,48659.1
1748282206201.0,48639.0,48659.0
1748282220019.0,48637.8,48657.8
1748282223943.0,48639.1,48659.1
1748282224043.0,48640.3,48660.3
1748282224142.0,48637.8,48657.8
1748282231299.0,48639.1,48659.1
1748282231398.0,48640.3,48660.3
1748282232473.0,48639.0,48659.0
1748282232574.0,48637.8,48657.8
1748282245260.0,48639.1,48659.1
1748282245361.0,48640.3,48660.3
1748282245461.0,48639.0,48659.0
1748282250016.0,48637.8,48657.8
1748282341351.0,48640.3,48660.3
1748282343536.0,48637.8,48657.8
1748282344036.0,48639.2,48659.2
1748282344136.0,48640.3,48660.3
1748282344236.0,48637.8,48657.8
1748282347563.0,48639.2,48659.2
1748282347663.0,48640.3,48660.3
1748282347763.0,48639.0,48659.0
1748282353339.0,48639.2,48659.2
1748282353439.0,48640.3,48660.3
1748282388040.0,48639.2,48659.2
1748282388241.0,48640.3,48660.3
1748282390545.0,48642.8,48662.8
1748282390641.0,48640.3,48660.3
1748282398196.0,48642.8,48662.8
1748282462087.0,48644.2,48664.2
1748282462188.0,48645.3,48665.3
1748282463095,,
1748282463195.0,48646.7,48666.7
1748282464771.0,48647.8,48667.8
1748282464872.0,48649.2,48669.2
1748282473460,,
1748282480700.0,48650.3,48670.3
1748282480800.0,48649.2,48669.2
1748282480900.0,48650.5,48670.5
1748282481282.0,48649.2,48669.2
1748282515474.0,48650.3,48670.3
1748282515576.0,48649.2,48669.2
1748282515674.0,48651.7,48671.7
1748282520230.0,48655.3,48675.3
1748282524658,,
1748282526902.0,48657.8,48677.8
1748282527103.0,48655.3,48675.3
1748282531602.0,48656.7,48676.7
1748282531701.0,48657.8,48677.8
1748282531802.0,48655.3,48675.3
1748282531982.0,48657.8,48677.8
1748282532136.0,48655.3,48675.3
1748282534185.0,48656.7,48676.7
1748282534285.0,48657.8,48677.8
1748282534383.0,48656.5,48676.5
1748282535018.0,48655.3,48675.3
1748282535811.0,48657.8,48677.8
1748282535960.0,48655.3,48675.3
1748282539753.0,48656.7,48676.7
1748282539853.0,48656.5,48676.5
1748282540809.0,48656.7,48676.7
1748282540909.0,48657.8,48677.8
1748282543788.0,48656.5,48676.5
1748282543887.0,48655.3,48675.3
1748282544438.0,48657.8,48677.8
1748282544804.0,48656.5,48676.5
1748282544909.0,48657.8,48677.8
1748282545108.0,48655.3,48675.3
1748282545208.0,48656.7,48676.7
1748282545362.0,48655.3,48675.3
1748282545563.0,48656.7,48676.7
1748282545663.0,48655.3,48675.3
1748282545762.0,48657.8,48677.8
1748282558955.0,48659.0,48679.0
1748282559053.0,48660.3,48680.3
1748282569042.0,48661.5,48681.5
1748282569143.0,48662.8,48682.8
1748282572681.0,48660.3,48680.3
1748282572779.0,48662.8,48682.8
1748282640302.0,48664.2,48684.2
1748282641225.0,48664.0,48684.0
1748282641325.0,48662.8,48682.8
1748282643427.0,48664.2,48684.2
1748282643528.0,48662.8,48682.8
1748282643849.0,48664.2,48684.2
1748282655016.0,48665.3,48685.3
1748282695966.0,48664.0,48684.0
1748282696066.0,48662.9,48682.9
1748282698397.0,48664.2,48684.2
1748282698496.0,48662.9,48682.9
1748282699007,,
1748282824280,,
1748282824381.0,48666.5,48686.5
1748282828317.0,48667.9,48687.9
1748282828417.0,48669.0,48689.0
1748282832390.0,48670.4,48690.4
1748282842089.0,48669.2,48689.2
1748282842189.0,48667.9,48687.9
1748282844176.0,48660.2,48680.2
1748282864859.0,48657.7,48677.7
1748282895940,,
1748282897946.0,48656.4,48676.4
1748282898047.0,48652.7,48672.7
1748282953463,,
1748282953562.0,48654.2,48674.2
1748282954623.0,48652.9,48672.9
1748283018890,,
1748283019189.0,48651.5,48671.5
1748283020289.0,48650.4,48670.4
1748283020691.0,48651.5,48671.5
1748283020890.0,48650.4,48670.4
1748283022390.0,48651.5,48671.5
1748283022489.0,48650.4,48670.4
1748283022591.0,48651.5,48671.5
1748283022690.0,48650.4,48670.4
1748283039616.0,48647.9,48667.9
1748283096328.0,48649.1,48669.1
1748283099645.0,48646.7,48666.7
1748283103255.0,48645.4,48665.4
1748283103356.0,48644.1,48664.1
1748283119965.0,48647.9,48667.9
1748283123645.0,48645.4,48665.4
1748283146583.0,48644.2,48664.2
1748283153940.0,48642.9,48662.9
1748283154041.0,48641.6,48661.6
1748283158148.0,48637.9,48657.9
1748283170556,,
1748283170786,,
1748283170886,,
1748283235690,,
1748283240332.0,48656.7,48676.7
1748283330021.0,48656.8,48676.8
1748283341457,,
1748283341558.0,48662.9,48682.9
1748283342202.0,48665.4,48685.4
1748283367634.0,48664.1,48684.1
1748283367735.0,48662.9,48682.9
1748283371839.0,48665.4,48685.4
1748283372039.0,48662.9,48682.9
1748283384290.0,48665.4,48685.4
1748283400831.0,48664.3,48684.3
1748283400932.0,48662.9,48682.9
1748283439053.0,48664.3,48684.3
1748283439154.0,48665.4,48685.4
1748283443592.0,48664.1,48684.1
1748283443692.0,48662.9,48682.9
1748283454428.0,48665.4,48685.4
1748283457848.0,48664.1,48684.1
1748283457950.0,48662.9,48682.9
1748283459128.0,48665.4,48685.4
1748283459544.0,48662.9,48682.9
1748283459643.0,48667.7,48687.7
1748283459743.0,48666.4,48686.4
1748283461965,,
1748283525761.0,48666.6,48686.6
1748283526242.0,48661.9,48681.9
1748283526342.0,48657.9,48677.9
1748283614452,,
1748283667804.0,48656.8,48676.8
1748283667903.0,48650.4,48670.4
1748283678206,,
1748283678306.0,48644.1,48664.1
1748283694734.0,48641.8,48661.8
1748283694835.0,48650.4,48670.4
1748283695054.0,48649.3,48669.3
1748283697052.0,48648.1,48668.1
1748283697154.0,48649.3,48669.3
1748283699153.0,48648.1,48668.1
1748283699252.0,48649.3,48669.3
1748283700055.0,48650.4,48670.4
1748283700155.0,48649.3,48669.3
1748283701057.0,48650.4,48670.4
1748283701159.0,48649.3,48669.3
1748283702155.0,48648.1,48668.1
1748283703053.0,48649.3,48669.3
1748283804221,,
1748283804320.0,48650.5,48670.5
1748283808840.0,48651.6,48671.6
1748283810020.0,48650.5,48670.5
1748283812182.0,48651.6,48671.6
1748283812282.0,48650.5,48670.5
1748283813361.0,48651.6,48671.6
1748283813560.0,48650.5,48670.5
1748283817607.0,48651.6,48671.6
1748283817706,,
1748283825010.0,48650.5,48670.5
1748283829380.0,48651.6,48671.6
1748283829482.0,48655.6,48675.6
1748283837915.0,48656.8,48676.8
1748283838005.0,48655.5,48675.5
1748283846943.0,48654.3,48674.3
1748283914148.0,48655.6,48675.6
1748283973339.0,48656.8,48676.8
1748283973440.0,48653.0,48673.0
1748284020214.0,48654.3,48674.3
1748284020313.0,48657.0,48677.0
1748284020413.0,48659.3,48679.3
1748284035015.0,48660.5,48680.5
1748284077168,,
1748284077268.0,48669.1,48689.1
1748284082695,,
1748284082795.0,48679.3,48699.3
1748284087812.0,48681.8,48701.8
1748284097167,,
1748284097269.0,48683.2,48703.2
1748284098094.0,48684.3,48704.3
1748284098194.0,48691.8,48711.8
1748284100309.0,48691.6,48711.6
1748284100408.0,48690.5,48710.5
1748284117170.0,48695.5,48715.5
1748284117498.0,48696.7,48716.7
1748284117808.0,48695.5,48715.5
1748284119632.0,48696.7,48716.7
1748284119968.0,48698.0,48718.0
1748284120067.0,48695.5,48715.5
1748284120447.0,48698.0,48718.0
1748284120549.0,48695.5,48715.5
1748284136280.0,48696.7,48716.7
1748284136381.0,48695.5,48715.5
1748284136745.0,48698.0,48718.0
1748284137165.0,48699.2,48719.2
1748284156332,,
1748284156534.0,48690.5,48710.5
1748284156633.0,48689.2,48709.2
1748284156934.0,48689.2,48709.2
1748284157069.0,48691.7,48711.7
1748284157169.0,48690.3,48710.3
1748284157328.0,48689.2,48709.2
1748284157690.0,48690.3,48710.3
1748284157790.0,48689.2,48709.2
1748284159620.0,48690.3,48710.3
1748284159721.0,48691.7,48711.7
1748284159820.0,48689.2,48709.2
1748284160135.0,48690.3,48710.3
1748284160234.0,48689.2,48709.2
1748284160402.0,48690.3,48710.3
1748284160501.0,48689.2,48709.2
1748284160701.0,48691.7,48711.7
1748284160803.0,48689.2,48709.2
1748284161290.0,48690.3,48710.3
1748284162057.0,48689.2,48709.2
1748284162290.0,48690.3,48710.3
1748284162490.0,48690.5,48710.5
1748284162588.0,48690.3,48710.3
1748284162814.0,48690.5,48710.5
1748284162916.0,48689.2,48709.2
1748284163221.0,48690.3,48710.3
1748284163319.0,48689.2,48709.2
1748284163420.0,48690.3,48710.3
1748284163735.0,48691.7,48711.7
1748284163836.0,48689.2,48709.2
1748284164113.0,48690.5,48710.5
1748284164212.0,48689.2,48709.2
1748284164932.0,48690.3,48710.3
1748284165032.0,48689.2,48709.2
1748284165379.0,48690.3,48710.3
1748284165797.0,48689.2,48709.2
1748284165895.0,48687.8,48707.8
1748284182242.0,48681.7,48701.7
None,,
