1748268000049.0,1.19182,1.19212
1748268000548.0,1.19184,1.19214
1748268000797.0,1.19183,1.19213
1748268001296.0,1.19184,1.19214
1748268002121.0,1.19182,1.19212
1748268002370.0,1.19183,1.19213
1748268002870.0,1.19185,1.19215
1748268003120.0,1.19184,1.19214
1748268004446.0,1.19185,1.19215
1748268008907.0,1.19184,1.19214
1748268011288.0,1.19185,1.19215
1748268011535.0,1.19186,1.19216
1748268013286.0,1.19185,1.19215
1748268014791.0,1.19184,1.19214
1748268019389.0,1.19186,1.19216
1748268019639.0,1.19187,1.19217
1748268020234.0,1.19186,1.19216
1748268020480.0,1.19184,1.19214
1748268026401.0,1.19183,1.19213
1748268026901.0,1.19184,1.19214
1748268027150.0,1.19186,1.19216
1748268028179.0,1.19184,1.19214
1748268028678.0,1.19185,1.19215
1748268028928.0,1.19187,1.19217
1748268029745.0,1.19186,1.19216
1748268033899.0,1.19184,1.19214
1748268034147.0,1.19185,1.19215
1748268035906.0,1.19184,1.19214
1748268039815.0,1.19185,1.19215
1748268040065.0,1.19187,1.19217
1748268042423.0,1.19189,1.19219
1748268044523.0,1.19191,1.19221
1748268048430.0,1.19192,1.19222
1748268051297.0,1.1919,1.1922
1748268051547.0,1.19192,1.19222
1748268055359.0,1.19191,1.19221
1748268056169.0,1.1919,1.1922
1748268056418.0,1.19189,1.19219
1748268058297.0,1.19188,1.19218
1748268059139.0,1.19186,1.19216
1748268059390.0,1.19183,1.19213
1748268060385.0,1.19184,1.19214
1748268061018.0,1.19183,1.19213
1748268061267.0,1.19184,1.19214
1748268061516.0,1.19182,1.19212
1748268069028.0,1.19183,1.19213
1748268071213.0,1.19184,1.19214
1748268071461.0,1.19185,1.19215
1748268071713.0,1.19184,1.19214
1748268072212.0,1.19185,1.19215
1748268074282.0,1.19184,1.19214
1748268075406.0,1.19185,1.19215
1748268077239.0,1.19186,1.19216
1748268079077.0,1.19185,1.19215
1748268080414.0,1.19187,1.19217
1748268080915.0,1.19188,1.19218
1748268081471.0,1.19186,1.19216
1748268081971.0,1.19187,1.19217
1748268089244.0,1.19186,1.19216
1748268091258.0,1.19185,1.19215
1748268091506.0,1.19188,1.19208
1748268091756.0,1.19187,1.19207
1748268092507.0,1.1919,1.1921
1748268098561.0,1.19189,1.19209
1748268099054.0,1.19182,1.19212
1748268099930.0,1.19183,1.19213
1748268100429.0,1.19184,1.19214
1748268101431.0,1.19182,1.19212
1748268103956.0,1.1918,1.1921
1748268104966.0,1.19181,1.19211
1748268106317.0,1.19182,1.19212
1748268106568.0,1.19184,1.19214
1748268110836.0,1.19185,1.19215
1748268111384.0,1.19184,1.19214
1748268113651.0,1.19182,1.19212
1748268114155.0,1.19184,1.19214
1748268115033.0,1.19187,1.19217
1748268121636.0,1.19188,1.19218
1748268131995.0,1.1919,1.1922
1748268132493.0,1.19191,1.19221
1748268136998.0,1.19193,1.19223
1748268137907.0,1.19192,1.19222
1748268140631.0,1.19193,1.19223
1748268141637.0,1.19194,1.19214
1748268141889.0,1.1919,1.1922
1748268145044.0,1.19191,1.19221
1748268145565.0,1.1919,1.1922
1748268149321.0,1.19194,1.19214
1748268150602.0,1.19193,1.19213
1748268151083.0,1.19192,1.19212
1748268152875.0,1.19194,1.19214
1748268153124.0,1.19188,1.19218
1748268154131.0,1.19191,1.19221
1748268157638.0,1.1919,1.1922
1748268159296.0,1.19196,1.19216
1748268160216.0,1.19195,1.19215
1748268160467.0,1.19194,1.19214
1748268160729.0,1.19191,1.19211
1748268160975.0,1.19185,1.19205
1748268161219.0,1.19187,1.19207
1748268161968.0,1.19186,1.19206
1748268162220.0,1.19185,1.19205
1748268162471.0,1.19181,1.19211
1748268166017.0,1.19179,1.19209
1748268174074.0,1.19184,1.19204
1748268178150.0,1.19182,1.19202
1748268184914.0,1.19174,1.19204
1748268185413.0,1.19175,1.19205
1748268185912.0,1.19174,1.19204
1748268186907.0,1.19175,1.19205
1748268189909.0,1.19174,1.19204
1748268192902.0,1.19175,1.19195
1748268194009.0,1.19173,1.19193
1748268194252.0,1.19174,1.19194
1748268195036.0,1.19175,1.19195
1748268195535.0,1.19172,1.19192
1748268198109.0,1.19171,1.19191
1748268198357.0,1.1917,1.1919
1748268200056.0,1.19164,1.19194
1748268200305.0,1.19167,1.19187
1748268204363.0,1.19161,1.19191
1748268204613.0,1.19165,1.19185
1748268205137.0,1.19164,1.19184
1748268207702.0,1.1916,1.1919
1748268209116.0,1.19165,1.19185
1748268209365.0,1.19166,1.19186
1748268210215.0,1.19161,1.19191
1748268211331.0,1.1916,1.1919
1748268214103.0,1.19159,1.19189
1748268214351.0,1.19163,1.19183
1748268218031.0,1.19159,1.19189
1748268218531.0,1.19158,1.19188
1748268219281.0,1.19162,1.19182
1748268220737.0,1.19156,1.19186
1748268221372.0,1.19157,1.19187
1748268221623.0,1.19164,1.19184
1748268222369.0,1.19158,1.19188
1748268224250.0,1.19157,1.19187
1748268226714.0,1.19158,1.19188
1748268227760.0,1.19155,1.19185
1748268229304.0,1.19157,1.19187
1748268229550.0,1.19155,1.19185
1748268240214.0,1.19154,1.19184
1748268240470.0,1.19155,1.19185
1748268243420.0,1.19151,1.19181
1748268244183.0,1.19152,1.19182
1748268245184.0,1.19155,1.19175
1748268248646.0,1.1915,1.1918
1748268251817.0,1.19145,1.19175
1748268252059.0,1.19148,1.19178
1748268254867.0,1.19147,1.19177
1748268258912.0,1.19146,1.19176
1748268259161.0,1.19143,1.19173
1748268259406.0,1.19142,1.19172
1748268259652.0,1.1914,1.1917
1748268259900.0,1.19143,1.19173
1748268260401.0,1.19142,1.19172
1748268261308.0,1.19141,1.19171
1748268264308.0,1.1914,1.1917
1748268268346.0,1.19142,1.19172
1748268269596.0,1.19143,1.19173
1748268270856.0,1.19142,1.19172
1748268271856.0,1.19141,1.19171
1748268272524.0,1.1914,1.1917
1748268272773.0,1.19141,1.19171
1748268273018.0,1.1914,1.1917
1748268273518.0,1.19138,1.19168
1748268274266.0,1.1914,1.1917
1748268279295.0,1.19138,1.19168
1748268279545.0,1.1914,1.1917
1748268291121.0,1.19139,1.19169
1748268291370.0,1.1914,1.1917
1748268299306.0,1.19139,1.19169
1748268300599.0,1.19138,1.19168
1748268305761.0,1.19139,1.19169
1748268306557.0,1.1914,1.1917
1748268306808.0,1.19142,1.19172
1748268307056.0,1.19141,1.19171
1748268307605.0,1.19142,1.19172
1748268307855.0,1.19143,1.19173
1748268308624.0,1.19149,1.19169
1748268310388.0,1.19143,1.19173
1748268318003.0,1.19145,1.19165
1748268319029.0,1.1914,1.1917
1748268321472.0,1.19138,1.19168
1748268321724.0,1.19137,1.19167
1748268322532.0,1.19138,1.19168
1748268323591.0,1.1914,1.1917
1748268324528.0,1.19138,1.19168
1748268325527.0,1.1914,1.1917
1748268326707.0,1.19141,1.19171
1748268330273.0,1.1914,1.1917
1748268330765.0,1.19141,1.19171
1748268331586.0,1.1914,1.1917
1748268331838.0,1.19141,1.19171
1748268332336.0,1.1914,1.1917
1748268333086.0,1.19139,1.19169
1748268335383.0,1.19141,1.19171
1748268335900.0,1.19139,1.19169
1748268337474.0,1.19141,1.19171
1748268337973.0,1.19139,1.19169
1748268342173.0,1.1914,1.1917
1748268343449.0,1.19139,1.19169
1748268343700.0,1.1914,1.1917
1748268346363.0,1.19141,1.19171
1748268350837.0,1.1914,1.1917
1748268352245.0,1.19141,1.19171
1748268355137.0,1.1914,1.1917
1748268355384.0,1.19141,1.19171
1748268355635.0,1.1914,1.1917
1748268355883.0,1.19141,1.19171
1748268357834.0,1.1914,1.1917
1748268358084.0,1.19141,1.19171
1748268361408.0,1.19142,1.19172
1748268361656.0,1.19141,1.19171
1748268362151.0,1.19143,1.19173
1748268363184.0,1.19145,1.19175
1748268363433.0,1.19143,1.19173
1748268365405.0,1.19144,1.19174
1748268366566.0,1.19145,1.19175
1748268367345.0,1.19144,1.19174
1748268369313.0,1.19143,1.19173
1748268378903.0,1.19144,1.19174
1748268381022.0,1.19143,1.19173
1748268381524.0,1.19149,1.19169
1748268382446.0,1.19148,1.19168
1748268385372.0,1.19149,1.19169
1748268386934.0,1.19148,1.19168
1748268387181.0,1.19149,1.19169
1748268389511.0,1.19144,1.19174
1748268389757.0,1.19145,1.19175
1748268392773.0,1.19144,1.19174
1748268394299.0,1.19145,1.19175
1748268397566.0,1.19147,1.19177
1748268398574.0,1.19149,1.19179
1748268398820.0,1.19147,1.19177
1748268400451.0,1.19148,1.19178
1748268400696.0,1.19147,1.19177
1748268401257.0,1.19148,1.19178
1748268407036.0,1.1915,1.1918
1748268407287.0,1.19149,1.19179
1748268409066.0,1.19148,1.19178
1748268412533.0,1.19149,1.19179
1748268414470.0,1.19148,1.19178
1748268414717.0,1.19149,1.19179
1748268416035.0,1.19148,1.19178
1748268417316.0,1.19147,1.19177
1748268419316.0,1.19148,1.19178
1748268437258.0,1.19147,1.19177
1748268440395.0,1.19148,1.19178
1748268447657.0,1.19153,1.19173
1748268447896.0,1.19148,1.19178
1748268448317.0,1.19147,1.19177
1748268450319.0,1.19148,1.19178
1748268451434.0,1.19153,1.19173
1748268451681.0,1.19149,1.19169
1748268452170.0,1.19144,1.19174
1748268453079.0,1.19145,1.19175
1748268455098.0,1.19144,1.19174
1748268456895.0,1.19145,1.19175
1748268457147.0,1.19149,1.19169
1748268459992.0,1.1915,1.1917
1748268460497.0,1.19151,1.19171
1748268462857.0,1.19152,1.19172
1748268463866.0,1.19147,1.19177
1748268465915.0,1.19148,1.19178
1748268466168.0,1.19154,1.19174
1748268466417.0,1.19148,1.19178
1748268466916.0,1.19147,1.19177
1748268468985.0,1.19148,1.19178
1748268469995.0,1.19147,1.19177
1748268471997.0,1.19148,1.19178
1748268473301.0,1.19157,1.19177
1748268473542.0,1.19156,1.19176
1748268474820.0,1.19158,1.19178
1748268475616.0,1.19159,1.19179
1748268476167.0,1.19154,1.19184
1748268476725.0,1.19153,1.19183
1748268476975.0,1.19158,1.19178
1748268477218.0,1.19154,1.19184
1748268477727.0,1.19152,1.19182
1748268478791.0,1.19151,1.19181
1748268479736.0,1.19152,1.19182
1748268480737.0,1.19151,1.19181
1748268481872.0,1.1915,1.1918
1748268482121.0,1.19155,1.19175
1748268484695.0,1.19151,1.19181
1748268484946.0,1.1915,1.1918
1748268485876.0,1.19151,1.19181
1748268488026.0,1.1915,1.1918
1748268492842.0,1.19156,1.19176
1748268493092.0,1.19157,1.19177
1748268494856.0,1.19156,1.19176
1748268495107.0,1.19157,1.19177
1748268504158.0,1.19158,1.19178
1748268505403.0,1.19157,1.19177
1748268505654.0,1.19158,1.19178
1748268505905.0,1.19157,1.19177
1748268506403.0,1.19158,1.19178
1748268509980.0,1.19159,1.19179
1748268510227.0,1.19162,1.19182
1748268510476.0,1.19155,1.19185
1748268511461.0,1.19154,1.19184
1748268511960.0,1.19153,1.19183
1748268512702.0,1.19151,1.19181
1748268513203.0,1.19152,1.19182
1748268513952.0,1.1915,1.1918
1748268514203.0,1.19152,1.19182
1748268514705.0,1.19153,1.19183
1748268521980.0,1.19152,1.19182
1748268524988.0,1.19153,1.19183
1748268526270.0,1.19151,1.19181
1748268526854.0,1.19153,1.19183
1748268527105.0,1.19154,1.19184
1748268527355.0,1.19155,1.19185
1748268528667.0,1.19154,1.19184
1748268534225.0,1.19156,1.19176
1748268534473.0,1.19151,1.19181
1748268534724.0,1.19152,1.19182
1748268540331.0,1.19155,1.19175
1748268541913.0,1.19148,1.19178
1748268555354.0,1.19144,1.19174
1748268555963.0,1.19145,1.19175
1748268556724.0,1.19142,1.19172
1748268557207.0,1.19143,1.19173
1748268558550.0,1.1914,1.1917
1748268559547.0,1.19141,1.19171
1748268560297.0,1.19145,1.19165
1748268561296.0,1.1914,1.1917
1748268562347.0,1.19139,1.19169
1748268564715.0,1.19143,1.19163
1748268565699.0,1.19138,1.19168
1748268566875.0,1.19137,1.19167
1748268567410.0,1.19138,1.19168
1748268567659.0,1.19137,1.19167
1748268568408.0,1.19136,1.19166
1748268568908.0,1.19143,1.19163
1748268569694.0,1.19145,1.19165
1748268569946.0,1.19143,1.19173
1748268572317.0,1.19144,1.19174
1748268574312.0,1.19143,1.19173
1748268575346.0,1.19144,1.19174
1748268579204.0,1.19143,1.19173
1748268579441.0,1.19142,1.19172
1748268580381.0,1.19143,1.19173
1748268580985.0,1.19141,1.19171
1748268581985.0,1.19142,1.19172
1748268582993.0,1.19143,1.19173
1748268589677.0,1.19144,1.19174
1748268593675.0,1.19143,1.19173
1748268598522.0,1.19144,1.19174
1748268598768.0,1.19152,1.19172
1748268599262.0,1.19147,1.19177
1748268603106.0,1.19146,1.19176
1748268603953.0,1.19145,1.19175
1748268605037.0,1.19146,1.19176
1748268605288.0,1.19145,1.19175
1748268606646.0,1.19143,1.19173
1748268615866.0,1.19148,1.19168
1748268618233.0,1.19143,1.19173
1748268623923.0,1.19144,1.19174
1748268625905.0,1.19143,1.19173
1748268632000.0,1.19142,1.19172
1748268632248.0,1.19143,1.19173
1748268633102.0,1.19142,1.19172
1748268634574.0,1.19143,1.19173
1748268636714.0,1.19142,1.19172
1748268638487.0,1.19141,1.19171
1748268640523.0,1.19142,1.19172
1748268646438.0,1.19143,1.19173
1748268648231.0,1.1915,1.1917
1748268648482.0,1.19145,1.19175
1748268648979.0,1.19147,1.19177
1748268651318.0,1.19148,1.19178
1748268651571.0,1.19147,1.19177
1748268652251.0,1.19148,1.19178
1748268652750.0,1.19147,1.19177
1748268653731.0,1.19148,1.19178
1748268654231.0,1.19147,1.19177
1748268656916.0,1.19148,1.19178
1748268660135.0,1.19149,1.19179
1748268660387.0,1.1915,1.1918
1748268661331.0,1.19151,1.19181
1748268661581.0,1.19152,1.19182
1748268662337.0,1.19151,1.19181
1748268663911.0,1.19152,1.19182
1748268664159.0,1.19153,1.19183
1748268664769.0,1.19155,1.19185
1748268666164.0,1.19154,1.19184
1748268669804.0,1.19153,1.19183
1748268670053.0,1.19154,1.19184
1748268673947.0,1.19153,1.19183
1748268675105.0,1.19154,1.19184
1748268675808.0,1.19153,1.19183
1748268679337.0,1.19152,1.19182
1748268681548.0,1.19155,1.19185
1748268681797.0,1.19154,1.19184
1748268682046.0,1.19155,1.19185
1748268682335.0,1.19154,1.19184
1748268683109.0,1.19153,1.19183
1748268686382.0,1.19154,1.19184
1748268686623.0,1.19153,1.19183
1748268686872.0,1.19154,1.19184
1748268690263.0,1.19153,1.19183
1748268694012.0,1.19152,1.19182
1748268696538.0,1.19154,1.19184
1748268696787.0,1.1915,1.1918
1748268698159.0,1.19155,1.19175
1748268698411.0,1.19154,1.19174
1748268698659.0,1.19153,1.19173
1748268700909.0,1.19152,1.19172
1748268701157.0,1.1915,1.1918
1748268702161.0,1.19151,1.19181
1748268707938.0,1.1915,1.1918
1748268708442.0,1.19149,1.19179
1748268711303.0,1.19155,1.19175
1748268711552.0,1.19151,1.19181
1748268712235.0,1.1915,1.1918
1748268722298.0,1.19149,1.19179
1748268728635.0,1.19155,1.19175
1748268729448.0,1.19149,1.19179
1748268731611.0,1.1915,1.1918
1748268731862.0,1.19151,1.19181
1748268733549.0,1.19152,1.19182
1748268733800.0,1.19151,1.19181
1748268742505.0,1.1915,1.1918
1748268744340.0,1.19149,1.19179
1748268745408.0,1.1915,1.1918
1748268746668.0,1.19146,1.19176
1748268747160.0,1.19148,1.19178
1748268749542.0,1.19149,1.19179
1748268750517.0,1.19148,1.19178
1748268751814.0,1.19149,1.19179
1748268752062.0,1.19155,1.19175
1748268752557.0,1.1915,1.1918
1748268753837.0,1.19149,1.19179
1748268754600.0,1.1915,1.1918
1748268754854.0,1.19149,1.19179
1748268759892.0,1.1915,1.1918
1748268760143.0,1.19149,1.19179
1748268760393.0,1.19155,1.19175
1748268762327.0,1.1915,1.1918
1748268765402.0,1.19151,1.19181
1748268770314.0,1.1915,1.1918
1748268776554.0,1.19155,1.19175
1748268776800.0,1.19154,1.19174
1748268777574.0,1.19153,1.19173
1748268781116.0,1.19154,1.19174
1748268782118.0,1.19153,1.19173
1748268786710.0,1.19154,1.19174
1748268787502.0,1.19153,1.19173
1748268791492.0,1.19151,1.19171
1748268792201.0,1.19153,1.19173
1748268792776.0,1.19152,1.19172
1748268793020.0,1.19148,1.19178
1748268793953.0,1.19147,1.19177
1748268794891.0,1.1915,1.1917
1748268795140.0,1.19147,1.19177
1748268795385.0,1.19146,1.19176
1748268796134.0,1.19145,1.19175
1748268796386.0,1.19148,1.19168
1748268797507.0,1.19144,1.19174
1748268799921.0,1.19148,1.19168
1748268804203.0,1.19149,1.19169
1748268804453.0,1.19144,1.19174
1748268804702.0,1.19143,1.19173
1748268806268.0,1.19144,1.19174
1748268810714.0,1.19145,1.19175
1748268813785.0,1.19142,1.19172
1748268814433.0,1.19143,1.19173
1748268815693.0,1.19146,1.19166
1748268816190.0,1.19147,1.19167
1748268820387.0,1.19144,1.19164
1748268820633.0,1.19143,1.19163
1748268824081.0,1.19139,1.19169
1748268824330.0,1.19138,1.19168
1748268824829.0,1.19137,1.19167
1748268825088.0,1.19143,1.19163
1748268825645.0,1.19137,1.19167
1748268826337.0,1.19138,1.19168
1748268827296.0,1.19142,1.19162
1748268827551.0,1.19137,1.19167
1748268828417.0,1.19143,1.19163
1748268830345.0,1.19137,1.19167
1748268834132.0,1.19143,1.19163
1748268834377.0,1.19137,1.19167
1748268834629.0,1.19143,1.19163
1748268835404.0,1.19144,1.19164
1748268836979.0,1.19143,1.19163
1748268839228.0,1.19144,1.19164
1748268846630.0,1.19145,1.19165
1748268848785.0,1.19144,1.19164
1748268849834.0,1.19145,1.19165
1748268870995.0,1.19141,1.19171
1748268871256.0,1.19148,1.19168
1748268871745.0,1.19146,1.19166
1748268876357.0,1.19148,1.19168
1748268876606.0,1.19143,1.19163
1748268876856.0,1.1914,1.1916
1748268877356.0,1.19141,1.19161
1748268877857.0,1.19135,1.19165
1748268878854.0,1.19134,1.19164
1748268879354.0,1.19135,1.19165
1748268881772.0,1.19137,1.19167
1748268886354.0,1.19139,1.19169
1748268887517.0,1.19143,1.19163
1748268887766.0,1.19138,1.19168
1748268888516.0,1.19139,1.19169
1748268891700.0,1.19136,1.19166
1748268892517.0,1.19135,1.19165
1748268892769.0,1.19134,1.19164
1748268894893.0,1.19139,1.19159
1748268896258.0,1.1914,1.1916
1748268897956.0,1.19139,1.19159
1748268898572.0,1.19137,1.19157
1748268898820.0,1.19136,1.19156
1748268900195.0,1.19131,1.19151
1748268906348.0,1.19132,1.19152
1748268908343.0,1.19131,1.19151
1748268913799.0,1.19133,1.19153
1748268914357.0,1.19132,1.19152
1748268916394.0,1.19133,1.19153
1748268930957.0,1.19135,1.19155
1748268932256.0,1.19131,1.19151
1748268936961.0,1.19133,1.19153
1748268940587.0,1.19117,1.19147
1748268940836.0,1.19126,1.19146
1748268941079.0,1.19121,1.19151
1748268947315.0,1.19119,1.19149
1748268947565.0,1.1912,1.1915
1748268953347.0,1.19121,1.19151
1748268954593.0,1.19122,1.19152
1748268956275.0,1.19125,1.19155
1748268956526.0,1.19123,1.19153
1748268958147.0,1.19122,1.19152
1748268961771.0,1.19123,1.19153
1748268962274.0,1.19122,1.19152
1748268964652.0,1.19123,1.19153
1748268974999.0,1.19122,1.19152
1748268976338.0,1.19121,1.19151
1748268976578.0,1.19119,1.19149
1748268977226.0,1.1912,1.1915
1748268978754.0,1.19121,1.19151
1748268981547.0,1.1912,1.1915
1748268982046.0,1.19121,1.19151
1748268982544.0,1.1912,1.1915
1748268986025.0,1.19119,1.19149
1748268988026.0,1.1912,1.1915
1748268988796.0,1.19119,1.19149
1748268991456.0,1.19118,1.19148
1748268992529.0,1.19119,1.19149
1748268993682.0,1.19118,1.19148
1748268994908.0,1.19119,1.19149
1748268996162.0,1.19116,1.19146
1748268998815.0,1.19115,1.19145
1748269002451.0,1.19116,1.19146
1748269010369.0,1.19117,1.19147
1748269010620.0,1.19118,1.19148
1748269012810.0,1.19121,1.19141
1748269013062.0,1.19113,1.19143
1748269014988.0,1.19112,1.19142
1748269018112.0,1.19113,1.19143
1748269018862.0,1.19112,1.19142
1748269019112.0,1.19113,1.19143
1748269019859.0,1.19114,1.19144
1748269020225.0,1.19113,1.19143
1748269020469.0,1.19116,1.19136
1748269022628.0,1.19113,1.19143
1748269025967.0,1.19115,1.19135
1748269026217.0,1.19106,1.19136
1748269026466.0,1.19108,1.19138
1748269026967.0,1.19107,1.19137
1748269027467.0,1.19108,1.19138
1748269033601.0,1.19107,1.19137
1748269035404.0,1.19108,1.19138
1748269035655.0,1.19105,1.19135
1748269035904.0,1.19106,1.19136
1748269036716.0,1.19105,1.19135
1748269037688.0,1.19106,1.19136
1748269039616.0,1.19107,1.19137
1748269040855.0,1.19106,1.19136
1748269041877.0,1.19107,1.19137
1748269045433.0,1.19108,1.19138
1748269048949.0,1.19109,1.19139
1748269049200.0,1.19116,1.19136
1748269062472.0,1.19111,1.19141
1748269062719.0,1.19113,1.19143
1748269062971.0,1.19112,1.19142
1748269064804.0,1.19113,1.19143
1748269065554.0,1.19112,1.19142
1748269070984.0,1.19111,1.19141
1748269075064.0,1.19116,1.19136
1748269075832.0,1.19112,1.19142
1748269076332.0,1.19113,1.19143
1748269079515.0,1.19116,1.19136
1748269080019.0,1.19112,1.19142
1748269081714.0,1.19116,1.19136
1748269081964.0,1.19111,1.19141
1748269082214.0,1.19117,1.19137
1748269082708.0,1.19116,1.19136
1748269087723.0,1.19111,1.19141
1748269089440.0,1.1911,1.1914
1748269089690.0,1.19113,1.19143
1748269103772.0,1.19112,1.19142
1748269109116.0,1.19118,1.19138
1748269109771.0,1.19117,1.19137
1748269110020.0,1.19112,1.19142
1748269111078.0,1.19116,1.19136
1748269118147.0,1.19113,1.19143
1748269120407.0,1.19112,1.19142
1748269126617.0,1.19114,1.19144
1748269127462.0,1.19112,1.19142
1748269127710.0,1.19113,1.19143
1748269128587.0,1.19112,1.19142
1748269129602.0,1.19113,1.19143
1748269138581.0,1.19118,1.19138
1748269138833.0,1.19122,1.19142
1748269141042.0,1.19118,1.19148
1748269141292.0,1.19115,1.19145
1748269142022.0,1.1912,1.1915
1748269143016.0,1.19119,1.19149
1748269143766.0,1.19118,1.19148
1748269144266.0,1.19117,1.19147
1748269146068.0,1.19116,1.19146
1748269146811.0,1.19113,1.19143
1748269147047.0,1.1912,1.1914
1748269147541.0,1.19119,1.19139
1748269148043.0,1.19115,1.19145
1748269148542.0,1.19114,1.19144
1748269149996.0,1.1911,1.1914
1748269150247.0,1.19111,1.19141
1748269150993.0,1.1911,1.1914
1748269152168.0,1.19109,1.19139
1748269152417.0,1.19111,1.19141
1748269152666.0,1.1911,1.1914
1748269153396.0,1.19111,1.19141
1748269153646.0,1.19109,1.19139
1748269155941.0,1.19116,1.19136
1748269156969.0,1.19112,1.19142
1748269157466.0,1.19113,1.19143
1748269157968.0,1.19114,1.19144
1748269161727.0,1.19113,1.19143
1748269162760.0,1.19114,1.19144
1748269164355.0,1.19113,1.19143
1748269164604.0,1.19116,1.19146
1748269164849.0,1.19113,1.19143
1748269167420.0,1.19115,1.19145
1748269167670.0,1.19113,1.19143
1748269168175.0,1.19114,1.19144
1748269169037.0,1.19113,1.19143
1748269170195.0,1.19116,1.19146
1748269184146.0,1.19115,1.19145
1748269184648.0,1.19116,1.19146
1748269185556.0,1.19117,1.19147
1748269194730.0,1.19118,1.19148
1748269203690.0,1.19117,1.19147
1748269206067.0,1.19116,1.19146
1748269207865.0,1.19114,1.19144
1748269212497.0,1.19112,1.19142
1748269212750.0,1.19114,1.19144
1748269213432.0,1.19113,1.19143
1748269219045.0,1.19114,1.19144
1748269219293.0,1.1912,1.1914
1748269220322.0,1.19117,1.19147
1748269221694.0,1.19116,1.19146
1748269223367.0,1.19117,1.19147
1748269223867.0,1.19125,1.19145
1748269224116.0,1.19121,1.19151
1748269227058.0,1.19128,1.19148
1748269229116.0,1.19124,1.19154
1748269229947.0,1.19123,1.19153
1748269234194.0,1.19129,1.19149
1748269235411.0,1.1913,1.1915
1748269239169.0,1.19129,1.19149
1748269240520.0,1.19131,1.19151
1748269240770.0,1.1913,1.1915
1748269241270.0,1.19128,1.19148
1748269241519.0,1.19129,1.19149
1748269242368.0,1.1913,1.1915
1748269243327.0,1.19125,1.19155
1748269243845.0,1.19127,1.19147
1748269244095.0,1.19128,1.19148
1748269244846.0,1.19127,1.19147
1748269248193.0,1.19128,1.19148
1748269253368.0,1.19129,1.19149
1748269254660.0,1.19123,1.19153
1748269259191.0,1.19124,1.19154
1748269260211.0,1.19123,1.19153
1748269260711.0,1.19124,1.19154
1748269261713.0,1.19123,1.19153
1748269262848.0,1.19126,1.19156
1748269264607.0,1.19124,1.19154
1748269267192.0,1.19125,1.19155
1748269268462.0,1.19123,1.19153
1748269268981.0,1.19122,1.19152
1748269269231.0,1.19121,1.19151
1748269270092.0,1.19122,1.19152
1748269270345.0,1.19123,1.19153
1748269272618.0,1.19127,1.19147
1748269272868.0,1.1912,1.1915
1748269273120.0,1.19125,1.19145
1748269273619.0,1.19121,1.19151
1748269274370.0,1.19125,1.19155
1748269275404.0,1.19124,1.19154
1748269278617.0,1.19126,1.19156
1748269279111.0,1.19126,1.19156
1748269279359.0,1.19133,1.19153
1748269281609.0,1.19129,1.19159
1748269281860.0,1.19128,1.19158
1748269282368.0,1.19129,1.19159
1748269284053.0,1.19128,1.19158
1748269286312.0,1.19126,1.19156
1748269286562.0,1.19121,1.19151
1748269287765.0,1.19123,1.19153
1748269289530.0,1.19124,1.19154
1748269294183.0,1.19123,1.19153
1748269294429.0,1.19122,1.19152
1748269296185.0,1.19121,1.19151
1748269297187.0,1.19122,1.19152
1748269297976.0,1.1912,1.1915
1748269305781.0,1.19121,1.19151
1748269309515.0,1.1912,1.1915
1748269312312.0,1.19121,1.19151
1748269320208.0,1.1912,1.1915
1748269324802.0,1.19121,1.19151
1748269327535.0,1.19122,1.19152
1748269328031.0,1.19123,1.19153
1748269332036.0,1.19122,1.19152
1748269334264.0,1.19121,1.19151
1748269336272.0,1.19123,1.19153
1748269338307.0,1.19124,1.19154
1748269338805.0,1.19122,1.19152
1748269340561.0,1.19123,1.19153
1748269344260.0,1.19129,1.19149
1748269350615.0,1.19128,1.19148
1748269351115.0,1.19122,1.19152
1748269354388.0,1.19123,1.19153
1748269361856.0,1.19125,1.19155
1748269366781.0,1.1913,1.1915
1748269367531.0,1.19131,1.19151
1748269368031.0,1.19126,1.19156
1748269368531.0,1.19127,1.19157
1748269369030.0,1.19126,1.19156
1748269374375.0,1.19132,1.19162
1748269374619.0,1.19131,1.19161
1748269375107.0,1.1913,1.1916
1748269375609.0,1.19129,1.19159
1748269376696.0,1.19128,1.19158
1748269377196.0,1.1913,1.1916
1748269379616.0,1.1913,1.1916
1748269380118.0,1.19129,1.19159
1748269380618.0,1.19128,1.19158
1748269384130.0,1.19127,1.19157
1748269384383.0,1.19128,1.19158
1748269385146.0,1.19126,1.19156
1748269386088.0,1.19127,1.19157
1748269386586.0,1.19128,1.19158
1748269387877.0,1.19127,1.19157
1748269391775.0,1.19126,1.19156
1748269393597.0,1.19127,1.19157
1748269394579.0,1.19126,1.19156
1748269401075.0,1.19126,1.19156
1748269403378.0,1.19124,1.19154
1748269404376.0,1.19125,1.19155
1748269406072.0,1.19124,1.19154
1748269413901.0,1.19125,1.19155
1748269414154.0,1.19126,1.19156
1748269418054.0,1.19125,1.19155
1748269418305.0,1.19122,1.19152
1748269424042.0,1.19126,1.19156
1748269424291.0,1.19127,1.19157
1748269425169.0,1.19128,1.19158
1748269426669.0,1.19127,1.19157
1748269428325.0,1.19128,1.19158
1748269430377.0,1.19127,1.19157
1748269433377.0,1.19128,1.19158
1748269434377.0,1.19127,1.19157
1748269440203.0,1.19128,1.19158
1748269440699.0,1.19126,1.19156
1748269442278.0,1.19127,1.19157
1748269446206.0,1.19128,1.19158
1748269449693.0,1.19127,1.19157
1748269450422.0,1.1913,1.1916
1748269452278.0,1.19128,1.19158
1748269460008.0,1.19129,1.19159
1748269462974.0,1.19128,1.19158
1748269466130.0,1.19126,1.19156
1748269466375.0,1.19128,1.19158
1748269466613.0,1.19127,1.19157
1748269471494.0,1.19128,1.19158
1748269472894.0,1.19126,1.19156
1748269473390.0,1.19129,1.19159
1748269479377.0,1.19128,1.19158
1748269482378.0,1.19129,1.19159
1748269483114.0,1.19128,1.19158
1748269483364.0,1.19126,1.19156
1748269484295.0,1.19125,1.19155
1748269485404.0,1.19124,1.19154
1748269485661.0,1.19126,1.19156
1748269485912.0,1.19124,1.19154
1748269486406.0,1.19123,1.19153
1748269489675.0,1.19126,1.19156
1748269490777.0,1.19124,1.19154
1748269491377.0,1.19125,1.19155
1748269491627.0,1.19123,1.19153
1748269492946.0,1.19122,1.19152
1748269494085.0,1.19128,1.19148
1748269494586.0,1.19123,1.19153
1748269496847.0,1.19124,1.19154
1748269499226.0,1.19125,1.19155
1748269499728.0,1.19126,1.19156
1748269500226.0,1.19124,1.19154
1748269500475.0,1.19125,1.19155
1748269500725.0,1.19123,1.19153
1748269501549.0,1.19124,1.19154
1748269501798.0,1.19123,1.19153
1748269502293.0,1.19122,1.19152
1748269503958.0,1.19121,1.19151
1748269507119.0,1.19122,1.19152
1748269512715.0,1.19121,1.19151
1748269512965.0,1.19122,1.19152
1748269515106.0,1.19121,1.19151
1748269520905.0,1.19124,1.19144
1748269521156.0,1.19126,1.19146
1748269522462.0,1.1912,1.1915
1748269523387.0,1.19119,1.19149
1748269524174.0,1.1912,1.1915
1748269524422.0,1.19125,1.19145
1748269525411.0,1.19123,1.19143
1748269530336.0,1.19118,1.19148
1748269530835.0,1.19119,1.19149
1748269533917.0,1.19123,1.19153
1748269534414.0,1.19122,1.19152
1748269535403.0,1.19121,1.19151
1748269539945.0,1.19122,1.19152
1748269541007.0,1.19128,1.19148
1748269541977.0,1.19127,1.19147
1748269542477.0,1.19125,1.19155
1748269543387.0,1.19124,1.19154
1748269543645.0,1.19125,1.19155
1748269543894.0,1.19124,1.19154
1748269545509.0,1.19123,1.19153
1748269548487.0,1.19124,1.19154
1748269549012.0,1.19123,1.19153
1748269550407.0,1.19124,1.19154
1748269550658.0,1.19127,1.19157
1748269552044.0,1.19126,1.19156
1748269561365.0,1.19125,1.19155
1748269562377.0,1.19126,1.19156
1748269564385.0,1.19125,1.19155
1748269565045.0,1.19126,1.19156
1748269567388.0,1.19132,1.19152
1748269567887.0,1.19131,1.19151
1748269582411.0,1.19133,1.19153
1748269582661.0,1.19128,1.19148
1748269582897.0,1.19123,1.19153
1748269584466.0,1.19122,1.19152
1748269589823.0,1.19128,1.19148
1748269597829.0,1.19127,1.19147
1748269598387.0,1.19128,1.19148
1748269599635.0,1.19127,1.19147
1748269606441.0,1.19128,1.19148
1748269607756.0,1.19129,1.19149
1748269608505.0,1.1913,1.1915
1748269609005.0,1.19131,1.19151
1748269611266.0,1.1913,1.1915
1748269612580.0,1.19128,1.19148
1748269612831.0,1.1912,1.1915
1748269621641.0,1.19119,1.19149
1748269640005.0,1.19123,1.19143
1748269641259.0,1.19124,1.19144
1748269641512.0,1.19128,1.19148
1748269644107.0,1.19127,1.19147
1748269648367.0,1.19121,1.19151
1748269648976.0,1.19122,1.19152
1748269649223.0,1.19121,1.19151
1748269649785.0,1.19122,1.19152
1748269651278.0,1.19123,1.19153
1748269652438.0,1.19121,1.19151
1748269652686.0,1.19123,1.19153
1748269654547.0,1.19121,1.19151
1748269654797.0,1.19123,1.19153
1748269655047.0,1.19126,1.19146
1748269655297.0,1.19128,1.19148
1748269655797.0,1.19126,1.19146
1748269659775.0,1.19121,1.19151
1748269663287.0,1.19123,1.19153
1748269665702.0,1.1912,1.1915
1748269665952.0,1.19122,1.19152
1748269666445.0,1.19121,1.19151
1748269672434.0,1.19122,1.19152
1748269673398.0,1.19123,1.19153
1748269674410.0,1.19122,1.19152
1748269676845.0,1.19121,1.19151
1748269680158.0,1.19122,1.19152
1748269685542.0,1.19123,1.19153
1748269688733.0,1.19128,1.19148
1748269693118.0,1.19126,1.19146
1748269694346.0,1.19127,1.19147
1748269699396.0,1.19126,1.19146
1748269699895.0,1.19127,1.19147
1748269700745.0,1.19126,1.19146
1748269703493.0,1.19121,1.19151
1748269704747.0,1.1912,1.1915
1748269706507.0,1.19122,1.19142
1748269708048.0,1.19117,1.19147
1748269710693.0,1.19118,1.19148
1748269715405.0,1.19117,1.19147
1748269720476.0,1.19118,1.19148
1748269721225.0,1.19117,1.19147
1748269723014.0,1.19118,1.19148
1748269728397.0,1.19119,1.19149
1748269730607.0,1.1912,1.1915
1748269740029.0,1.19122,1.19152
1748269740526.0,1.19125,1.19145
1748269740778.0,1.19124,1.19144
1748269741239.0,1.19125,1.19145
1748269743394.0,1.19124,1.19144
1748269744396.0,1.19125,1.19145
1748269745404.0,1.19119,1.19149
1748269748462.0,1.19118,1.19148
1748269754398.0,1.19117,1.19147
1748269759147.0,1.19121,1.19141
1748269759395.0,1.19116,1.19146
1748269763216.0,1.19115,1.19145
1748269767069.0,1.19119,1.19139
1748269768905.0,1.19119,1.19139
1748269769406.0,1.19114,1.19144
1748269770003.0,1.19113,1.19143
1748269770251.0,1.19114,1.19144
1748269771007.0,1.19119,1.19139
1748269772259.0,1.19118,1.19138
1748269780416.0,1.19119,1.19139
1748269780666.0,1.19118,1.19138
1748269785414.0,1.19119,1.19139
1748269785663.0,1.19121,1.19141
1748269785913.0,1.19116,1.19146
1748269786817.0,1.19114,1.19144
1748269791467.0,1.19112,1.19142
1748269795481.0,1.19111,1.19141
1748269797310.0,1.19114,1.19144
1748269797558.0,1.19109,1.19139
1748269798317.0,1.19108,1.19138
1748269798567.0,1.19109,1.19139
1748269799634.0,1.19107,1.19137
1748269800152.0,1.1911,1.1914
1748269800394.0,1.19111,1.19141
1748269801297.0,1.19109,1.19139
1748269801547.0,1.1911,1.1914
1748269804722.0,1.19111,1.19141
1748269804969.0,1.19109,1.19139
1748269806013.0,1.19116,1.19136
1748269809714.0,1.19112,1.19142
1748269810666.0,1.19111,1.19141
1748269821775.0,1.19109,1.19139
1748269824596.0,1.19109,1.19139
1748269826529.0,1.19108,1.19138
1748269827532.0,1.19107,1.19137
1748269830901.0,1.19112,1.19132
1748269832296.0,1.19107,1.19137
1748269836401.0,1.19108,1.19138
1748269836651.0,1.19109,1.19139
1748269837152.0,1.19108,1.19138
1748269837653.0,1.19111,1.19141
1748269850329.0,1.19112,1.19142
1748269850846.0,1.19113,1.19143
1748269851094.0,1.19112,1.19142
1748269851345.0,1.19111,1.19141
1748269852094.0,1.19109,1.19139
1748269853093.0,1.19108,1.19138
1748269853842.0,1.19116,1.19136
1748269854347.0,1.19114,1.19134
1748269854850.0,1.19108,1.19138
1748269855347.0,1.1911,1.1914
1748269860525.0,1.19111,1.19141
1748269861026.0,1.19111,1.19141
1748269861271.0,1.1911,1.1914
1748269862283.0,1.19111,1.19141
1748269862531.0,1.19112,1.19142
1748269862782.0,1.19111,1.19141
1748269863033.0,1.19113,1.19143
1748269863783.0,1.19113,1.19143
1748269865406.0,1.19111,1.19141
1748269865654.0,1.19112,1.19142
1748269865905.0,1.19113,1.19143
1748269867292.0,1.19113,1.19143
1748269867541.0,1.19111,1.19141
1748269872138.0,1.19112,1.19142
1748269872637.0,1.19111,1.19141
1748269876035.0,1.19112,1.19142
1748269877189.0,1.19113,1.19143
1748269878118.0,1.19112,1.19142
1748269878616.0,1.19114,1.19144
1748269880157.0,1.19112,1.19142
1748269882155.0,1.19113,1.19143
1748269884046.0,1.19116,1.19146
1748269886406.0,1.19118,1.19148
1748269889841.0,1.19117,1.19147
1748269890826.0,1.19118,1.19148
1748269893724.0,1.19117,1.19147
1748269894728.0,1.19118,1.19148
1748269895477.0,1.19119,1.19149
1748269895982.0,1.19118,1.19148
1748269902164.0,1.19121,1.19151
1748269905107.0,1.19122,1.19152
1748269905605.0,1.19126,1.19156
1748269906342.0,1.19127,1.19157
1748269906592.0,1.19128,1.19158
1748269910524.0,1.19128,1.19158
1748269911027.0,1.19127,1.19157
1748269911276.0,1.19126,1.19156
1748269912458.0,1.19127,1.19157
1748269912706.0,1.19126,1.19156
1748269922906.0,1.19127,1.19157
1748269935430.0,1.19126,1.19156
1748269944042.0,1.19127,1.19157
1748269944291.0,1.19126,1.19156
1748269949913.0,1.19124,1.19154
1748269951710.0,1.19123,1.19153
1748269953224.0,1.19124,1.19154
1748269953978.0,1.19122,1.19152
1748269954229.0,1.19124,1.19154
1748269954478.0,1.19122,1.19152
1748269954727.0,1.19124,1.19154
1748269957008.0,1.19123,1.19153
1748269959123.0,1.19122,1.19152
1748269961055.0,1.19123,1.19153
1748269963014.0,1.19124,1.19154
1748269963263.0,1.19125,1.19155
1748269965410.0,1.19126,1.19156
1748269967315.0,1.19125,1.19155
1748269967566.0,1.19124,1.19154
1748269968569.0,1.19125,1.19155
1748269969067.0,1.19124,1.19154
1748269971299.0,1.19125,1.19155
1748269973145.0,1.19131,1.19151
1748269973394.0,1.1913,1.1915
1748269974405.0,1.19131,1.19151
1748269980425.0,1.1913,1.1915
1748269980918.0,1.19126,1.19156
1748269981822.0,1.19124,1.19154
1748269983709.0,1.19125,1.19155
1748269984896.0,1.19125,1.19155
1748269985396.0,1.19125,1.19155
1748269985646.0,1.19126,1.19156
1748269986207.0,1.19124,1.19154
1748269989820.0,1.19125,1.19155
1748269992241.0,1.19124,1.19154
1748270000091.0,1.19126,1.19156
1748270000341.0,1.19131,1.19151
1748270001136.0,1.19126,1.19156
1748270002352.0,1.19125,1.19155
1748270002595.0,1.19126,1.19156
1748270004311.0,1.19131,1.19151
1748270004560.0,1.19126,1.19156
1748270015408.0,1.19125,1.19155
1748270016272.0,1.19124,1.19154
1748270016777.0,1.19123,1.19153
1748270017547.0,1.19122,1.19152
1748270022106.0,1.19123,1.19153
1748270023243.0,1.19124,1.19154
1748270024606.0,1.19123,1.19153
1748270024856.0,1.19122,1.19152
1748270025667.0,1.19121,1.19151
1748270027035.0,1.19122,1.19152
1748270029036.0,1.19121,1.19151
1748270029881.0,1.19123,1.19153
1748270030126.0,1.19121,1.19151
1748270031014.0,1.19122,1.19152
1748270031512.0,1.19128,1.19148
1748270031779.0,1.19127,1.19147
1748270032554.0,1.19128,1.19148
1748270033055.0,1.19127,1.19147
1748270040286.0,1.19122,1.19152
1748270041541.0,1.19126,1.19146
1748270042307.0,1.19121,1.19151
1748270044081.0,1.19122,1.19152
1748270044333.0,1.19121,1.19151
1748270057926.0,1.19122,1.19152
1748270058925.0,1.19121,1.19151
1748270060319.0,1.19126,1.19146
1748270066742.0,1.19125,1.19145
1748270066992.0,1.19119,1.19149
1748270067978.0,1.19118,1.19148
1748270068969.0,1.19117,1.19147
1748270069221.0,1.19118,1.19148
1748270069965.0,1.19116,1.19146
1748270075168.0,1.19121,1.19141
1748270077425.0,1.19116,1.19146
1748270084481.0,1.19121,1.19141
1748270086667.0,1.19122,1.19142
1748270088416.0,1.19123,1.19143
1748270089417.0,1.19122,1.19142
1748270090418.0,1.19123,1.19143
1748270097239.0,1.19116,1.19146
1748270098139.0,1.19117,1.19147
1748270098390.0,1.19116,1.19146
1748270098877.0,1.19114,1.19144
1748270100383.0,1.19112,1.19142
1748270100634.0,1.19114,1.19144
1748270101839.0,1.19118,1.19138
1748270102089.0,1.19111,1.19141
1748270102338.0,1.1911,1.1914
1748270103082.0,1.19111,1.19141
1748270107915.0,1.19112,1.19142
1748270108167.0,1.19111,1.19141
1748270109433.0,1.19112,1.19142
1748270110220.0,1.19113,1.19143
1748270111093.0,1.19111,1.19141
1748270113424.0,1.1911,1.1914
1748270113913.0,1.19111,1.19141
1748270124055.0,1.19113,1.19143
1748270124302.0,1.19111,1.19141
1748270125417.0,1.19112,1.19142
1748270126416.0,1.19111,1.19141
1748270129980.0,1.1911,1.1914
1748270130224.0,1.19111,1.19141
1748270130472.0,1.1911,1.1914
1748270132470.0,1.19109,1.19139
1748270134125.0,1.19113,1.19143
1748270134626.0,1.19112,1.19142
1748270135288.0,1.19111,1.19141
1748270136077.0,1.19112,1.19142
1748270136328.0,1.19113,1.19143
1748270141726.0,1.19112,1.19142
1748270142975.0,1.19111,1.19141
1748270147121.0,1.19116,1.19136
1748270148922.0,1.19111,1.19141
1748270153189.0,1.1911,1.1914
1748270153433.0,1.19111,1.19141
1748270153677.0,1.19109,1.19139
1748270154046.0,1.19107,1.19137
1748270155405.0,1.19108,1.19138
1748270160297.0,1.1911,1.1914
1748270160818.0,1.19109,1.19139
1748270163257.0,1.19108,1.19138
1748270164648.0,1.19107,1.19137
1748270170349.0,1.19108,1.19138
1748270172051.0,1.19109,1.19139
1748270172299.0,1.19111,1.19141
1748270172546.0,1.1911,1.1914
1748270172800.0,1.19116,1.19136
1748270173296.0,1.19115,1.19135
1748270174670.0,1.19111,1.19141
1748270175405.0,1.19112,1.19142
1748270176747.0,1.19111,1.19141
1748270179301.0,1.19112,1.19142
1748270179551.0,1.19111,1.19141
1748270180058.0,1.19112,1.19142
1748270182267.0,1.19113,1.19143
1748270183849.0,1.19112,1.19142
1748270186490.0,1.19113,1.19143
1748270188025.0,1.19112,1.19142
1748270188737.0,1.19113,1.19143
1748270189574.0,1.19112,1.19142
1748270189824.0,1.19111,1.19141
1748270192499.0,1.19113,1.19143
1748270195830.0,1.19111,1.19141
1748270196076.0,1.19112,1.19142
1748270198244.0,1.19113,1.19143
1748270202427.0,1.19112,1.19142
1748270202928.0,1.19111,1.19141
1748270218534.0,1.1911,1.1914
1748270220425.0,1.19113,1.19143
1748270220671.0,1.19115,1.19145
1748270221177.0,1.19116,1.19146
1748270221686.0,1.19114,1.19144
1748270221936.0,1.19116,1.19146
1748270222182.0,1.19115,1.19145
1748270224057.0,1.19116,1.19146
1748270224810.0,1.19112,1.19142
1748270226878.0,1.19113,1.19143
1748270249425.0,1.19112,1.19142
1748270250589.0,1.19113,1.19143
1748270252012.0,1.19114,1.19144
1748270252675.0,1.19113,1.19143
1748270274813.0,1.19114,1.19144
1748270278533.0,1.19113,1.19143
1748270280088.0,1.19114,1.19144
1748270280332.0,1.19113,1.19143
1748270280570.0,1.19112,1.19142
1748270281558.0,1.19113,1.19143
1748270282406.0,1.19115,1.19145
1748270283652.0,1.19117,1.19147
1748270284979.0,1.19116,1.19146
1748270289579.0,1.19117,1.19147
1748270290442.0,1.19121,1.19141
1748270290942.0,1.19122,1.19142
1748270292127.0,1.19123,1.19143
1748270296388.0,1.19118,1.19148
1748270300944.0,1.19119,1.19149
1748270302676.0,1.1912,1.1915
1748270302926.0,1.19121,1.19151
1748270303728.0,1.1912,1.1915
1748270304228.0,1.19121,1.19151
1748270305728.0,1.1912,1.1915
1748270308456.0,1.19123,1.19153
1748270308704.0,1.19125,1.19155
1748270309738.0,1.19126,1.19156
1748270310378.0,1.19128,1.19158
1748270312684.0,1.19126,1.19156
1748270313427.0,1.19128,1.19158
1748270314356.0,1.1913,1.1916
1748270316125.0,1.19129,1.19159
1748270316375.0,1.19128,1.19158
1748270317021.0,1.19129,1.19159
1748270317268.0,1.19126,1.19156
1748270317568.0,1.19128,1.19158
1748270319633.0,1.19127,1.19157
1748270320137.0,1.19128,1.19158
1748270321136.0,1.19127,1.19157
1748270332212.0,1.19126,1.19156
1748270333436.0,1.19127,1.19157
1748270339083.0,1.19128,1.19158
1748270343605.0,1.19133,1.19163
1748270343853.0,1.19131,1.19161
1748270344821.0,1.1913,1.1916
1748270346071.0,1.19129,1.19159
1748270346762.0,1.19133,1.19153
1748270350985.0,1.19128,1.19158
1748270354518.0,1.1913,1.1916
1748270355733.0,1.19131,1.19161
1748270355984.0,1.19137,1.19157
1748270356887.0,1.19133,1.19163
1748270357899.0,1.19135,1.19165
1748270358400.0,1.19133,1.19163
1748270358649.0,1.19134,1.19164
1748270358900.0,1.19136,1.19166
1748270359650.0,1.19135,1.19165
1748270359900.0,1.19137,1.19167
1748270360400.0,1.19134,1.19164
1748270360919.0,1.19135,1.19165
1748270363926.0,1.19134,1.19164
1748270364527.0,1.19135,1.19165
1748270364783.0,1.19134,1.19164
1748270369141.0,1.19132,1.19162
1748270369390.0,1.19133,1.19163
1748270370651.0,1.19132,1.19162
1748270372778.0,1.19131,1.19161
1748270373025.0,1.19129,1.19159
1748270374171.0,1.19137,1.19157
1748270374671.0,1.19133,1.19163
1748270375169.0,1.19134,1.19164
1748270376004.0,1.19133,1.19163
1748270377055.0,1.19132,1.19162
1748270378198.0,1.19133,1.19163
1748270379757.0,1.19135,1.19165
1748270383147.0,1.19133,1.19163
1748270386975.0,1.19131,1.19161
1748270387473.0,1.1913,1.1916
1748270387969.0,1.19128,1.19158
1748270391034.0,1.19127,1.19157
1748270391989.0,1.19128,1.19158
1748270392487.0,1.19127,1.19157
1748270392737.0,1.19126,1.19156
1748270403671.0,1.19125,1.19155
1748270404666.0,1.19124,1.19154
1748270405166.0,1.19123,1.19153
1748270409436.0,1.19122,1.19152
1748270411045.0,1.19124,1.19154
1748270411293.0,1.19125,1.19155
1748270411794.0,1.19125,1.19155
1748270412438.0,1.19126,1.19156
1748270415942.0,1.19128,1.19158
1748270416437.0,1.19127,1.19157
1748270418470.0,1.19128,1.19158
1748270423237.0,1.1913,1.1916
1748270423486.0,1.19128,1.19158
1748270424194.0,1.19127,1.19157
1748270425404.0,1.19126,1.19156
1748270427386.0,1.19127,1.19157
1748270432008.0,1.19126,1.19156
1748270432509.0,1.19121,1.19151
1748270437796.0,1.19123,1.19153
1748270438046.0,1.19124,1.19154
1748270438295.0,1.19123,1.19153
1748270440543.0,1.19122,1.19152
1748270442512.0,1.19124,1.19154
1748270443012.0,1.19127,1.19147
1748270443511.0,1.19121,1.19151
1748270444511.0,1.1912,1.1915
1748270446654.0,1.19119,1.19149
1748270447154.0,1.19118,1.19148
1748270449949.0,1.19123,1.19143
1748270450201.0,1.19114,1.19144
1748270451207.0,1.19115,1.19145
1748270456875.0,1.19114,1.19144
1748270462565.0,1.19113,1.19143
1748270463377.0,1.19114,1.19144
1748270472690.0,1.19116,1.19146
1748270473592.0,1.19117,1.19147
1748270477796.0,1.19116,1.19146
1748270478297.0,1.19118,1.19148
1748270478540.0,1.19117,1.19147
1748270479035.0,1.19118,1.19148
1748270484446.0,1.19117,1.19147
1748270484946.0,1.19118,1.19148
1748270494626.0,1.19119,1.19149
1748270494875.0,1.1912,1.1915
1748270495625.0,1.19119,1.19149
1748270496450.0,1.1912,1.1915
1748270498446.0,1.19119,1.19149
1748270498946.0,1.1912,1.1915
1748270500995.0,1.19121,1.19151
1748270502005.0,1.1912,1.1915
1748270503016.0,1.19121,1.19151
1748270504104.0,1.1912,1.1915
1748270505416.0,1.19121,1.19151
1748270508627.0,1.1912,1.1915
1748270510707.0,1.19118,1.19148
1748270510959.0,1.19119,1.19149
1748270511696.0,1.19118,1.19148
1748270512197.0,1.19119,1.19149
1748270517940.0,1.1912,1.1915
1748270518448.0,1.19121,1.19151
1748270518949.0,1.1912,1.1915
1748270519696.0,1.19121,1.19151
1748270520592.0,1.19118,1.19148
1748270521355.0,1.19117,1.19147
1748270521606.0,1.19118,1.19148
1748270524595.0,1.19119,1.19149
1748270526444.0,1.19118,1.19148
1748270528356.0,1.19116,1.19146
1748270529233.0,1.19115,1.19145
1748270530516.0,1.19121,1.19141
1748270531880.0,1.1912,1.1914
1748270532124.0,1.19115,1.19145
1748270533412.0,1.19114,1.19144
1748270533911.0,1.19114,1.19144
1748270535662.0,1.1912,1.1914
1748270536491.0,1.19115,1.19145
1748270536987.0,1.19114,1.19144
1748270537238.0,1.19115,1.19145
1748270537489.0,1.19114,1.19144
1748270537738.0,1.19115,1.19145
1748270539070.0,1.1912,1.1914
1748270540665.0,1.19121,1.19141
1748270541652.0,1.19116,1.19146
1748270546660.0,1.19121,1.19141
1748270547163.0,1.1912,1.1914
1748270547409.0,1.19115,1.19145
1748270547909.0,1.19114,1.19144
1748270548415.0,1.19113,1.19143
1748270548665.0,1.19118,1.19138
1748270548915.0,1.19112,1.19142
1748270549164.0,1.19118,1.19138
1748270550684.0,1.19113,1.19143
1748270552887.0,1.19112,1.19142
1748270554986.0,1.19113,1.19143
1748270557441.0,1.19114,1.19144
1748270557690.0,1.19113,1.19143
1748270559043.0,1.19112,1.19142
1748270560701.0,1.19118,1.19138
1748270573075.0,1.19118,1.19138
1748270574446.0,1.19112,1.19142
1748270576446.0,1.19113,1.19143
1748270579041.0,1.19112,1.19142
1748270580846.0,1.19113,1.19143
1748270581347.0,1.19112,1.19142
1748270581847.0,1.19113,1.19143
1748270582346.0,1.19112,1.19142
1748270583096.0,1.19113,1.19143
1748270583760.0,1.19112,1.19142
1748270584266.0,1.19113,1.19143
1748270597787.0,1.19112,1.19142
1748270599447.0,1.19113,1.19143
1748270600446.0,1.19112,1.19142
1748270600947.0,1.19113,1.19143
1748270601196.0,1.19112,1.19142
1748270602508.0,1.19113,1.19143
1748270603947.0,1.19112,1.19142
1748270605657.0,1.19111,1.19141
1748270617040.0,1.19113,1.19143
1748270625665.0,1.19112,1.19142
1748270626155.0,1.19113,1.19143
1748270626656.0,1.19111,1.19141
1748270637707.0,1.19112,1.19142
1748270637956.0,1.19111,1.19141
1748270638207.0,1.19113,1.19143
1748270639596.0,1.19112,1.19142
1748270640339.0,1.19113,1.19143
1748270642706.0,1.19114,1.19144
1748270647456.0,1.19116,1.19146
1748270647704.0,1.19117,1.19147
1748270649611.0,1.19116,1.19146
1748270650109.0,1.19117,1.19147
1748270650980.0,1.19118,1.19148
1748270652615.0,1.19117,1.19147
1748270652864.0,1.19116,1.19146
1748270653610.0,1.19118,1.19148
1748270654110.0,1.19117,1.19147
1748270654358.0,1.19118,1.19148
1748270655442.0,1.19117,1.19147
1748270661663.0,1.19118,1.19148
1748270673456.0,1.19117,1.19147
1748270673955.0,1.19118,1.19148
1748270675440.0,1.19117,1.19147
1748270678050.0,1.19118,1.19148
1748270678299.0,1.19116,1.19146
1748270679028.0,1.19118,1.19148
1748270679964.0,1.19116,1.19146
1748270682219.0,1.19117,1.19147
1748270683217.0,1.19119,1.19149
1748270684036.0,1.19118,1.19148
1748270684285.0,1.1912,1.1915
1748270684785.0,1.19126,1.19146
1748270685286.0,1.19125,1.19145
1748270686495.0,1.19126,1.19146
1748270687307.0,1.19121,1.19151
1748270688015.0,1.1912,1.1915
1748270690066.0,1.19121,1.19151
1748270693193.0,1.1912,1.1915
1748270694121.0,1.19122,1.19152
1748270694366.0,1.1912,1.1915
1748270694607.0,1.19121,1.19151
1748270695102.0,1.19122,1.19152
1748270695352.0,1.19124,1.19154
1748270695601.0,1.19123,1.19153
1748270696101.0,1.1913,1.1915
1748270697106.0,1.19126,1.19156
1748270699511.0,1.19128,1.19158
1748270699761.0,1.19127,1.19157
1748270700012.0,1.19128,1.19158
1748270700567.0,1.19126,1.19156
1748270700816.0,1.19127,1.19157
1748270701461.0,1.19126,1.19156
1748270712637.0,1.19128,1.19158
1748270712887.0,1.19126,1.19156
1748270713456.0,1.19125,1.19155
1748270714456.0,1.19123,1.19153
1748270716456.0,1.19122,1.19152
1748270717455.0,1.19123,1.19153
1748270718605.0,1.19124,1.19154
1748270720638.0,1.19126,1.19156
1748270736430.0,1.19127,1.19157
1748270736925.0,1.19129,1.19161
1748270737456.0,1.19128,1.19158
1748270752086.0,1.19129,1.19159
1748270752714.0,1.19128,1.19158
1748270754027.0,1.19129,1.19159
1748270764989.0,1.19128,1.19158
1748270765238.0,1.19126,1.19156
1748270765745.0,1.19127,1.19157
1748270769649.0,1.19126,1.19156
1748270775131.0,1.19128,1.19158
1748270782238.0,1.19126,1.19156
1748270790974.0,1.1913,1.1915
1748270793217.0,1.19125,1.19155
1748270799468.0,1.19126,1.19156
1748270803467.0,1.19125,1.19155
1748270804640.0,1.19122,1.19152
1748270805637.0,1.19121,1.19151
1748270806700.0,1.19123,1.19153
1748270807627.0,1.19124,1.19154
1748270810091.0,1.19123,1.19153
1748270810340.0,1.19122,1.19152
1748270810841.0,1.19119,1.19149
1748270811740.0,1.1912,1.1915
1748270827481.0,1.19121,1.19151
1748270831209.0,1.19125,1.19145
1748270835147.0,1.1912,1.1915
1748270835397.0,1.19121,1.19151
1748270839467.0,1.1912,1.1915
1748270844039.0,1.19118,1.19148
1748270846038.0,1.19119,1.19149
1748270853205.0,1.19121,1.19151
1748270856425.0,1.1912,1.1915
1748270856673.0,1.19122,1.19152
1748270857163.0,1.19121,1.19151
1748270857670.0,1.19124,1.19154
1748270857918.0,1.19126,1.19156
1748270858165.0,1.19122,1.19152
1748270861786.0,1.19121,1.19151
1748270869660.0,1.19122,1.19152
1748270870410.0,1.19121,1.19151
1748270873673.0,1.19122,1.19152
1748270878275.0,1.19121,1.19151
1748270879901.0,1.19122,1.19152
1748270881186.0,1.19121,1.19151
1748270889983.0,1.19119,1.19149
1748270890472.0,1.1912,1.1915
1748270891466.0,1.19121,1.19151
1748270892981.0,1.1912,1.1915
1748270893927.0,1.19121,1.19151
1748270894412.0,1.19121,1.19151
1748270896294.0,1.1912,1.1915
1748270896543.0,1.19119,1.19149
1748270897467.0,1.1912,1.1915
1748270899467.0,1.19119,1.19149
1748270900177.0,1.19121,1.19151
1748270901170.0,1.19122,1.19152
1748270905404.0,1.19121,1.19151
1748270912363.0,1.19122,1.19152
1748270920482.0,1.19121,1.19151
1748270925917.0,1.19119,1.19149
1748270926676.0,1.19118,1.19148
1748270934437.0,1.19119,1.19149
1748270934686.0,1.19118,1.19148
1748270938330.0,1.19119,1.19149
1748270938828.0,1.19118,1.19148
1748270941465.0,1.19122,1.19152
1748270941964.0,1.19121,1.19151
1748270946200.0,1.19123,1.19153
1748270948430.0,1.19122,1.19152
1748270950051.0,1.19123,1.19153
1748270954985.0,1.19122,1.19152
1748270957705.0,1.19121,1.19151
1748270963827.0,1.19119,1.19149
1748270964416.0,1.1912,1.1915
1748270965238.0,1.19121,1.19151
1748270966047.0,1.19123,1.19153
1748270966299.0,1.19122,1.19152
1748270966548.0,1.19121,1.19151
1748270968468.0,1.19122,1.19152
1748270969296.0,1.19121,1.19151
1748270975406.0,1.1912,1.1915
1748270977657.0,1.19121,1.19151
1748270979483.0,1.1912,1.1915
1748270979733.0,1.19116,1.19146
1748270980231.0,1.19118,1.19148
1748270981232.0,1.19117,1.19147
1748270985235.0,1.19116,1.19146
1748270985734.0,1.19117,1.19147
1748270992840.0,1.19114,1.19144
1748270994015.0,1.19115,1.19145
1748270996936.0,1.19114,1.19144
1748270997688.0,1.19113,1.19143
1748270997937.0,1.19116,1.19146
1748270998437.0,1.19114,1.19144
1748271000027.0,1.19119,1.19139
1748271000279.0,1.19115,1.19145
1748271000528.0,1.19114,1.19144
1748271001737.0,1.19115,1.19145
1748271001984.0,1.19114,1.19144
1748271009849.0,1.19116,1.19146
1748271010104.0,1.19122,1.19142
1748271010756.0,1.19117,1.19147
1748271011758.0,1.19118,1.19148
1748271022822.0,1.19116,1.19146
1748271023072.0,1.19118,1.19148
1748271023320.0,1.19116,1.19146
1748271025969.0,1.19118,1.19148
1748271026481.0,1.19117,1.19147
1748271030336.0,1.19116,1.19146
1748271032690.0,1.19117,1.19147
1748271039636.0,1.19116,1.19146
1748271040386.0,1.19117,1.19147
1748271043326.0,1.19116,1.19146
1748271046480.0,1.19117,1.19147
1748271047229.0,1.1912,1.1915
1748271047480.0,1.19118,1.19148
1748271047728.0,1.19119,1.19149
1748271048478.0,1.19118,1.19148
1748271054502.0,1.19123,1.19153
1748271055109.0,1.19122,1.19152
1748271059314.0,1.19121,1.19151
1748271067805.0,1.1912,1.1915
1748271070702.0,1.19119,1.19149
1748271072957.0,1.19118,1.19148
1748271073956.0,1.19119,1.19149
1748271074204.0,1.1912,1.1915
1748271075956.0,1.19119,1.19149
1748271076992.0,1.1912,1.1915
1748271079057.0,1.19118,1.19148
1748271081161.0,1.1912,1.1915
1748271085458.0,1.19119,1.19149
1748271087465.0,1.1912,1.1915
1748271091602.0,1.19114,1.19144
1748271092091.0,1.19113,1.19143
1748271092927.0,1.19114,1.19144
1748271097177.0,1.19113,1.19143
1748271099302.0,1.19111,1.19141
1748271104804.0,1.19112,1.19142
1748271105051.0,1.19106,1.19136
1748271107475.0,1.19107,1.19137
1748271108480.0,1.19106,1.19136
1748271109477.0,1.19107,1.19137
1748271109726.0,1.19106,1.19136
1748271110949.0,1.19107,1.19137
1748271111947.0,1.19108,1.19138
1748271114403.0,1.19107,1.19137
1748271117621.0,1.19109,1.19139
1748271117870.0,1.19111,1.19141
1748271120949.0,1.19112,1.19142
1748271122366.0,1.19111,1.19141
1748271127295.0,1.19112,1.19142
1748271127545.0,1.19114,1.19144
1748271129586.0,1.19118,1.19138
1748271133107.0,1.19119,1.19139
1748271149550.0,1.19113,1.19143
1748271150926.0,1.19114,1.19144
1748271166334.0,1.19117,1.19147
1748271167176.0,1.19116,1.19146
1748271167426.0,1.19118,1.19148
1748271168281.0,1.19116,1.19146
1748271171402.0,1.19117,1.19147
1748271176652.0,1.19118,1.19148
1748271176902.0,1.19117,1.19147
1748271177670.0,1.19118,1.19148
1748271178476.0,1.19119,1.19149
1748271178724.0,1.19118,1.19148
1748271179476.0,1.19117,1.19147
1748271180731.0,1.19114,1.19144
1748271180983.0,1.19121,1.19151
1748271181232.0,1.1912,1.1915
1748271183846.0,1.19121,1.19151
1748271185868.0,1.19122,1.19152
1748271187099.0,1.19123,1.19153
1748271192047.0,1.19122,1.19152
1748271198487.0,1.19121,1.19151
1748271202072.0,1.19122,1.19152
1748271202322.0,1.19123,1.19153
1748271202570.0,1.19124,1.19154
1748271208439.0,1.19123,1.19153
1748271208678.0,1.19124,1.19154
1748271210676.0,1.19123,1.19153
1748271211187.0,1.19124,1.19154
1748271214042.0,1.19123,1.19153
1748271214293.0,1.19122,1.19152
1748271215240.0,1.19121,1.19151
1748271216288.0,1.19123,1.19153
1748271216539.0,1.19122,1.19152
1748271216789.0,1.19123,1.19153
1748271217037.0,1.19126,1.19146
1748271220377.0,1.19121,1.19151
1748271228681.0,1.19122,1.19152
1748271228928.0,1.19123,1.19153
1748271232852.0,1.19126,1.19156
1748271233102.0,1.19125,1.19155
1748271236668.0,1.19124,1.19154
1748271237396.0,1.19125,1.19155
1748271239484.0,1.19124,1.19154
1748271249485.0,1.19123,1.19153
1748271253486.0,1.19124,1.19154
1748271254374.0,1.19123,1.19153
1748271269497.0,1.19124,1.19154
1748271270920.0,1.19123,1.19153
1748271271168.0,1.19122,1.19152
1748271275405.0,1.19121,1.19151
1748271280314.0,1.19122,1.19152
1748271282811.0,1.19121,1.19151
1748271287415.0,1.19126,1.19146
1748271298265.0,1.19121,1.19151
1748271298516.0,1.19126,1.19146
1748271298763.0,1.19125,1.19145
1748271299286.0,1.1912,1.1915
1748271299536.0,1.19121,1.19151
1748271305422.0,1.1912,1.1915
1748271307611.0,1.19121,1.19151
1748271309055.0,1.1912,1.1915
1748271309553.0,1.19121,1.19151
1748271310063.0,1.19119,1.19149
1748271310561.0,1.19121,1.19151
1748271311062.0,1.1912,1.1915
1748271311905.0,1.19121,1.19151
1748271312155.0,1.19125,1.19145
1748271312918.0,1.19121,1.19151
1748271315766.0,1.19119,1.19149
1748271316436.0,1.1912,1.1915
1748271317878.0,1.19119,1.19139
1748271318713.0,1.19115,1.19145
1748271320960.0,1.19114,1.19144
1748271323836.0,1.19115,1.19145
1748271324086.0,1.19117,1.19147
1748271324574.0,1.19115,1.19145
1748271325078.0,1.19116,1.19146
1748271326585.0,1.19114,1.19144
1748271326837.0,1.19116,1.19146
1748271327780.0,1.19117,1.19147
1748271328028.0,1.19116,1.19146
1748271330768.0,1.19115,1.19145
1748271331028.0,1.19118,1.19148
1748271331278.0,1.19116,1.19146
1748271332264.0,1.19118,1.19148
1748271335915.0,1.19117,1.19147
1748271336415.0,1.19118,1.19148
1748271345597.0,1.19117,1.19147
1748271345847.0,1.19116,1.19146
1748271347878.0,1.19118,1.19148
1748271352037.0,1.19117,1.19147
1748271356245.0,1.19118,1.19148
1748271357245.0,1.19117,1.19147
1748271359481.0,1.19118,1.19148
1748271359729.0,1.19119,1.19149
1748271360469.0,1.19118,1.19148
1748271360716.0,1.19119,1.19149
1748271361575.0,1.19123,1.19143
1748271362086.0,1.19121,1.19141
1748271364428.0,1.19123,1.19143
1748271364680.0,1.19117,1.19147
1748271364919.0,1.19121,1.19141
1748271365884.0,1.1912,1.1914
1748271366385.0,1.19121,1.19141
1748271367505.0,1.19119,1.19139
1748271368698.0,1.19121,1.19141
1748271369198.0,1.19124,1.19144
1748271369451.0,1.19123,1.19143
1748271369951.0,1.19119,1.19149
1748271371100.0,1.19121,1.19151
1748271372599.0,1.19119,1.19149
1748271373497.0,1.19118,1.19148
1748271374438.0,1.19121,1.19141
1748271374937.0,1.19117,1.19147
1748271376541.0,1.19121,1.19141
1748271377855.0,1.1912,1.1914
1748271381317.0,1.19121,1.19141
1748271384329.0,1.19116,1.19146
1748271385276.0,1.1912,1.1914
1748271386145.0,1.19114,1.19144
1748271389965.0,1.19115,1.19145
1748271390968.0,1.19116,1.19146
1748271391216.0,1.19114,1.19144
1748271391706.0,1.19115,1.19145
1748271393359.0,1.19117,1.19147
1748271394108.0,1.19121,1.19141
1748271395067.0,1.19122,1.19142
1748271397139.0,1.19118,1.19148
1748271402425.0,1.19119,1.19149
1748271411033.0,1.1912,1.1915
1748271411280.0,1.19119,1.19149
1748271413716.0,1.19121,1.19151
1748271416787.0,1.19122,1.19152
1748271421124.0,1.19121,1.19151
1748271432560.0,1.1912,1.1915
1748271432808.0,1.19121,1.19151
1748271433058.0,1.1912,1.1915
1748271433637.0,1.19119,1.19149
1748271434130.0,1.19115,1.19145
1748271434384.0,1.19116,1.19146
1748271434871.0,1.19117,1.19147
1748271435620.0,1.1912,1.1915
1748271436486.0,1.19121,1.19151
1748271438507.0,1.1912,1.1915
1748271438755.0,1.19121,1.19151
1748271439257.0,1.19119,1.19149
1748271440405.0,1.19117,1.19147
1748271441328.0,1.19116,1.19146
1748271442574.0,1.19114,1.19144
1748271443483.0,1.19115,1.19145
1748271444478.0,1.19114,1.19144
1748271446852.0,1.19115,1.19145
1748271447102.0,1.19113,1.19143
1748271447846.0,1.19116,1.19146
1748271450123.0,1.19113,1.19143
1748271450372.0,1.19114,1.19144
1748271451117.0,1.19116,1.19146
1748271455472.0,1.19115,1.19145
1748271455723.0,1.19116,1.19146
1748271456961.0,1.19117,1.19147
1748271457455.0,1.19121,1.19141
1748271457705.0,1.19122,1.19142
1748271460979.0,1.19118,1.19148
1748271464278.0,1.19117,1.19147
1748271464897.0,1.19116,1.19146
1748271468051.0,1.1912,1.1915
1748271468854.0,1.19121,1.19151
1748271470094.0,1.19125,1.19145
1748271471205.0,1.19123,1.19143
1748271472464.0,1.19122,1.19142
1748271472705.0,1.19121,1.19141
1748271473206.0,1.19123,1.19143
1748271473457.0,1.19124,1.19144
1748271474467.0,1.19125,1.19145
1748271475870.0,1.1912,1.1915
1748271476369.0,1.19119,1.19149
1748271478977.0,1.19121,1.19151
1748271479229.0,1.19123,1.19143
1748271479470.0,1.1912,1.1915
1748271480368.0,1.19119,1.19149
1748271480618.0,1.1912,1.1915
1748271482295.0,1.19125,1.19145
1748271483091.0,1.19123,1.19143
1748271483339.0,1.19121,1.19151
1748271485901.0,1.19124,1.19144
1748271486148.0,1.19119,1.19149
1748271486896.0,1.19118,1.19148
1748271487396.0,1.19123,1.19143
1748271490107.0,1.19118,1.19148
1748271491272.0,1.1912,1.1915
1748271491521.0,1.19121,1.19151
1748271493838.0,1.19119,1.19149
1748271494090.0,1.19118,1.19148
1748271503687.0,1.19117,1.19147
1748271504261.0,1.19118,1.19148
1748271504510.0,1.19121,1.19151
1748271505511.0,1.19119,1.19149
1748271506012.0,1.19121,1.19151
1748271506266.0,1.19119,1.19149
1748271506518.0,1.1912,1.1915
1748271506806.0,1.19118,1.19148
1748271507737.0,1.19119,1.19149
1748271508587.0,1.1912,1.1915
1748271509086.0,1.19121,1.19151
1748271509837.0,1.1912,1.1915
1748271510587.0,1.19121,1.19151
1748271516115.0,1.1912,1.1915
1748271517246.0,1.19121,1.19151
1748271517490.0,1.19122,1.19152
1748271518423.0,1.19121,1.19151
1748271519504.0,1.19122,1.19152
1748271524219.0,1.19121,1.19151
1748271524468.0,1.1912,1.1915
1748271525033.0,1.19121,1.19151
1748271525525.0,1.19122,1.19152
1748271525775.0,1.19121,1.19151
1748271528105.0,1.19122,1.19152
1748271528356.0,1.19121,1.19151
1748271529228.0,1.19119,1.19149
1748271529728.0,1.19125,1.19145
1748271530228.0,1.19126,1.19146
1748271531178.0,1.19121,1.19151
1748271531424.0,1.19119,1.19149
1748271531676.0,1.1912,1.1915
1748271532822.0,1.19119,1.19149
1748271533071.0,1.19117,1.19147
1748271533321.0,1.19118,1.19148
1748271533822.0,1.19116,1.19146
1748271534071.0,1.19115,1.19145
1748271534323.0,1.19113,1.19143
1748271537232.0,1.19115,1.19145
1748271539227.0,1.19114,1.19144
1748271539476.0,1.19113,1.19143
1748271540078.0,1.19114,1.19144
1748271542267.0,1.19118,1.19138
1748271544953.0,1.19117,1.19137
1748271545604.0,1.19118,1.19138
1748271549437.0,1.19113,1.19143
1748271549686.0,1.19114,1.19144
1748271549936.0,1.19113,1.19143
1748271550709.0,1.19114,1.19144
1748271553032.0,1.19113,1.19143
1748271558104.0,1.19114,1.19144
1748271558782.0,1.19116,1.19146
1748271559023.0,1.19113,1.19143
1748271561942.0,1.19114,1.19144
1748271562198.0,1.19115,1.19145
1748271562445.0,1.19114,1.19144
1748271569948.0,1.19113,1.19143
1748271570198.0,1.19116,1.19146
1748271570443.0,1.19115,1.19145
1748271571520.0,1.19114,1.19144
1748271572417.0,1.19116,1.19146
1748271573490.0,1.19119,1.19149
1748271573741.0,1.19118,1.19148
1748271573991.0,1.19121,1.19151
1748271575499.0,1.19122,1.19152
1748271576234.0,1.19123,1.19153
1748271576735.0,1.19128,1.19148
1748271577308.0,1.19126,1.19146
1748271578453.0,1.19125,1.19145
1748271581373.0,1.19126,1.19146
1748271581870.0,1.19121,1.19151
1748271583355.0,1.19126,1.19146
1748271585868.0,1.19121,1.19151
1748271586367.0,1.19126,1.19146
1748271592772.0,1.19128,1.19148
1748271593270.0,1.19121,1.19151
1748271595168.0,1.19126,1.19146
1748271596669.0,1.19124,1.19154
1748271597608.0,1.19123,1.19153
1748271598751.0,1.19121,1.19151
1748271599410.0,1.19123,1.19153
1748271601276.0,1.19121,1.19151
1748271603215.0,1.19122,1.19152
1748271603711.0,1.19123,1.19153
1748271604544.0,1.19121,1.19151
1748271604795.0,1.19122,1.19152
1748271605544.0,1.19121,1.19151
1748271607119.0,1.19122,1.19152
1748271607370.0,1.19126,1.19146
1748271607621.0,1.19121,1.19151
1748271609816.0,1.19126,1.19146
1748271612586.0,1.19125,1.19145
1748271615906.0,1.19126,1.19146
1748271616806.0,1.19125,1.19145
1748271617742.0,1.19123,1.19143
1748271618237.0,1.19121,1.19141
1748271618726.0,1.1912,1.1914
1748271619227.0,1.19121,1.19141
1748271619726.0,1.1912,1.1914
1748271619977.0,1.19119,1.19139
1748271620227.0,1.19113,1.19143
1748271621034.0,1.19114,1.19144
1748271624718.0,1.19115,1.19145
1748271624968.0,1.19116,1.19146
1748271628880.0,1.19114,1.19144
1748271630698.0,1.19115,1.19145
1748271630950.0,1.19116,1.19146
1748271632732.0,1.19117,1.19147
1748271632979.0,1.19118,1.19148
1748271635130.0,1.19119,1.19149
1748271635629.0,1.1912,1.1915
1748271636130.0,1.19119,1.19149
1748271638080.0,1.19118,1.19148
1748271638328.0,1.19119,1.19149
1748271638578.0,1.19117,1.19147
1748271639440.0,1.19116,1.19146
1748271642570.0,1.19122,1.19142
1748271643393.0,1.1912,1.1914
1748271643642.0,1.19119,1.19139
1748271644456.0,1.19114,1.19144
1748271645997.0,1.19115,1.19145
1748271649347.0,1.19114,1.19144
1748271649921.0,1.19118,1.19138
1748271653639.0,1.19112,1.19142
1748271653886.0,1.1911,1.1914
1748271654128.0,1.19111,1.19141
1748271654381.0,1.19112,1.19142
1748271654696.0,1.19111,1.19141
1748271654947.0,1.19112,1.19142
1748271655697.0,1.19111,1.19141
1748271656197.0,1.1911,1.1914
1748271656446.0,1.19111,1.19141
1748271657196.0,1.19112,1.19142
1748271657446.0,1.19111,1.19141
1748271659019.0,1.19112,1.19142
1748271659516.0,1.19113,1.19143
1748271660357.0,1.19112,1.19142
1748271661331.0,1.19114,1.19144
1748271661583.0,1.19113,1.19143
1748271662331.0,1.19114,1.19144
1748271663381.0,1.19112,1.19142
1748271663629.0,1.19113,1.19143
1748271664666.0,1.19114,1.19144
1748271664917.0,1.19113,1.19143
1748271665416.0,1.19114,1.19144
1748271668491.0,1.19113,1.19143
1748271668742.0,1.19114,1.19144
1748271669546.0,1.19113,1.19143
1748271670623.0,1.19111,1.19141
1748271671121.0,1.19109,1.19139
1748271672122.0,1.1911,1.1914
1748271672372.0,1.19109,1.19139
1748271673617.0,1.1911,1.1914
1748271675617.0,1.19109,1.19139
1748271680282.0,1.19108,1.19138
1748271681117.0,1.19109,1.19139
1748271682117.0,1.19107,1.19137
1748271683682.0,1.19108,1.19138
1748271683930.0,1.19109,1.19139
1748271686289.0,1.19114,1.19134
1748271686788.0,1.19115,1.19135
1748271687039.0,1.19116,1.19136
1748271687290.0,1.19111,1.19141
1748271688039.0,1.19112,1.19142
1748271688546.0,1.19113,1.19143
1748271688792.0,1.19111,1.19141
1748271693685.0,1.19113,1.19143
1748271693934.0,1.19119,1.19139
1748271694434.0,1.19113,1.19143
1748271694933.0,1.19114,1.19144
1748271696865.0,1.19112,1.19142
1748271697114.0,1.19119,1.19139
1748271697364.0,1.19114,1.19144
1748271697614.0,1.19113,1.19143
1748271698114.0,1.19112,1.19142
1748271698736.0,1.19111,1.19141
1748271699573.0,1.19112,1.19142
1748271699824.0,1.19113,1.19143
1748271700569.0,1.19111,1.19141
1748271705089.0,1.19117,1.19137
1748271705347.0,1.19113,1.19143
1748271706442.0,1.19114,1.19144
1748271706948.0,1.19111,1.19141
1748271707962.0,1.19112,1.19142
1748271711301.0,1.19111,1.19141
1748271712301.0,1.19112,1.19142
1748271714377.0,1.19113,1.19143
1748271715595.0,1.19112,1.19142
1748271716097.0,1.19111,1.19141
1748271717611.0,1.19113,1.19143
1748271719015.0,1.19119,1.19139
1748271719267.0,1.19113,1.19143
1748271719503.0,1.19114,1.19144
1748271719998.0,1.19119,1.19139
1748271720498.0,1.19121,1.19141
1748271721630.0,1.1912,1.1914
1748271721879.0,1.19118,1.19138
1748271722755.0,1.19117,1.19137
1748271724919.0,1.19118,1.19138
1748271725425.0,1.19112,1.19142
1748271726147.0,1.19113,1.19143
1748271727553.0,1.19111,1.19141
1748271728053.0,1.19113,1.19143
1748271728303.0,1.19112,1.19142
1748271729286.0,1.19113,1.19143
1748271732458.0,1.19112,1.19142
1748271734123.0,1.19111,1.19141
1748271736329.0,1.19115,1.19135
1748271736578.0,1.19109,1.19139
1748271736830.0,1.19108,1.19138
1748271737579.0,1.19107,1.19137
1748271737830.0,1.19112,1.19132
1748271738882.0,1.19111,1.19131
1748271739130.0,1.19112,1.19132
1748271739380.0,1.19111,1.19131
1748271739918.0,1.19107,1.19137
1748271740167.0,1.19106,1.19136
1748271742854.0,1.19107,1.19137
1748271743104.0,1.19108,1.19138
1748271743355.0,1.19109,1.19139
1748271743604.0,1.19107,1.19137
1748271746348.0,1.19106,1.19136
1748271748045.0,1.19107,1.19137
1748271748295.0,1.19111,1.19131
1748271749623.0,1.19109,1.19129
1748271749871.0,1.19108,1.19128
1748271750105.0,1.19109,1.19129
1748271758844.0,1.19104,1.19134
1748271759093.0,1.19105,1.19135
1748271759346.0,1.19104,1.19134
1748271760256.0,1.19105,1.19135
1748271764215.0,1.19106,1.19136
1748271765145.0,1.19105,1.19135
1748271767910.0,1.19104,1.19134
1748271772233.0,1.19103,1.19133
1748271775668.0,1.19101,1.19131
1748271775928.0,1.19096,1.19126
1748271776981.0,1.19097,1.19127
1748271777231.0,1.19098,1.19128
1748271780109.0,1.19099,1.19129
1748271782555.0,1.19097,1.19127
1748271782807.0,1.19099,1.19129
1748271783294.0,1.19097,1.19127
1748271783793.0,1.19098,1.19128
1748271785556.0,1.19097,1.19127
1748271786676.0,1.19098,1.19128
1748271789614.0,1.19097,1.19127
1748271789858.0,1.19098,1.19128
1748271790108.0,1.19096,1.19126
1748271790608.0,1.19101,1.19131
1748271792662.0,1.19099,1.19129
1748271798160.0,1.191,1.1913
1748271798410.0,1.19098,1.19128
1748271805815.0,1.19097,1.19127
1748271806828.0,1.19098,1.19128
1748271807329.0,1.19099,1.19129
1748271807592.0,1.19105,1.19125
1748271807839.0,1.19106,1.19126
1748271808657.0,1.19108,1.19128
1748271808907.0,1.19107,1.19127
1748271809728.0,1.19102,1.19132
1748271810728.0,1.19103,1.19133
1748271812756.0,1.19102,1.19132
1748271813868.0,1.19108,1.19128
1748271814930.0,1.19107,1.19127
1748271815909.0,1.19106,1.19126
1748271816159.0,1.19108,1.19128
1748271816664.0,1.19107,1.19127
1748271816908.0,1.19108,1.19128
1748271817657.0,1.19109,1.19129
1748271818680.0,1.19108,1.19128
1748271818929.0,1.19107,1.19127
1748271821197.0,1.19108,1.19128
1748271826646.0,1.19107,1.19127
1748271829419.0,1.19103,1.19133
1748271830057.0,1.19102,1.19132
1748271830556.0,1.19107,1.19127
1748271831412.0,1.19108,1.19128
1748271831914.0,1.19102,1.19132
1748271836787.0,1.19101,1.19131
1748271838785.0,1.19102,1.19132
1748271841833.0,1.19101,1.19131
1748271842081.0,1.19107,1.19127
1748271850593.0,1.19101,1.19131
1748271850843.0,1.19102,1.19132
1748271853586.0,1.19101,1.19131
1748271857757.0,1.19099,1.19129
1748271858008.0,1.19101,1.19131
1748271859402.0,1.19102,1.19132
1748271860166.0,1.19103,1.19133
1748271860665.0,1.19104,1.19134
1748271864940.0,1.19107,1.19127
1748271870528.0,1.19106,1.19126
1748271871029.0,1.19101,1.19131
1748271882483.0,1.19103,1.19133
1748271882729.0,1.19104,1.19134
1748271883349.0,1.19105,1.19135
1748271883599.0,1.19106,1.19136
1748271884525.0,1.19105,1.19135
1748271884775.0,1.19106,1.19136
1748271885276.0,1.19108,1.19138
1748271885525.0,1.19109,1.19139
1748271886018.0,1.1911,1.1914
1748271886517.0,1.19109,1.19139
1748271888206.0,1.19108,1.19138
1748271890185.0,1.19109,1.19139
1748271903400.0,1.19108,1.19138
1748271916838.0,1.19109,1.19139
1748271920728.0,1.19108,1.19138
1748271920976.0,1.19113,1.19133
1748271921960.0,1.19112,1.19132
1748271922210.0,1.19113,1.19133
1748271923212.0,1.19109,1.19139
1748271924087.0,1.19108,1.19138
1748271924337.0,1.19111,1.19131
1748271924591.0,1.19106,1.19136
1748271926987.0,1.19107,1.19137
1748271927936.0,1.19109,1.19129
1748271931054.0,1.1911,1.1913
1748271931552.0,1.19109,1.19129
1748271932453.0,1.19112,1.19132
1748271932703.0,1.19111,1.19131
1748271933171.0,1.19108,1.19138
1748271935000.0,1.19106,1.19136
1748271939654.0,1.19107,1.19137
1748271939904.0,1.19109,1.19139
1748271940904.0,1.19108,1.19138
1748271941560.0,1.19109,1.19139
1748271950143.0,1.19114,1.19134
1748271958971.0,1.19112,1.19132
1748271960796.0,1.19113,1.19133
1748271961296.0,1.19114,1.19134
1748271967004.0,1.19108,1.19138
1748271971501.0,1.19109,1.19139
1748271975972.0,1.19108,1.19138
1748271979682.0,1.1911,1.1914
1748271979929.0,1.19109,1.19139
1748271980429.0,1.19113,1.19143
1748271980678.0,1.19115,1.19145
1748271981842.0,1.19121,1.19141
1748271982091.0,1.1912,1.1914
1748271982385.0,1.19121,1.19141
1748271983212.0,1.1912,1.1914
1748271985854.0,1.19114,1.19144
1748271991088.0,1.19113,1.19143
1748271992535.0,1.19115,1.19145
1748271995131.0,1.19116,1.19146
1748271999462.0,1.19115,1.19145
1748271999713.0,1.19114,1.19144
1748272002456.0,1.19113,1.19143
1748272002706.0,1.19114,1.19144
1748272005131.0,1.19113,1.19143
1748272006170.0,1.19121,1.19141
1748272006420.0,1.19116,1.19146
1748272020234.0,1.19113,1.19143
1748272020484.0,1.19119,1.19139
1748272021054.0,1.19113,1.19143
1748272021303.0,1.19114,1.19144
1748272024806.0,1.19116,1.19146
1748272033374.0,1.19117,1.19147
1748272041536.0,1.19116,1.19146
1748272042535.0,1.19117,1.19147
1748272043536.0,1.19116,1.19146
1748272044276.0,1.19114,1.19144
1748272045141.0,1.19116,1.19146
1748272045392.0,1.19114,1.19144
1748272045642.0,1.19115,1.19145
1748272046660.0,1.19114,1.19144
1748272049052.0,1.19115,1.19145
1748272050536.0,1.19114,1.19144
1748272056538.0,1.19115,1.19145
1748272063538.0,1.19116,1.19146
1748272070518.0,1.19113,1.19143
1748272070769.0,1.19115,1.19145
1748272071270.0,1.19116,1.19146
1748272076926.0,1.19115,1.19145
1748272077966.0,1.19116,1.19146
1748272085409.0,1.19115,1.19145
1748272101515.0,1.19114,1.19144
1748272104527.0,1.19115,1.19145
1748272106527.0,1.19114,1.19144
1748272107027.0,1.19112,1.19142
1748272107927.0,1.19113,1.19143
1748272110545.0,1.19116,1.19146
1748272110795.0,1.19115,1.19145
1748272111045.0,1.19113,1.19143
1748272111293.0,1.19115,1.19145
1748272115958.0,1.19116,1.19146
1748272116208.0,1.19114,1.19144
1748272116456.0,1.19116,1.19146
1748272117121.0,1.19114,1.19144
1748272117732.0,1.19113,1.19143
1748272117982.0,1.19111,1.19141
1748272118232.0,1.19112,1.19142
1748272118998.0,1.19114,1.19144
1748272119778.0,1.19116,1.19146
1748272120028.0,1.19112,1.19142
1748272120278.0,1.19113,1.19143
1748272120527.0,1.19116,1.19146
1748272121606.0,1.19113,1.19143
1748272123094.0,1.19114,1.19144
1748272123845.0,1.19116,1.19146
1748272125690.0,1.19115,1.19145
1748272126447.0,1.19116,1.19146
1748272127446.0,1.19117,1.19147
1748272128690.0,1.19116,1.19146
1748272129981.0,1.19119,1.19139
1748272130231.0,1.19116,1.19146
1748272132483.0,1.19121,1.19141
1748272133545.0,1.19115,1.19145
1748272134715.0,1.19116,1.19146
1748272135463.0,1.19114,1.19144
1748272135962.0,1.19116,1.19146
1748272137447.0,1.19117,1.19147
1748272138546.0,1.19116,1.19146
1748272140173.0,1.19115,1.19145
1748272141547.0,1.19113,1.19143
1748272142298.0,1.19115,1.19145
1748272143199.0,1.19116,1.19146
1748272145109.0,1.19117,1.19147
1748272145597.0,1.19118,1.19148
1748272147203.0,1.19116,1.19146
1748272151519.0,1.19117,1.19147
1748272152316.0,1.19116,1.19146
1748272154240.0,1.19115,1.19145
1748272155488.0,1.19114,1.19144
1748272158270.0,1.19116,1.19146
1748272159346.0,1.19117,1.19147
1748272165660.0,1.19116,1.19146
1748272172428.0,1.19117,1.19147
1748272174897.0,1.19116,1.19146
1748272175146.0,1.19113,1.19143
1748272175397.0,1.19115,1.19145
1748272175905.0,1.19116,1.19146
1748272177917.0,1.19115,1.19145
1748272178507.0,1.19113,1.19143
1748272180527.0,1.19114,1.19144
1748272180776.0,1.19115,1.19145
1748272181026.0,1.19116,1.19146
1748272188548.0,1.19115,1.19145
1748272195284.0,1.1912,1.1915
1748272195534.0,1.19121,1.19151
1748272198860.0,1.19126,1.19146
1748272201466.0,1.19127,1.19147
1748272201715.0,1.19126,1.19146
1748272205032.0,1.19127,1.19147
1748272205281.0,1.19128,1.19148
1748272205536.0,1.19123,1.19153
1748272207210.0,1.19122,1.19152
1748272207461.0,1.19121,1.19151
1748272208278.0,1.19122,1.19152
1748272208526.0,1.1913,1.1915
1748272209396.0,1.19124,1.19154
1748272209898.0,1.19125,1.19155
1748272211359.0,1.19126,1.19156
1748272213595.0,1.19128,1.19158
1748272216505.0,1.19131,1.19161
1748272216747.0,1.19133,1.19163
1748272217003.0,1.19134,1.19164
1748272219050.0,1.19135,1.19165
1748272219756.0,1.19134,1.19164
1748272220006.0,1.19135,1.19165
1748272221756.0,1.19136,1.19166
1748272222797.0,1.19135,1.19165
1748272223952.0,1.19136,1.19166
1748272224758.0,1.19135,1.19165
1748272230120.0,1.19136,1.19166
1748272236337.0,1.1914,1.1916
1748272239786.0,1.19141,1.19161
1748272240315.0,1.1914,1.1916
1748272244500.0,1.19139,1.19159
1748272244748.0,1.19138,1.19158
1748272244987.0,1.19139,1.19159
1748272246365.0,1.1914,1.1916
1748272249946.0,1.19141,1.19161
1748272250196.0,1.19139,1.19159
1748272250443.0,1.19135,1.19165
1748272250687.0,1.19136,1.19166
1748272251433.0,1.19135,1.19165
1748272259067.0,1.19139,1.19159
1748272259320.0,1.19136,1.19156
1748272259558.0,1.19131,1.19161
1748272260305.0,1.19136,1.19156
1748272263385.0,1.19134,1.19154
1748272269635.0,1.19136,1.19156
1748272282351.0,1.19137,1.19157
1748272291994.0,1.19136,1.19156
1748272298004.0,1.19135,1.19155
1748272299152.0,1.1913,1.1916
1748272301152.0,1.19131,1.19161
1748272301402.0,1.19135,1.19155
1748272301652.0,1.1913,1.1916
1748272302556.0,1.19131,1.19161
1748272305408.0,1.19135,1.19155
1748272307453.0,1.19133,1.19153
1748272307694.0,1.19134,1.19154
1748272307939.0,1.19135,1.19155
1748272309445.0,1.19134,1.19154
1748272315006.0,1.19135,1.19155
1748272315504.0,1.19136,1.19156
1748272315754.0,1.19133,1.19153
1748272316004.0,1.19131,1.19161
1748272316555.0,1.19129,1.19159
1748272317555.0,1.19128,1.19158
1748272319881.0,1.19133,1.19153
1748272320130.0,1.19132,1.19152
1748272321565.0,1.19131,1.19151
1748272324065.0,1.19133,1.19153
1748272329229.0,1.19132,1.19152
1748272331628.0,1.19134,1.19154
1748272331873.0,1.1913,1.1916
1748272332618.0,1.19129,1.19159
1748272338618.0,1.19128,1.19158
1748272340336.0,1.19129,1.19159
1748272341112.0,1.19135,1.19155
1748272341358.0,1.19136,1.19156
1748272341850.0,1.19131,1.19161
1748272342100.0,1.19135,1.19155
1748272346127.0,1.1913,1.1916
1748272349558.0,1.19131,1.19161
1748272355135.0,1.1913,1.1916
1748272359145.0,1.19131,1.19161
1748272364894.0,1.1913,1.1916
1748272366013.0,1.19129,1.19159
1748272368892.0,1.19128,1.19158
1748272369897.0,1.19129,1.19159
1748272380442.0,1.19128,1.19158
1748272381973.0,1.19129,1.19159
1748272382750.0,1.1913,1.1916
1748272385234.0,1.19128,1.19158
1748272388347.0,1.19129,1.19159
1748272389307.0,1.1913,1.1916
1748272389558.0,1.19129,1.19159
1748272390466.0,1.19131,1.19161
1748272390718.0,1.1913,1.1916
1748272390966.0,1.19131,1.19161
1748272392145.0,1.1913,1.1916
1748272392395.0,1.19131,1.19161
1748272393175.0,1.1913,1.1916
1748272393677.0,1.19131,1.19161
1748272394956.0,1.1913,1.1916
1748272395455.0,1.19131,1.19161
1748272397484.0,1.19128,1.19158
1748272399595.0,1.19129,1.19159
1748272399846.0,1.19128,1.19158
1748272409057.0,1.19131,1.19161
1748272410040.0,1.19128,1.19158
1748272416446.0,1.19129,1.19159
1748272416696.0,1.19131,1.19161
1748272416946.0,1.19128,1.19158
1748272417197.0,1.19131,1.19161
1748272425751.0,1.1913,1.1916
1748272428124.0,1.19135,1.19155
1748272431048.0,1.19136,1.19156
1748272437248.0,1.19131,1.19161
1748272440609.0,1.19129,1.19159
1748272441108.0,1.19128,1.19158
1748272444046.0,1.19129,1.19159
1748272445223.0,1.19134,1.19164
1748272445467.0,1.19133,1.19163
1748272445708.0,1.19134,1.19164
1748272445959.0,1.19135,1.19165
1748272447165.0,1.19136,1.19166
1748272447417.0,1.19135,1.19165
1748272447667.0,1.19136,1.19166
1748272451252.0,1.19137,1.19167
1748272452270.0,1.19138,1.19168
1748272456146.0,1.19137,1.19167
1748272461632.0,1.19136,1.19166
1748272462265.0,1.19138,1.19168
1748272462514.0,1.19137,1.19167
1748272463457.0,1.19138,1.19168
1748272466037.0,1.19137,1.19167
1748272466286.0,1.19138,1.19168
1748272469317.0,1.19137,1.19167
1748272473979.0,1.19138,1.19168
1748272479626.0,1.19139,1.19169
1748272480126.0,1.1914,1.1917
1748272483654.0,1.19138,1.19168
1748272484152.0,1.19139,1.19169
1748272484401.0,1.19137,1.19167
1748272484652.0,1.19139,1.19169
1748272485660.0,1.19138,1.19168
1748272485910.0,1.19143,1.19173
1748272487928.0,1.19142,1.19172
1748272489579.0,1.19141,1.19171
1748272490107.0,1.19143,1.19173
1748272490606.0,1.19141,1.19171
1748272493520.0,1.19142,1.19172
1748272494417.0,1.19141,1.19171
1748272494917.0,1.19142,1.19172
1748272495566.0,1.19143,1.19173
1748272501132.0,1.19142,1.19172
1748272501381.0,1.19141,1.19171
1748272501630.0,1.19142,1.19172
1748272503209.0,1.1914,1.1917
1748272503709.0,1.19141,1.19171
1748272504210.0,1.19143,1.19173
1748272520358.0,1.1914,1.1917
1748272521325.0,1.19141,1.19171
1748272522806.0,1.19142,1.19172
1748272523306.0,1.19144,1.19174
1748272523556.0,1.19145,1.19175
1748272526495.0,1.19146,1.19176
1748272532567.0,1.19145,1.19175
1748272533577.0,1.19146,1.19176
1748272536566.0,1.19145,1.19175
1748272537568.0,1.19146,1.19176
1748272541576.0,1.19145,1.19175
1748272543569.0,1.19146,1.19176
1748272544566.0,1.19145,1.19175
1748272546568.0,1.19146,1.19176
1748272547567.0,1.19145,1.19175
1748272552577.0,1.19146,1.19176
1748272565337.0,1.19145,1.19175
1748272568577.0,1.19146,1.19176
1748272569575.0,1.19145,1.19175
1748272571580.0,1.19146,1.19176
1748272572575.0,1.19145,1.19175
1748272574577.0,1.19146,1.19176
1748272576576.0,1.19145,1.19175
1748272578578.0,1.19146,1.19176
1748272579576.0,1.19145,1.19175
1748272604036.0,1.19144,1.19174
1748272604293.0,1.19139,1.19169
1748272606247.0,1.19142,1.19172
1748272606747.0,1.19145,1.19175
1748272607245.0,1.19144,1.19174
1748272611750.0,1.19143,1.19173
1748272611997.0,1.19145,1.19175
1748272612249.0,1.19143,1.19173
1748272621048.0,1.19148,1.19178
1748272621297.0,1.19149,1.19179
1748272624257.0,1.1915,1.1918
1748272627426.0,1.19149,1.19179
1748272628574.0,1.1915,1.1918
1748272632150.0,1.19149,1.19179
1748272632396.0,1.19145,1.19175
1748272633196.0,1.19144,1.19174
1748272634080.0,1.19142,1.19172
1748272635059.0,1.19143,1.19173
1748272639114.0,1.1914,1.1917
1748272643083.0,1.19141,1.19171
1748272643332.0,1.1914,1.1917
1748272646047.0,1.19143,1.19173
1748272646798.0,1.19142,1.19172
1748272648578.0,1.19143,1.19173
1748272649790.0,1.19142,1.19172
1748272651256.0,1.19143,1.19173
1748272660608.0,1.19145,1.19175
1748272661801.0,1.19143,1.19173
1748272675035.0,1.19141,1.19171
1748272679555.0,1.19143,1.19173
1748272680057.0,1.19141,1.19171
1748272680555.0,1.19142,1.19172
1748272681057.0,1.19141,1.19171
1748272698927.0,1.19143,1.19173
1748272704373.0,1.19144,1.19174
1748272705405.0,1.19143,1.19173
1748272710315.0,1.19141,1.19171
1748272712830.0,1.19143,1.19173
1748272714026.0,1.19141,1.19171
1748272714280.0,1.19143,1.19173
1748272714510.0,1.19145,1.19175
1748272723577.0,1.19146,1.19176
1748272724587.0,1.19145,1.19175
1748272732595.0,1.19143,1.19173
1748272735408.0,1.19145,1.19175
1748272736530.0,1.19146,1.19176
1748272737024.0,1.19145,1.19175
1748272742586.0,1.19146,1.19176
1748272743585.0,1.19145,1.19175
1748272744586.0,1.19146,1.19176
1748272745944.0,1.19148,1.19178
1748272746945.0,1.19149,1.19179
1748272747194.0,1.19148,1.19178
1748272747957.0,1.19147,1.19177
1748272751147.0,1.19145,1.19175
1748272765997.0,1.19146,1.19176
1748272766586.0,1.19145,1.19175
1748272769733.0,1.19142,1.19172
1748272769982.0,1.19143,1.19173
1748272778260.0,1.19144,1.19174
1748272778510.0,1.19148,1.19168
1748272779152.0,1.19147,1.19167
1748272779402.0,1.19141,1.19171
1748272779652.0,1.19143,1.19173
1748272784016.0,1.19145,1.19175
1748272784264.0,1.19143,1.19173
1748272789754.0,1.19142,1.19172
1748272791487.0,1.19143,1.19173
1748272791738.0,1.19154,1.19174
1748272793555.0,1.1915,1.1918
1748272801111.0,1.19151,1.19181
1748272803302.0,1.19144,1.19174
1748272804359.0,1.19143,1.19173
1748272806191.0,1.19145,1.19175
1748272810590.0,1.19144,1.19174
1748272810840.0,1.1914,1.1917
1748272812586.0,1.19144,1.19174
1748272813085.0,1.19143,1.19173
1748272813337.0,1.19142,1.19172
1748272814164.0,1.19141,1.19171
1748272814410.0,1.19139,1.19169
1748272815407.0,1.19143,1.19173
1748272816306.0,1.19144,1.19174
1748272828358.0,1.19142,1.19172
1748272828608.0,1.19147,1.19177
1748272829103.0,1.19148,1.19178
1748272830536.0,1.1915,1.1918
1748272833016.0,1.19146,1.19176
1748272833266.0,1.19144,1.19174
1748272834105.0,1.19145,1.19175
1748272854551.0,1.19146,1.19176
1748272855085.0,1.19145,1.19175
1748272856557.0,1.19146,1.19176
1748272860310.0,1.19149,1.19179
1748272865183.0,1.19148,1.19178
1748272872720.0,1.19149,1.19179
1748272872968.0,1.19151,1.19181
1748272875086.0,1.19152,1.19182
1748272875588.0,1.1915,1.1918
1748272875839.0,1.19149,1.19179
1748272877086.0,1.19148,1.19178
1748272899780.0,1.19145,1.19175
1748272900252.0,1.19147,1.19177
1748272900501.0,1.19148,1.19178
1748272902631.0,1.19147,1.19177
1748272903535.0,1.19148,1.19178
1748272904285.0,1.19149,1.19179
1748272904535.0,1.19148,1.19178
1748272904784.0,1.19147,1.19177
1748272905285.0,1.19148,1.19178
1748272905723.0,1.19147,1.19177
1748272908511.0,1.19148,1.19178
1748272909381.0,1.19147,1.19177
1748272909879.0,1.19148,1.19178
1748272910630.0,1.19149,1.19179
1748272910879.0,1.19148,1.19178
1748272911380.0,1.19149,1.19179
1748272911630.0,1.19148,1.19178
1748272925017.0,1.19151,1.19181
1748272925267.0,1.19152,1.19182
1748272935050.0,1.19153,1.19183
1748272935305.0,1.1915,1.1918
1748272941600.0,1.19149,1.19179
1748272944598.0,1.1915,1.1918
1748272953971.0,1.19152,1.19182
1748272955106.0,1.19153,1.19183
1748272955355.0,1.19152,1.19182
1748272955603.0,1.19153,1.19183
1748272960116.0,1.19152,1.19182
1748272962115.0,1.19153,1.19183
1748272965115.0,1.19154,1.19184
1748272967595.0,1.19153,1.19183
1748272968095.0,1.19155,1.19185
1748272968346.0,1.19159,1.19179
1748272968846.0,1.19154,1.19184
1748272970044.0,1.19153,1.19183
1748272971804.0,1.19155,1.19185
1748272972298.0,1.19154,1.19184
1748272975407.0,1.19156,1.19186
1748272976381.0,1.19159,1.19179
1748272976881.0,1.19154,1.19184
1748272982647.0,1.19153,1.19183
1748272982895.0,1.1915,1.1918
1748272983138.0,1.19152,1.19182
1748272990596.0,1.19151,1.19181
1748272993696.0,1.19152,1.19182
1748272996595.0,1.19151,1.19181
1748273005458.0,1.1915,1.1918
1748273010313.0,1.19149,1.19179
1748273012495.0,1.19151,1.19181
1748273012743.0,1.1915,1.1918
1748273013708.0,1.19151,1.19181
1748273014370.0,1.1915,1.1918
1748273024135.0,1.19152,1.19182
1748273024386.0,1.1915,1.1918
1748273025456.0,1.19151,1.19181
1748273025956.0,1.19152,1.19182
1748273028059.0,1.19149,1.19179
1748273040198.0,1.1915,1.1918
1748273055756.0,1.19152,1.19182
1748273056608.0,1.19153,1.19183
1748273056859.0,1.19152,1.19182
1748273059675.0,1.1915,1.1918
1748273060425.0,1.19155,1.19185
1748273061427.0,1.19153,1.19183
1748273072836.0,1.19152,1.19182
1748273073085.0,1.19147,1.19177
1748273073324.0,1.19148,1.19178
1748273073916.0,1.19149,1.19179
1748273074165.0,1.1915,1.1918
1748273074848.0,1.19148,1.19178
1748273075098.0,1.19151,1.19181
1748273076089.0,1.1915,1.1918
1748273081094.0,1.19152,1.19182
1748273087819.0,1.19153,1.19183
1748273092631.0,1.19154,1.19184
1748273096404.0,1.19153,1.19183
1748273097598.0,1.19155,1.19185
1748273098096.0,1.19156,1.19186
1748273102656.0,1.19154,1.19184
1748273103147.0,1.19153,1.19183
1748273106606.0,1.19155,1.19185
1748273107110.0,1.19153,1.19183
1748273112406.0,1.19156,1.19186
1748273113315.0,1.19155,1.19185
1748273113564.0,1.19156,1.19186
1748273114366.0,1.19157,1.19187
1748273118997.0,1.19158,1.19188
1748273120609.0,1.19162,1.19182
1748273123510.0,1.19154,1.19184
1748273127622.0,1.19157,1.19177
1748273127874.0,1.19154,1.19184
1748273130059.0,1.19153,1.19183
1748273131853.0,1.19155,1.19185
1748273132104.0,1.19154,1.19184
1748273134694.0,1.19155,1.19185
1748273136050.0,1.19156,1.19186
1748273136299.0,1.19157,1.19187
1748273137110.0,1.19163,1.19183
1748273137360.0,1.19157,1.19187
1748273137609.0,1.19158,1.19188
1748273142235.0,1.19159,1.19189
1748273142486.0,1.19157,1.19187
1748273143246.0,1.19156,1.19186
1748273145407.0,1.19157,1.19187
1748273164118.0,1.19155,1.19185
1748273169189.0,1.19156,1.19186
1748273173504.0,1.19155,1.19185
1748273175660.0,1.19154,1.19184
1748273180305.0,1.19157,1.19187
1748273181337.0,1.19155,1.19185
1748273189674.0,1.19157,1.19187
1748273197287.0,1.19156,1.19186
1748273197791.0,1.19155,1.19185
1748273198900.0,1.19154,1.19184
1748273219587.0,1.19155,1.19185
1748273238657.0,1.19153,1.19183
1748273238907.0,1.19155,1.19185
1748273239616.0,1.19154,1.19184
1748273242617.0,1.19153,1.19183
1748273244617.0,1.19154,1.19184
1748273245616.0,1.19153,1.19183
1748273246618.0,1.19154,1.19184
1748273248618.0,1.19153,1.19183
1748273249117.0,1.19152,1.19182
1748273249617.0,1.19153,1.19183
1748273250116.0,1.19151,1.19181
1748273253501.0,1.19152,1.19182
1748273263594.0,1.19153,1.19183
1748273265405.0,1.19152,1.19182
1748273268155.0,1.19154,1.19184
1748273268655.0,1.19155,1.19185
1748273269655.0,1.19154,1.19184
1748273270407.0,1.19153,1.19183
1748273270655.0,1.19155,1.19185
1748273271506.0,1.19154,1.19184
1748273274621.0,1.19155,1.19185
1748273277253.0,1.19156,1.19186
1748273277498.0,1.19155,1.19185
1748273277991.0,1.19158,1.19188
1748273278234.0,1.19162,1.19192
1748273279325.0,1.19164,1.19194
1748273279574.0,1.19169,1.19199
1748273279823.0,1.19167,1.19197
1748273280074.0,1.19166,1.19196
1748273281368.0,1.19167,1.19197
1748273281867.0,1.19166,1.19196
1748273283322.0,1.19167,1.19197
1748273283822.0,1.19166,1.19196
1748273284321.0,1.19167,1.19197
1748273284823.0,1.19168,1.19198
1748273285071.0,1.19169,1.19199
1748273285584.0,1.19168,1.19198
1748273285835.0,1.19169,1.19199
1748273286085.0,1.19168,1.19198
1748273286617.0,1.1917,1.192
1748273287866.0,1.19171,1.19201
1748273288647.0,1.1917,1.192
1748273289635.0,1.19172,1.19202
1748273291396.0,1.19171,1.19201
1748273299654.0,1.19172,1.19202
1748273300157.0,1.1917,1.192
1748273301506.0,1.19171,1.19201
1748273301756.0,1.1917,1.192
1748273302006.0,1.19171,1.19201
1748273302557.0,1.1917,1.192
1748273303061.0,1.19171,1.19201
1748273308375.0,1.1917,1.192
1748273310186.0,1.19171,1.19201
1748273310437.0,1.1917,1.192
1748273314635.0,1.19172,1.19202
1748273319540.0,1.19175,1.19195
1748273325094.0,1.19176,1.19196
1748273327062.0,1.19171,1.19201
1748273332150.0,1.19172,1.19202
1748273332400.0,1.19166,1.19196
1748273332637.0,1.19167,1.19197
1748273333988.0,1.19166,1.19196
1748273334237.0,1.19167,1.19197
1748273336057.0,1.19166,1.19196
1748273336306.0,1.19167,1.19197
1748273340080.0,1.19166,1.19196
1748273340328.0,1.19167,1.19197
1748273342035.0,1.19166,1.19196
1748273345142.0,1.19167,1.19197
1748273345392.0,1.1917,1.192
1748273345892.0,1.19167,1.19197
1748273348462.0,1.19165,1.19195
1748273352262.0,1.19166,1.19196
1748273353172.0,1.19167,1.19197
1748273353418.0,1.1917,1.1919
1748273353668.0,1.19165,1.19195
1748273353916.0,1.19163,1.19193
1748273354466.0,1.19166,1.19196
1748273354965.0,1.19165,1.19195
1748273355465.0,1.19164,1.19194
1748273355716.0,1.19162,1.19192
1748273356217.0,1.19164,1.19194
1748273360613.0,1.19167,1.19187
1748273360865.0,1.19169,1.19189
1748273361357.0,1.19168,1.19188
1748273361605.0,1.19169,1.19189
1748273361857.0,1.19167,1.19187
1748273362106.0,1.19168,1.19188
1748273362356.0,1.19167,1.19187
1748273362856.0,1.19168,1.19188
1748273363106.0,1.19167,1.19187
1748273364064.0,1.19161,1.19191
1748273364310.0,1.1916,1.1919
1748273365297.0,1.19159,1.19189
1748273365548.0,1.1916,1.1919
1748273366549.0,1.19159,1.19189
1748273367688.0,1.19158,1.19188
1748273368682.0,1.19159,1.19189
1748273371556.0,1.19158,1.19188
1748273371806.0,1.19159,1.19189
1748273377223.0,1.19158,1.19188
1748273377473.0,1.19159,1.19189
1748273377976.0,1.1916,1.1919
1748273378224.0,1.19158,1.19188
1748273380339.0,1.19157,1.19187
1748273388047.0,1.19158,1.19188
1748273389627.0,1.19159,1.19189
1748273395534.0,1.1916,1.1919
1748273397046.0,1.19157,1.19187
1748273397296.0,1.19159,1.19189
1748273397796.0,1.19158,1.19188
1748273398624.0,1.19159,1.19189
1748273400041.0,1.19157,1.19187
1748273400293.0,1.19156,1.19186
1748273400795.0,1.19157,1.19187
1748273402066.0,1.19158,1.19188
1748273403379.0,1.19157,1.19187
1748273406555.0,1.19158,1.19188
1748273409859.0,1.19157,1.19187
1748273410101.0,1.19156,1.19186
1748273410863.0,1.19155,1.19185
1748273411863.0,1.19157,1.19187
1748273412862.0,1.19156,1.19186
1748273413835.0,1.19157,1.19187
1748273414336.0,1.19155,1.19185
1748273422646.0,1.1916,1.1918
1748273424136.0,1.19162,1.19182
1748273424386.0,1.19159,1.19189
1748273424636.0,1.19158,1.19188
1748273425152.0,1.19159,1.19189
1748273425401.0,1.1916,1.1919
1748273426395.0,1.19161,1.19191
1748273427168.0,1.19162,1.19192
1748273429436.0,1.19161,1.19191
1748273431993.0,1.19162,1.19192
1748273432243.0,1.19163,1.19193
1748273434016.0,1.19162,1.19192
1748273435061.0,1.19165,1.19195
1748273435305.0,1.19164,1.19194
1748273436553.0,1.19165,1.19195
1748273441291.0,1.19167,1.19197
1748273442694.0,1.19166,1.19196
1748273446259.0,1.19167,1.19197
1748273447183.0,1.19166,1.19196
1748273447433.0,1.19167,1.19197
1748273448085.0,1.19168,1.19198
1748273450311.0,1.19166,1.19196
1748273451316.0,1.19167,1.19197
1748273451564.0,1.19166,1.19196
1748273452921.0,1.19168,1.19198
1748273455658.0,1.19167,1.19197
1748273455908.0,1.19168,1.19198
1748273459157.0,1.19167,1.19197
1748273460087.0,1.19169,1.19199
1748273460335.0,1.19171,1.19201
1748273460584.0,1.1917,1.192
1748273461329.0,1.19171,1.19201
1748273461578.0,1.1917,1.192
1748273462181.0,1.19168,1.19198
1748273462433.0,1.1917,1.192
1748273462931.0,1.19168,1.19198
1748273466495.0,1.19167,1.19197
1748273469777.0,1.19168,1.19198
1748273470276.0,1.19167,1.19197
1748273470776.0,1.19166,1.19196
1748273475667.0,1.19172,1.19202
1748273475914.0,1.19169,1.19199
1748273476451.0,1.1917,1.192
1748273478788.0,1.19172,1.19202
1748273479037.0,1.1917,1.192
1748273496321.0,1.19167,1.19197
1748273496569.0,1.19168,1.19198
1748273497368.0,1.19167,1.19197
1748273500046.0,1.19168,1.19198
1748273500296.0,1.19165,1.19195
1748273501035.0,1.19166,1.19196
1748273501625.0,1.19167,1.19197
1748273506326.0,1.19166,1.19196
1748273506826.0,1.19167,1.19197
1748273508232.0,1.19166,1.19196
1748273508731.0,1.19165,1.19195
1748273516865.0,1.19166,1.19196
1748273517361.0,1.19165,1.19195
1748273517607.0,1.19166,1.19196
1748273518175.0,1.19165,1.19195
1748273529584.0,1.19164,1.19194
1748273530824.0,1.19163,1.19193
1748273531076.0,1.19164,1.19194
1748273532097.0,1.19163,1.19193
1748273532889.0,1.19165,1.19195
1748273533940.0,1.19166,1.19196
1748273534188.0,1.19165,1.19195
1748273535147.0,1.19166,1.19196
1748273535387.0,1.19167,1.19197
1748273537211.0,1.19169,1.19199
1748273539520.0,1.19167,1.19197
1748273539771.0,1.19168,1.19198
1748273540020.0,1.19167,1.19197
1748273540763.0,1.19169,1.19199
1748273541641.0,1.19168,1.19198
1748273541892.0,1.1917,1.192
1748273544653.0,1.19168,1.19198
1748273545485.0,1.19167,1.19197
1748273548489.0,1.19176,1.19196
1748273548739.0,1.19175,1.19195
1748273549506.0,1.19171,1.19201
1748273554304.0,1.19169,1.19199
1748273554554.0,1.19167,1.19197
1748273555548.0,1.19166,1.19196
1748273559024.0,1.19167,1.19197
1748273568389.0,1.19166,1.19196
1748273571860.0,1.19167,1.19197
1748273577092.0,1.19171,1.19201
1748273578734.0,1.1917,1.192
1748273579704.0,1.19171,1.19201
1748273583463.0,1.1917,1.192
1748273583713.0,1.19171,1.19201
1748273584198.0,1.1917,1.192
1748273588637.0,1.19171,1.19201
1748273590635.0,1.1917,1.192
1748273592907.0,1.19174,1.19204
1748273594683.0,1.19173,1.19203
1748273595799.0,1.19169,1.19199
1748273596044.0,1.19171,1.19201
1748273596783.0,1.1917,1.192
1748273598136.0,1.19171,1.19201
1748273598723.0,1.19172,1.19202
1748273620315.0,1.1917,1.192
1748273621765.0,1.19171,1.19201
1748273622794.0,1.1917,1.192
1748273624941.0,1.19172,1.19202
1748273652046.0,1.19173,1.19203
1748273666797.0,1.19174,1.19204
1748273667049.0,1.19173,1.19203
1748273667636.0,1.19174,1.19204
1748273668135.0,1.19175,1.19205
1748273669206.0,1.19174,1.19204
1748273669704.0,1.19173,1.19203
1748273670764.0,1.19172,1.19202
1748273671012.0,1.19171,1.19201
1748273671751.0,1.19172,1.19202
1748273672638.0,1.19173,1.19203
1748273681035.0,1.19172,1.19202
1748273681285.0,1.19173,1.19203
1748273682636.0,1.19172,1.19202
1748273686083.0,1.1917,1.192
1748273686581.0,1.19175,1.19195
1748273689445.0,1.19171,1.19201
1748273700547.0,1.1917,1.192
1748273704977.0,1.19172,1.19202
1748273706767.0,1.1917,1.192
1748273707015.0,1.19171,1.19201
1748273711386.0,1.1917,1.192
1748273715142.0,1.19171,1.19201
1748273715392.0,1.19172,1.19202
1748273715891.0,1.19171,1.19201
1748273716141.0,1.19167,1.19197
1748273716387.0,1.19168,1.19198
1748273716642.0,1.19166,1.19196
1748273716891.0,1.19167,1.19197
1748273717137.0,1.19166,1.19196
1748273719106.0,1.19165,1.19195
1748273720222.0,1.19166,1.19196
1748273720468.0,1.19165,1.19195
1748273720966.0,1.19166,1.19196
1748273721627.0,1.19165,1.19195
1748273723446.0,1.19166,1.19196
1748273723695.0,1.19165,1.19195
1748273724196.0,1.19164,1.19194
1748273728931.0,1.19163,1.19193
1748273729182.0,1.19164,1.19194
1748273730645.0,1.19163,1.19193
1748273735136.0,1.19164,1.19194
1748273737013.0,1.19165,1.19195
1748273737258.0,1.19164,1.19194
1748273737506.0,1.19165,1.19195
1748273739686.0,1.19164,1.19194
1748273740646.0,1.19165,1.19195
1748273744261.0,1.19164,1.19194
1748273751067.0,1.19165,1.19195
1748273756466.0,1.19167,1.19197
1748273760061.0,1.19165,1.19195
1748273761712.0,1.19164,1.19194
1748273762646.0,1.19165,1.19195
1748273769647.0,1.19164,1.19194
1748273771645.0,1.19165,1.19195
1748273773646.0,1.19164,1.19194
1748273775792.0,1.19165,1.19195
1748273794666.0,1.19166,1.19196
1748273794917.0,1.19167,1.19197
1748273795775.0,1.19166,1.19196
1748273800313.0,1.19165,1.19195
1748273802960.0,1.19164,1.19194
1748273809433.0,1.19165,1.19195
1748273809685.0,1.19166,1.19196
1748273810241.0,1.19167,1.19197
1748273810490.0,1.19165,1.19195
1748273812633.0,1.19167,1.19197
1748273813646.0,1.19166,1.19196
1748273816669.0,1.19165,1.19195
1748273817647.0,1.19167,1.19197
1748273821240.0,1.19165,1.19195
1748273821488.0,1.19167,1.19197
1748273822417.0,1.19165,1.19195
1748273822666.0,1.19167,1.19197
1748273823646.0,1.19165,1.19195
1748273824986.0,1.19167,1.19197
1748273825646.0,1.19165,1.19195
1748273826646.0,1.19167,1.19197
1748273827873.0,1.19166,1.19196
1748273828827.0,1.19164,1.19194
1748273829076.0,1.19167,1.19197
1748273830853.0,1.19172,1.19192
1748273831098.0,1.19167,1.19197
1748273831597.0,1.19166,1.19196
1748273833699.0,1.19165,1.19195
1748273835647.0,1.19164,1.19194
1748273836647.0,1.19165,1.19195
1748273837896.0,1.19164,1.19194
1748273838645.0,1.19165,1.19195
1748273840235.0,1.19167,1.19197
1748273845420.0,1.19165,1.19195
1748273845670.0,1.19162,1.19192
1748273845942.0,1.19165,1.19195
1748273846771.0,1.19163,1.19193
1748273847021.0,1.19167,1.19197
1748273854345.0,1.19166,1.19196
1748273855408.0,1.19167,1.19197
1748273861448.0,1.19166,1.19196
1748273861696.0,1.19167,1.19197
1748273862347.0,1.19168,1.19198
1748273862599.0,1.19167,1.19197
1748273869433.0,1.19169,1.19199
1748273870197.0,1.1917,1.192
1748273875822.0,1.19172,1.19202
1748273880342.0,1.1917,1.192
1748273880591.0,1.19169,1.19199
1748273881103.0,1.19165,1.19195
1748273881347.0,1.19167,1.19197
1748273881599.0,1.19165,1.19195
1748273887814.0,1.19167,1.19197
1748273892041.0,1.19165,1.19195
1748273892292.0,1.19167,1.19197
1748273900226.0,1.19166,1.19196
1748273901202.0,1.19167,1.19197
1748273918234.0,1.19165,1.19195
1748273922196.0,1.19171,1.19201
1748273922958.0,1.19167,1.19197
1748273923207.0,1.19166,1.19196
1748273923456.0,1.19167,1.19197
1748273928106.0,1.19166,1.19196
1748273935517.0,1.19165,1.19195
1748273936019.0,1.19167,1.19197
1748273942656.0,1.19166,1.19196
1748273946915.0,1.19167,1.19197
1748273951400.0,1.19168,1.19198
1748273952839.0,1.19169,1.19199
1748273958126.0,1.19168,1.19198
1748273958878.0,1.19172,1.19192
1748273960658.0,1.19167,1.19197
1748273968074.0,1.19169,1.19199
1748273968572.0,1.19167,1.19197
1748273970657.0,1.19168,1.19198
1748273971674.0,1.1917,1.192
1748273973157.0,1.19173,1.19203
1748273973407.0,1.19172,1.19202
1748273974159.0,1.19174,1.19204
1748273981445.0,1.19172,1.19202
1748273981699.0,1.1917,1.192
1748273981944.0,1.19167,1.19197
1748273986882.0,1.1917,1.192
1748273994034.0,1.19169,1.19199
1748273994282.0,1.1917,1.192
1748273994655.0,1.19169,1.19199
1748273994906.0,1.19167,1.19197
1748274000806.0,1.19165,1.19195
1748274024324.0,1.19167,1.19187
1748274024821.0,1.19165,1.19195
1748274026276.0,1.19162,1.19192
1748274026527.0,1.19167,1.19187
1748274027030.0,1.19169,1.19189
1748274027288.0,1.19165,1.19195
1748274027779.0,1.19166,1.19196
1748274028279.0,1.19165,1.19195
1748274029252.0,1.19166,1.19196
1748274033645.0,1.19165,1.19195
1748274036668.0,1.19166,1.19196
1748274050518.0,1.19165,1.19195
1748274053191.0,1.19166,1.19196
1748274053444.0,1.1917,1.192
1748274054686.0,1.19172,1.19202
1748274055186.0,1.19173,1.19203
1748274055435.0,1.19172,1.19202
1748274057721.0,1.19174,1.19204
1748274059666.0,1.19173,1.19203
1748274060666.0,1.19175,1.19205
1748274062565.0,1.19174,1.19204
1748274067166.0,1.19173,1.19203
1748274077216.0,1.19172,1.19202
1748274110808.0,1.19173,1.19203
1748274112667.0,1.19174,1.19204
1748274119379.0,1.19173,1.19203
1748274120519.0,1.19175,1.19195
1748274120769.0,1.19177,1.19197
1748274126024.0,1.19178,1.19198
1748274126608.0,1.19177,1.19197
1748274128447.0,1.19178,1.19198
1748274130388.0,1.1918,1.192
1748274132147.0,1.19172,1.19202
1748274132396.0,1.19174,1.19204
1748274134405.0,1.19175,1.19205
1748274135261.0,1.19174,1.19204
1748274135506.0,1.1918,1.192
1748274135741.0,1.19175,1.19205
1748274136566.0,1.19176,1.19206
1748274136817.0,1.19175,1.19205
1748274137359.0,1.19183,1.19203
1748274137608.0,1.19178,1.19208
1748274137867.0,1.19177,1.19207
1748274138113.0,1.19176,1.19206
1748274138766.0,1.19181,1.19201
1748274144291.0,1.19175,1.19205
1748274146657.0,1.19176,1.19206
1748274150002.0,1.19175,1.19205
1748274155936.0,1.1918,1.192
1748274157187.0,1.19181,1.19201
1748274157996.0,1.19175,1.19205
1748274169254.0,1.19176,1.19206
1748274169994.0,1.19175,1.19205
1748274180314.0,1.19176,1.19206
1748274181352.0,1.19175,1.19205
1748274189416.0,1.19179,1.19199
1748274189655.0,1.19176,1.19206
1748274190155.0,1.19175,1.19205
1748274192871.0,1.19176,1.19206
1748274193121.0,1.19175,1.19205
1748274194675.0,1.19176,1.19206
1748274194926.0,1.19175,1.19205
1748274197015.0,1.19177,1.19207
1748274200679.0,1.19178,1.19208
1748274205408.0,1.19177,1.19207
1748274206351.0,1.19179,1.19209
1748274206598.0,1.19178,1.19208
1748274207465.0,1.19177,1.19207
1748274211718.0,1.1918,1.1921
1748274211967.0,1.19179,1.19209
1748274213228.0,1.19178,1.19208
1748274217348.0,1.1918,1.1921
1748274222476.0,1.19178,1.19208
1748274223475.0,1.19179,1.19209
1748274224177.0,1.19177,1.19207
1748274224429.0,1.19179,1.19209
1748274224906.0,1.19185,1.19205
1748274225405.0,1.1918,1.1921
1748274227170.0,1.19179,1.19209
1748274227421.0,1.19178,1.19208
1748274227923.0,1.19185,1.19205
1748274231166.0,1.1918,1.1921
1748274231414.0,1.19179,1.19209
1748274235947.0,1.19178,1.19208
1748274237689.0,1.19177,1.19207
1748274238188.0,1.1918,1.1921
1748274238439.0,1.19177,1.19207
1748274239386.0,1.19176,1.19206
1748274240240.0,1.19175,1.19205
1748274241511.0,1.1918,1.192
1748274241761.0,1.19174,1.19204
1748274242408.0,1.19173,1.19203
1748274243676.0,1.19174,1.19204
1748274243928.0,1.19173,1.19203
1748274244428.0,1.19172,1.19202
1748274245677.0,1.19173,1.19203
1748274246846.0,1.19174,1.19204
1748274248677.0,1.19173,1.19203
1748274250519.0,1.19172,1.19202
1748274250768.0,1.19177,1.19197
1748274251679.0,1.19178,1.19198
1748274252676.0,1.19177,1.19197
1748274254875.0,1.19172,1.19202
1748274257013.0,1.19171,1.19201
1748274259463.0,1.19172,1.19202
1748274261376.0,1.19173,1.19203
1748274262396.0,1.19172,1.19202
1748274270876.0,1.19177,1.19197
1748274277436.0,1.19172,1.19202
1748274280519.0,1.19177,1.19197
1748274287576.0,1.19174,1.19204
1748274291917.0,1.19173,1.19203
1748274292416.0,1.19172,1.19202
1748274294083.0,1.19171,1.19201
1748274294825.0,1.1917,1.192
1748274295076.0,1.19174,1.19194
1748274295848.0,1.1917,1.192
1748274296845.0,1.19171,1.19201
1748274303695.0,1.19175,1.19195
1748274303929.0,1.19169,1.19199
1748274304777.0,1.19171,1.19201
1748274308476.0,1.19167,1.19197
1748274309439.0,1.19166,1.19196
1748274309690.0,1.19167,1.19197
1748274310189.0,1.19166,1.19196
1748274310440.0,1.19167,1.19197
1748274310688.0,1.19166,1.19196
1748274322540.0,1.19165,1.19195
1748274322790.0,1.19164,1.19194
1748274323436.0,1.19163,1.19193
1748274327405.0,1.19165,1.19195
1748274328856.0,1.19164,1.19194
1748274331227.0,1.19165,1.19195
1748274334350.0,1.19164,1.19194
1748274335126.0,1.19166,1.19196
1748274337095.0,1.19165,1.19195
1748274341414.0,1.19163,1.19193
1748274341910.0,1.19164,1.19194
1748274342675.0,1.19163,1.19193
1748274354484.0,1.19164,1.19194
1748274355411.0,1.19163,1.19193
1748274360314.0,1.19162,1.19192
1748274387109.0,1.1916,1.1919
1748274392221.0,1.19162,1.19192
1748274401099.0,1.19154,1.19184
1748274401847.0,1.19155,1.19185
1748274402097.0,1.19154,1.19184
