1748268000282.0,1.35668,1.35677
1748268000388.0,1.35667,1.35676
1748268000960.0,1.35666,1.35675
1748268001180.0,1.35662,1.35671
1748268001297.0,1.35659,1.35668
1748268002009.0,1.3566,1.35669
1748268003014.0,1.35659,1.35668
1748268003702.0,1.35657,1.35666
1748268004266.0,1.35656,1.35665
1748268020335.0,1.35652,1.35661
1748268021458.0,1.35653,1.35662
1748268022784.0,1.35654,1.35663
1748268023738.0,1.35651,1.3566
1748268023958.0,1.35652,1.35661
1748268025511.0,1.35654,1.35663
1748268027057.0,1.35657,1.35666
1748268028116.0,1.35656,1.35665
1748268028232.0,1.35657,1.35666
1748268028774.0,1.35655,1.35664
1748268028883.0,1.35656,1.35665
1748268030531.0,1.35655,1.35664
1748268033994.0,1.35654,1.35663
1748268039926.0,1.35656,1.35665
1748268041473.0,1.35658,1.35667
1748268042278.0,1.35659,1.35668
1748268042498.0,1.35659,1.35668
1748268043617.0,1.35663,1.35672
1748268044917.0,1.35662,1.35671
1748268055176.0,1.3566,1.35669
1748268056217.0,1.35662,1.35671
1748268056327.0,1.35663,1.35672
1748268059009.0,1.35667,1.35676
1748268059892.0,1.35668,1.35677
1748268062483.0,1.35667,1.35676
1748268067959.0,1.35668,1.35677
1748268071308.0,1.35676,1.35685
1748268072391.0,1.35677,1.35686
1748268074373.0,1.35676,1.35685
1748268075407.0,1.35675,1.35684
1748268076648.0,1.35676,1.35685
1748268079991.0,1.35677,1.35686
1748268082553.0,1.35676,1.35685
1748268088893.0,1.35675,1.35684
1748268089002.0,1.35673,1.35682
1748268091508.0,1.3566,1.35669
1748268092441.0,1.35663,1.35672
1748268098684.0,1.35662,1.35671
1748268100810.0,1.35658,1.35667
1748268103836.0,1.35657,1.35666
1748268106319.0,1.35659,1.35668
1748268106428.0,1.35662,1.35671
1748268106541.0,1.35659,1.35668
1748268107049.0,1.35658,1.35667
1748268108497.0,1.35657,1.35666
1748268108609.0,1.35658,1.35667
1748268109166.0,1.35659,1.35668
1748268110053.0,1.35661,1.3567
1748268112600.0,1.35658,1.35667
1748268115051.0,1.35662,1.35671
1748268115271.0,1.35662,1.35671
1748268119523.0,1.35663,1.35672
1748268120299.0,1.35664,1.35673
1748268122448.0,1.35663,1.35672
1748268132096.0,1.35667,1.35676
1748268137089.0,1.35668,1.35677
1748268137418.0,1.35668,1.35677
1748268137638.0,1.35667,1.35676
1748268138083.0,1.35668,1.35677
1748268139416.0,1.35667,1.35676
1748268140517.0,1.35669,1.35678
1748268141672.0,1.35662,1.35671
1748268142187.0,1.35665,1.35674
1748268142560.0,1.35664,1.35679
1748268142669.0,1.3566,1.35675
1748268142890.0,1.35664,1.35679
1748268142998.0,1.3566,1.35675
1748268143219.0,1.35664,1.35679
1748268143329.0,1.3566,1.35675
1748268143550.0,1.35665,1.35674
1748268146151.0,1.35664,1.35673
1748268149842.0,1.35663,1.35672
1748268150436.0,1.35657,1.35666
1748268152984.0,1.35653,1.35662
1748268160429.0,1.35649,1.35658
1748268160815.0,1.35651,1.3566
1748268161035.0,1.3565,1.35659
1748268161366.0,1.35649,1.35658
1748268162300.0,1.3565,1.35659
1748268169661.0,1.35647,1.35656
1748268170543.0,1.35648,1.35657
1748268177571.0,1.35647,1.35656
1748268184918.0,1.35644,1.35653
1748268185775.0,1.35643,1.35652
1748268192796.0,1.35644,1.35653
1748268193103.0,1.35642,1.35651
1748268194032.0,1.35639,1.35648
1748268195288.0,1.35637,1.35646
1748268196838.0,1.35635,1.35644
1748268198186.0,1.35632,1.35641
1748268198403.0,1.35631,1.3564
1748268199053.0,1.35629,1.35638
1748268199272.0,1.35628,1.35637
1748268200197.0,1.35627,1.35636
1748268209082.0,1.35622,1.35631
1748268209189.0,1.35619,1.35628
1748268210311.0,1.35618,1.35627
1748268216153.0,1.35617,1.35626
1748268217835.0,1.35618,1.35627
1748268220375.0,1.35617,1.35626
1748268221470.0,1.35615,1.35624
1748268222346.0,1.35613,1.35622
1748268227753.0,1.35609,1.35618
1748268229532.0,1.35608,1.35617
1748268240519.0,1.35607,1.35616
1748268243257.0,1.35601,1.3561
1748268243365.0,1.35599,1.35608
1748268245122.0,1.356,1.35609
1748268248771.0,1.35599,1.35608
1748268249544.0,1.356,1.35609
1748268251656.0,1.35604,1.35613
1748268254651.0,1.35603,1.35612
1748268259098.0,1.35606,1.35615
1748268259209.0,1.35601,1.3561
1748268259648.0,1.35599,1.35608
1748268260154.0,1.35598,1.35607
1748268262389.0,1.35599,1.35608
1748268263515.0,1.35598,1.35607
1748268267962.0,1.35596,1.35605
1748268272619.0,1.35597,1.35606
1748268273433.0,1.35592,1.35601
1748268275273.0,1.35595,1.35604
1748268278346.0,1.35594,1.35603
1748268279161.0,1.35593,1.35602
1748268293635.0,1.35591,1.356
1748268294027.0,1.3559,1.35599
1748268294136.0,1.35589,1.35598
1748268300721.0,1.35587,1.35596
1748268303067.0,1.35588,1.35597
1748268305781.0,1.35587,1.35596
1748268305885.0,1.35588,1.35597
1748268305991.0,1.35587,1.35596
1748268307481.0,1.35586,1.35595
1748268313281.0,1.35587,1.35596
1748268313610.0,1.35587,1.35596
1748268316708.0,1.35586,1.35595
1748268316928.0,1.35587,1.35596
1748268320796.0,1.35588,1.35597
1748268322623.0,1.35593,1.35602
1748268322733.0,1.35592,1.35601
1748268323061.0,1.35591,1.356
1748268325649.0,1.35595,1.35604
1748268326982.0,1.35596,1.35605
1748268330112.0,1.35595,1.35604
1748268331807.0,1.35591,1.356
1748268332709.0,1.3559,1.35599
1748268336400.0,1.35591,1.356
1748268341948.0,1.3559,1.35599
1748268342168.0,1.35592,1.35601
1748268346204.0,1.35593,1.35602
1748268346316.0,1.35592,1.35601
1748268349236.0,1.35593,1.35602
1748268350800.0,1.35595,1.35604
1748268353374.0,1.35594,1.35603
1748268355237.0,1.35591,1.356
1748268355570.0,1.35589,1.35598
1748268357936.0,1.3559,1.35599
1748268358155.0,1.35591,1.356
1748268361437.0,1.35594,1.35603
1748268363265.0,1.35593,1.35602
1748268381573.0,1.35592,1.35601
1748268384618.0,1.35591,1.356
1748268386724.0,1.35596,1.35605
1748268389608.0,1.35595,1.35604
1748268392632.0,1.35596,1.35605
1748268397218.0,1.35597,1.35606
1748268398648.0,1.35585,1.35594
1748268399108.0,1.35584,1.35593
1748268399807.0,1.35585,1.35594
1748268400208.0,1.35587,1.35596
1748268407068.0,1.35588,1.35597
1748268408436.0,1.35589,1.35598
1748268411099.0,1.35588,1.35597
1748268411317.0,1.35586,1.35595
1748268413478.0,1.35583,1.35592
1748268414559.0,1.35584,1.35593
1748268414669.0,1.35586,1.35595
1748268420337.0,1.35582,1.35591
1748268423935.0,1.35581,1.3559
1748268424373.0,1.35582,1.35591
1748268426939.0,1.35581,1.3559
1748268427373.0,1.35579,1.35588
1748268427482.0,1.35578,1.35587
1748268428865.0,1.35577,1.35586
1748268430667.0,1.35576,1.35585
1748268437680.0,1.35577,1.35586
1748268438131.0,1.35576,1.35585
1748268440512.0,1.35575,1.35584
1748268451632.0,1.35569,1.35578
1748268453162.0,1.35572,1.35581
1748268454341.0,1.35571,1.3558
1748268455827.0,1.3557,1.35579
1748268457022.0,1.35576,1.35585
1748268457110.0,1.35572,1.35581
1748268460111.0,1.35574,1.35583
1748268460216.0,1.35575,1.35584
1748268462759.0,1.35574,1.35583
1748268462976.0,1.35575,1.35584
1748268473148.0,1.35574,1.35583
1748268473259.0,1.35572,1.35581
1748268474691.0,1.35575,1.35584
1748268476817.0,1.35577,1.35586
1748268478598.0,1.35578,1.35587
1748268480316.0,1.35576,1.35585
1748268502957.0,1.35575,1.35584
1748268505209.0,1.35576,1.35585
1748268509328.0,1.35575,1.35584
1748268510410.0,1.35573,1.35582
1748268511534.0,1.35578,1.35587
1748268514098.0,1.35575,1.35584
1748268515076.0,1.35576,1.35585
1748268516327.0,1.35575,1.35584
1748268518683.0,1.35576,1.35585
1748268524909.0,1.35575,1.35584
1748268534085.0,1.35569,1.35578
1748268534586.0,1.35571,1.3558
1748268540301.0,1.3557,1.35579
1748268545709.0,1.35569,1.35578
1748268550031.0,1.35568,1.35577
1748268555035.0,1.35574,1.35583
1748268556647.0,1.35581,1.3559
1748268557307.0,1.3558,1.35589
1748268560065.0,1.35581,1.3559
1748268562375.0,1.35582,1.35591
1748268565498.0,1.35583,1.35592
1748268565828.0,1.35582,1.35591
1748268569233.0,1.3558,1.35589
1748268569831.0,1.35578,1.35587
1748268571308.0,1.3558,1.35589
1748268572155.0,1.35578,1.35587
1748268577374.0,1.35576,1.35585
1748268580963.0,1.35577,1.35586
1748268584335.0,1.35578,1.35587
1748268589574.0,1.35577,1.35586
1748268598589.0,1.35575,1.35584
1748268600198.0,1.35576,1.35585
1748268601360.0,1.35572,1.35581
1748268604047.0,1.3557,1.35579
1748268604154.0,1.35571,1.3558
1748268606543.0,1.35572,1.35581
1748268618813.0,1.35571,1.3558
1748268620043.0,1.35572,1.35581
1748268624041.0,1.35571,1.3558
1748268624802.0,1.3557,1.35579
1748268625799.0,1.35569,1.35578
1748268626128.0,1.35568,1.35577
1748268635190.0,1.35567,1.35576
1748268636800.0,1.35568,1.35577
1748268643489.0,1.35569,1.35578
1748268648213.0,1.35574,1.35583
1748268648762.0,1.35576,1.35585
1748268656438.0,1.35579,1.35588
1748268656988.0,1.3558,1.35589
1748268657098.0,1.35579,1.35588
1748268657329.0,1.3558,1.35589
1748268658626.0,1.35579,1.35588
1748268659998.0,1.3558,1.35589
1748268660217.0,1.35583,1.35592
1748268663784.0,1.35579,1.35588
1748268664225.0,1.3558,1.35589
1748268664553.0,1.35577,1.35586
1748268669879.0,1.35582,1.35591
1748268670100.0,1.3558,1.35589
1748268673674.0,1.35578,1.35587
1748268676359.0,1.35579,1.35588
1748268681648.0,1.35578,1.35587
1748268691434.0,1.35579,1.35588
1748268694327.0,1.3558,1.35589
1748268696638.0,1.35584,1.35593
1748268701004.0,1.35589,1.35598
1748268701113.0,1.35588,1.35597
1748268708037.0,1.35587,1.35596
1748268708501.0,1.35588,1.35597
1748268711162.0,1.35587,1.35596
1748268712374.0,1.35586,1.35595
1748268721503.0,1.35587,1.35596
1748268722376.0,1.35586,1.35595
1748268731805.0,1.35582,1.35591
1748268733277.0,1.35579,1.35588
1748268733379.0,1.35581,1.3559
1748268733599.0,1.35583,1.35592
1748268736151.0,1.35581,1.3559
1748268742336.0,1.35586,1.35595
1748268744623.0,1.35587,1.35596
1748268746527.0,1.35588,1.35597
1748268747046.0,1.35587,1.35596
1748268751923.0,1.35585,1.35594
1748268754690.0,1.35582,1.35591
1748268756964.0,1.35584,1.35593
1748268759356.0,1.35585,1.35594
1748268759982.0,1.35584,1.35593
1748268765342.0,1.35585,1.35594
1748268768932.0,1.35584,1.35593
1748268771370.0,1.35585,1.35594
1748268772650.0,1.35584,1.35593
1748268776608.0,1.35585,1.35594
1748268791350.0,1.35584,1.35593
1748268792310.0,1.35585,1.35594
1748268792854.0,1.35596,1.35605
1748268792957.0,1.35595,1.35604
1748268793067.0,1.35596,1.35605
1748268794748.0,1.35598,1.35607
1748268794849.0,1.356,1.35609
1748268795601.0,1.35599,1.35608
1748268795820.0,1.35601,1.3561
1748268796151.0,1.35599,1.35608
1748268803973.0,1.35598,1.35607
1748268804305.0,1.35602,1.35611
1748268804636.0,1.35601,1.3561
1748268806214.0,1.35602,1.35611
1748268810233.0,1.35599,1.35608
1748268810346.0,1.35593,1.35602
1748268810688.0,1.35594,1.35603
1748268813718.0,1.356,1.35609
1748268813821.0,1.35601,1.3561
1748268813937.0,1.356,1.35609
1748268820332.0,1.35599,1.35608
1748268824049.0,1.35598,1.35607
1748268825148.0,1.356,1.35609
1748268825690.0,1.35599,1.35608
1748268828518.0,1.35599,1.35608
1748268829577.0,1.35597,1.35606
1748268834178.0,1.35596,1.35605
1748268838398.0,1.35595,1.35604
1748268838507.0,1.35596,1.35605
1748268843991.0,1.35598,1.35607
1748268844845.0,1.35597,1.35606
1748268846708.0,1.35598,1.35607
1748268850035.0,1.35597,1.35606
1748268876608.0,1.35595,1.35604
1748268876827.0,1.35594,1.35603
1748268876937.0,1.35595,1.35604
1748268878070.0,1.35597,1.35606
1748268879409.0,1.35596,1.35605
1748268880367.0,1.35597,1.35606
1748268881751.0,1.35596,1.35605
1748268886087.0,1.35595,1.35604
1748268887627.0,1.35591,1.356
1748268891664.0,1.35584,1.35593
1748268892010.0,1.35583,1.35592
1748268892239.0,1.35579,1.35588
1748268896318.0,1.35581,1.3559
1748268896539.0,1.35581,1.3559
1748268897548.0,1.35582,1.35591
1748268897658.0,1.35581,1.3559
1748268898568.0,1.3558,1.35589
1748268898677.0,1.35579,1.35588
1748268900323.0,1.35578,1.35587
1748268908033.0,1.35577,1.35586
1748268940431.0,1.35578,1.35587
1748268940653.0,1.35575,1.35584
1748268940761.0,1.35576,1.35585
1748268952170.0,1.35575,1.35584
1748268957963.0,1.3557,1.35579
1748268961883.0,1.35572,1.35581
1748268961995.0,1.35574,1.35583
1748268963323.0,1.35575,1.35584
1748268974409.0,1.35577,1.35586
1748268975113.0,1.35578,1.35587
1748268976290.0,1.35586,1.35595
1748268977184.0,1.35588,1.35597
1748268978571.0,1.35589,1.35598
1748268985121.0,1.3559,1.35599
1748268987411.0,1.35591,1.356
1748268988584.0,1.35592,1.35601
1748268991279.0,1.35593,1.35602
1748268995015.0,1.35592,1.35601
1748268996014.0,1.35591,1.356
1748269001796.0,1.35592,1.35601
1748269005042.0,1.35591,1.356
1748269007623.0,1.35587,1.35596
1748269008094.0,1.35586,1.35595
1748269010486.0,1.35585,1.35594
1748269010577.0,1.35582,1.35597
1748269011969.0,1.35581,1.35596
1748269012915.0,1.35574,1.35589
1748269015047.0,1.35573,1.35588
1748269016539.0,1.35572,1.35587
1748269018160.0,1.35574,1.35589
1748269020323.0,1.35572,1.35587
1748269022687.0,1.35571,1.35586
1748269026079.0,1.35568,1.35583
1748269026300.0,1.35569,1.35584
1748269026521.0,1.35571,1.35586
1748269026629.0,1.35573,1.35588
1748269035516.0,1.35577,1.35592
1748269035606.0,1.35583,
1748269035747.0,1.35582,1.35591
1748269036522.0,1.35581,1.3559
1748269037293.0,1.35582,1.35591
1748269039079.0,1.35581,1.3559
1748269042026.0,1.35582,1.35591
1748269048986.0,1.35585,1.35594
1748269062575.0,1.35584,1.35593
1748269062902.0,1.35585,1.35594
1748269071072.0,1.35586,1.35595
1748269071183.0,1.35588,1.35597
1748269075200.0,1.35589,1.35598
1748269075440.0,1.3559,1.35599
1748269075538.0,1.35595,1.35604
1748269076035.0,1.35596,1.35605
1748269078520.0,1.35594,1.35603
1748269080207.0,1.35599,1.35608
1748269080520.0,1.356,1.35609
1748269081755.0,1.35601,1.3561
1748269082761.0,1.356,1.35609
1748269085667.0,1.35599,1.35608
1748269087581.0,1.35598,1.35607
1748269087799.0,1.35597,1.35606
1748269089500.0,1.35596,1.35605
1748269103849.0,1.35597,1.35606
1748269113612.0,1.35599,1.35608
1748269118244.0,1.356,1.35609
1748269120214.0,1.35605,1.35614
1748269120456.0,1.35607,1.35616
1748269120536.0,1.35608,1.35617
1748269121302.0,1.35607,1.35616
1748269121412.0,1.35606,1.35615
1748269140911.0,1.35609,1.35618
1748269141021.0,1.35608,1.35617
1748269143693.0,1.35609,1.35618
1748269144174.0,1.3561,1.35619
1748269145797.0,1.35612,1.35621
1748269146001.0,1.3562,1.35629
1748269146112.0,1.35619,1.35628
1748269146222.0,1.35617,1.35626
1748269146343.0,1.35616,1.35625
1748269146665.0,1.35615,1.35624
1748269146882.0,1.3561,1.35619
1748269146993.0,1.35611,1.3562
1748269147543.0,1.35614,1.35623
1748269149865.0,1.35609,1.35618
1748269149968.0,1.35607,1.35616
1748269155784.0,1.35605,1.35614
1748269159729.0,1.35604,1.35613
1748269160729.0,1.35605,1.35614
1748269164660.0,1.35603,1.35612
1748269164769.0,1.35602,1.35611
1748269167527.0,1.35603,1.35612
1748269170156.0,1.35605,1.35614
1748269176127.0,1.35606,1.35615
1748269184353.0,1.35608,1.35617
1748269184566.0,1.35606,1.35615
1748269194572.0,1.35607,1.35616
1748269206617.0,1.35606,1.35615
1748269206726.0,1.35605,1.35614
1748269212354.0,1.35609,1.35618
1748269213507.0,1.35611,1.3562
1748269216034.0,1.35612,1.35621
1748269219141.0,1.35615,1.35624
1748269223927.0,1.35623,1.35632
1748269224038.0,1.35622,1.35631
1748269224149.0,1.35623,1.35632
1748269225183.0,1.35625,1.35634
1748269226848.0,1.35626,1.35635
1748269227466.0,1.35627,1.35636
1748269229796.0,1.35625,1.35634
1748269234045.0,1.35624,1.35633
1748269241172.0,1.35623,1.35632
1748269243206.0,1.35624,1.35633
1748269257831.0,1.35617,1.35626
1748269258398.0,1.35618,1.35627
1748269262660.0,1.35616,1.35625
1748269267813.0,1.35617,1.35626
1748269272737.0,1.35618,1.35627
1748269274216.0,1.35619,1.35628
1748269274326.0,1.35626,1.35635
1748269279613.0,1.35625,1.35634
1748269281844.0,1.35622,1.35631
1748269281949.0,1.35621,1.3563
1748269286321.0,1.3562,1.35629
1748269286427.0,1.35615,1.35624
1748269287919.0,1.35616,1.35625
1748269294255.0,1.35617,1.35626
1748269296061.0,1.35616,1.35625
1748269296280.0,1.35619,1.35628
1748269296396.0,1.35618,1.35627
1748269298027.0,1.35617,1.35626
1748269298137.0,1.35618,1.35627
1748269299261.0,1.35618,1.35627
1748269305940.0,1.35617,1.35626
1748269309588.0,1.35619,1.35628
1748269309698.0,1.35618,1.35627
1748269310396.0,1.35619,1.35628
1748269312414.0,1.35617,1.35626
1748269313459.0,1.35618,1.35627
1748269317455.0,1.35616,1.35625
1748269319327.0,1.35608,1.35617
1748269319437.0,1.35607,1.35616
1748269319889.0,1.35608,1.35617
1748269320218.0,1.35608,1.35617
1748269321147.0,1.35607,1.35616
1748269322198.0,1.35608,1.35617
1748269324204.0,1.35607,1.35616
1748269324801.0,1.35606,1.35615
1748269327430.0,1.35607,1.35616
1748269329567.0,1.35606,1.35615
1748269333749.0,1.35607,1.35616
1748269336419.0,1.35611,1.3562
1748269336630.0,1.3561,1.35619
1748269338773.0,1.35611,1.3562
1748269341167.0,1.35614,1.35623
1748269350101.0,1.35611,1.3562
1748269350680.0,1.35609,1.35618
1748269351231.0,1.35608,1.35617
1748269352013.0,1.35607,1.35616
1748269357730.0,1.35607,1.35616
1748269358379.0,1.35608,1.35617
1748269361886.0,1.35609,1.35618
1748269367907.0,1.35609,1.35618
1748269370378.0,1.35608,1.35617
1748269371379.0,1.35609,1.35618
1748269374322.0,1.35605,1.35614
1748269375400.0,1.35602,1.35611
1748269376905.0,1.356,1.35609
1748269377236.0,1.35601,1.3561
1748269380638.0,1.356,1.35609
1748269384216.0,1.35604,1.35613
1748269385094.0,1.35604,1.35613
1748269386206.0,1.35599,1.35608
1748269387821.0,1.35596,1.35605
1748269394626.0,1.35608,1.35617
1748269395068.0,1.35607,1.35616
1748269395176.0,1.35608,1.35617
1748269395506.0,1.35608,1.35617
1748269398149.0,1.35607,1.35616
1748269398259.0,1.35608,1.35617
1748269400175.0,1.35614,1.35623
1748269400284.0,1.35615,1.35624
1748269410412.0,1.35617,1.35626
1748269413975.0,1.35615,1.35624
1748269414084.0,1.35616,1.35625
1748269418157.0,1.35613,1.35622
1748269423819.0,1.35611,1.3562
1748269424038.0,1.3561,1.35619
1748269424154.0,1.35611,1.3562
1748269424263.0,1.35612,1.35621
1748269428199.0,1.35615,1.35624
1748269450146.0,1.35614,1.35623
1748269452117.0,1.35608,1.35617
1748269452739.0,1.35616,1.35625
1748269454941.0,1.35615,1.35624
1748269459871.0,1.35614,1.35623
1748269466216.0,1.35613,1.35622
1748269472987.0,1.35614,1.35623
1748269476043.0,1.35615,1.35624
1748269483215.0,1.35616,1.35625
1748269483323.0,1.35617,1.35626
1748269485732.0,1.35615,1.35624
1748269494561.0,1.35605,1.35614
1748269500156.0,1.3561,1.35619
1748269500785.0,1.35609,1.35618
1748269501654.0,1.35608,1.35617
1748269502291.0,1.35609,1.35618
1748269503044.0,1.35608,1.35617
1748269511176.0,1.35608,1.35617
1748269513383.0,1.35607,1.35616
1748269514371.0,1.35608,1.35617
1748269520799.0,1.35615,1.35624
1748269523409.0,1.35613,1.35622
1748269524247.0,1.35614,1.35623
1748269526558.0,1.35615,1.35624
1748269526668.0,1.35614,1.35623
1748269528534.0,1.35614,1.35623
1748269533882.0,1.35609,1.35618
1748269534103.0,1.35608,1.35617
1748269541089.0,1.35609,1.35618
1748269550522.0,1.35615,1.35624
1748269554082.0,1.35614,1.35623
1748269556943.0,1.35613,1.35622
1748269562007.0,1.35614,1.35623
1748269562114.0,1.35616,1.35625
1748269582726.0,1.35627,1.35636
1748269584576.0,1.35626,1.35635
1748269584798.0,1.35627,1.35636
1748269585018.0,1.35626,1.35635
1748269585317.0,1.35627,1.35636
1748269599587.0,1.35629,1.35638
1748269604675.0,1.35628,1.35637
1748269606541.0,1.35626,1.35635
1748269608230.0,1.35627,1.35636
1748269612688.0,1.35619,1.35628
1748269624917.0,1.35618,1.35627
1748269625955.0,1.35619,1.35628
1748269626687.0,1.35618,1.35627
1748269626962.0,1.35619,1.35628
1748269636007.0,1.35618,1.35627
1748269636799.0,1.35619,1.35628
1748269639808.0,1.35618,1.35627
1748269640446.0,1.35619,1.35628
1748269641257.0,1.35618,1.35627
1748269649064.0,1.35617,1.35626
1748269654973.0,1.35609,1.35618
1748269655414.0,1.35609,1.35618
1748269655745.0,1.3561,1.35619
1748269659801.0,1.35608,1.35617
1748269660234.0,1.35609,1.35618
1748269665406.0,1.35608,1.35617
1748269665847.0,1.35601,1.3561
1748269666397.0,1.35602,1.35611
1748269667413.0,1.35604,1.35613
1748269668532.0,1.35606,1.35615
1748269672035.0,1.35608,1.35617
1748269672256.0,1.35607,1.35616
1748269673595.0,1.35606,1.35615
1748269675550.0,1.35607,1.35616
1748269676319.0,1.35605,1.35614
1748269676428.0,1.35607,1.35616
1748269680511.0,1.35606,1.35615
1748269683083.0,1.35607,1.35616
1748269687487.0,1.35605,1.35614
1748269689323.0,1.35606,1.35615
1748269691622.0,1.35605,1.35614
1748269693871.0,1.35606,1.35615
1748269695181.0,1.35605,1.35614
1748269706319.0,1.35599,1.35608
1748269730463.0,1.35605,1.35614
1748269730573.0,1.35606,1.35615
1748269730902.0,1.35606,1.35615
1748269731461.0,1.35607,1.35616
1748269731573.0,1.35606,1.35615
1748269735747.0,1.35605,1.35614
1748269740322.0,1.35604,1.35613
1748269740563.0,1.356,1.35609
1748269751547.0,1.35599,1.35608
1748269753034.0,1.35597,1.35606
1748269768779.0,1.356,1.35609
1748269769107.0,1.35603,1.35612
1748269770288.0,1.35598,1.35607
1748269785518.0,1.35607,1.35616
1748269785734.0,1.35606,1.35615
1748269785846.0,1.35599,1.35608
1748269790133.0,1.356,1.35609
1748269791575.0,1.35599,1.35608
1748269798156.0,1.356,1.35609
1748269799889.0,1.35599,1.35608
1748269800219.0,1.35604,1.35613
1748269801247.0,1.35605,1.35614
1748269811992.0,1.35606,1.35615
1748269821599.0,1.35608,1.35617
1748269826430.0,1.35607,1.35616
1748269826763.0,1.35608,1.35617
1748269835919.0,1.35612,1.35621
1748269836358.0,1.35614,1.35623
1748269837497.0,1.35615,1.35624
1748269840326.0,1.35616,1.35625
1748269849166.0,1.35617,1.35626
1748269849701.0,1.35616,1.35625
1748269850408.0,1.35615,1.35624
1748269851176.0,1.35611,1.3562
1748269851903.0,1.35613,1.35622
1748269852567.0,1.35613,1.35622
1748269853386.0,1.3561,1.35619
1748269853614.0,1.35612,1.35621
1748269854403.0,1.3561,1.35619
1748269854904.0,1.35609,1.35618
1748269862394.0,1.35604,1.35613
1748269862504.0,1.356,1.35609
1748269863244.0,1.35606,1.35615
1748269863581.0,1.35607,1.35616
1748269864013.0,1.35605,1.35614
1748269864574.0,1.35604,1.35613
1748269865461.0,1.356,1.35609
1748269865677.0,1.35602,1.35611
1748269865789.0,1.35604,1.35613
1748269866951.0,1.35606,1.35615
1748269867400.0,1.35601,1.3561
1748269867748.0,1.356,1.35609
1748269869456.0,1.35603,1.35612
1748269871919.0,1.35602,1.35611
1748269872250.0,1.35599,1.35608
1748269875893.0,1.356,1.35609
1748269876654.0,1.35597,1.35612
1748269879176.0,1.35596,1.35611
1748269880258.0,1.35596,1.35605
1748269881737.0,1.35597,1.35606
1748269882266.0,1.35598,1.35607
1748269884094.0,1.35605,1.35614
1748269885227.0,1.35606,1.35615
1748269887476.0,1.35607,1.35616
1748269889680.0,1.35613,1.35622
1748269890013.0,1.35609,1.35618
1748269891127.0,1.3561,1.35619
1748269893229.0,1.3561,1.35619
1748269895459.0,1.35609,1.35618
1748269902124.0,1.35606,1.35615
1748269905115.0,1.35605,1.35614
1748269905208.0,1.35601,1.3561
1748269905430.0,1.35604,1.35613
1748269906502.0,1.35601,1.3561
1748269909093.0,1.35602,1.35611
1748269910766.0,1.35603,1.35612
1748269910869.0,1.35605,1.35614
1748269913742.0,1.35603,1.35612
1748269915523.0,1.35602,1.35611
1748269918679.0,1.35603,1.35612
1748269918788.0,1.35602,1.35611
1748269921848.0,1.35603,1.35612
1748269922217.0,1.35602,1.35611
1748269927996.0,1.356,1.35609
1748269929912.0,1.35601,1.3561
1748269930250.0,1.35602,1.35611
1748269932969.0,1.35603,1.35612
1748269943276.0,1.35602,1.35611
1748269944150.0,1.35603,1.35612
1748269944260.0,1.35604,1.35613
1748269948630.0,1.35603,1.35618
1748269948740.0,1.35604,1.35619
1748269949766.0,1.35603,1.35618
1748269954121.0,1.35616,1.35625
1748269954566.0,1.35616,1.35625
1748269957132.0,1.35617,1.35626
1748269958740.0,1.35614,1.35629
1748269962356.0,1.35612,1.35627
1748269967349.0,1.35616,1.35625
1748269968640.0,1.35615,1.35624
1748269968859.0,1.35616,1.35625
1748269980449.0,1.35617,1.35626
1748269983784.0,1.35613,1.35622
1748269986238.0,1.35611,1.3562
1748269986571.0,1.35612,1.35621
1748269990033.0,1.35612,1.35621
1748269997033.0,1.35613,1.35622
1748270000201.0,1.3561,1.35619
1748270002158.0,1.35612,1.35621
1748270004154.0,1.35611,1.3562
1748270005457.0,1.3561,1.35619
1748270005567.0,1.35611,1.3562
1748270015364.0,1.3561,1.35619
1748270016625.0,1.35611,1.3562
1748270029942.0,1.35614,1.35623
1748270030885.0,1.35615,1.35624
1748270031858.0,1.35616,1.35625
1748270041386.0,1.35619,1.35628
1748270044197.0,1.35616,1.35625
1748270049303.0,1.35615,1.35624
1748270050729.0,1.35616,1.35625
1748270056319.0,1.35617,1.35626
1748270075023.0,1.35615,1.35624
1748270077529.0,1.35617,1.35626
1748270084608.0,1.35616,1.35625
1748270098152.0,1.35617,1.35626
1748270102423.0,1.35614,1.35629
1748270110886.0,1.35612,1.35627
1748270111108.0,1.35615,1.35624
1748270112689.0,1.35614,1.35623
1748270113617.0,1.35608,1.35617
1748270115173.0,1.35609,1.35618
1748270117133.0,1.3561,1.35619
1748270119634.0,1.35611,1.3562
1748270124155.0,1.35613,1.35622
1748270127560.0,1.35611,1.3562
1748270129837.0,1.35612,1.35621
1748270134064.0,1.35606,1.35615
1748270134304.0,1.35605,1.35614
1748270136125.0,1.35606,1.35615
1748270141690.0,1.35611,1.3562
1748270142958.0,1.35608,1.35623
1748270143412.0,1.35607,1.35622
1748270146625.0,1.35606,1.35621
1748270153216.0,1.35599,1.35608
1748270154285.0,1.35598,1.35607
1748270155368.0,1.35597,1.35606
1748270163052.0,1.3559,1.35599
1748270163154.0,1.35591,1.356
1748270165407.0,1.35592,1.35601
1748270170278.0,1.35591,1.356
1748270170497.0,1.3559,1.35599
1748270172073.0,1.35593,1.35602
1748270172806.0,1.3559,1.35599
1748270174502.0,1.35586,1.35595
1748270179613.0,1.35582,1.35591
1748270182315.0,1.3558,1.35589
1748270182645.0,1.35581,1.3559
1748270183964.0,1.3558,1.35589
1748270186352.0,1.35581,1.3559
1748270187731.0,1.3558,1.35589
1748270188156.0,1.35581,1.3559
1748270189598.0,1.35579,1.35588
1748270190793.0,1.35581,1.3559
1748270191013.0,1.35581,1.3559
1748270195910.0,1.35579,1.35588
1748270201154.0,1.35577,1.35586
1748270220320.0,1.35573,1.35582
1748270220538.0,1.35574,1.35583
1748270221792.0,1.35577,1.35586
1748270222236.0,1.35575,1.35584
1748270223125.0,1.35576,1.35585
1748270224430.0,1.35577,1.35586
1748270226123.0,1.35576,1.35585
1748270234227.0,1.35577,1.35586
1748270238684.0,1.35576,1.35585
1748270239751.0,1.35577,1.35586
1748270250372.0,1.35576,1.35585
1748270250782.0,1.35577,1.35586
1748270252777.0,1.35574,1.35589
1748270262015.0,1.35576,1.35585
1748270265453.0,1.35577,1.35586
1748270266081.0,1.35576,1.35585
1748270266527.0,1.35577,1.35586
1748270275447.0,1.35578,1.35587
1748270278024.0,1.35579,1.35588
1748270280154.0,1.3558,1.35589
1748270280785.0,1.35581,1.3559
1748270281227.0,1.35586,1.35595
1748270282266.0,1.35592,1.35601
1748270282376.0,1.35593,1.35602
1748270282602.0,1.35594,1.35603
1748270282707.0,1.35593,1.35602
1748270282927.0,1.35592,1.35601
1748270283168.0,1.35594,1.35603
1748270283263.0,1.35595,1.35604
1748270290550.0,1.35594,1.35603
1748270292123.0,1.35595,1.35604
1748270299211.0,1.35593,1.35608
1748270302785.0,1.35587,1.35602
1748270302899.0,1.35588,1.35603
1748270304028.0,1.35592,1.35601
1748270308518.0,1.3559,1.35599
1748270308628.0,1.35592,1.35601
1748270309933.0,1.35592,1.35601
1748270310938.0,1.35591,1.356
1748270314145.0,1.35588,1.35597
1748270317031.0,1.35587,1.35596
1748270317137.0,1.35584,1.35593
1748270317621.0,1.35585,1.35594
1748270336304.0,1.35583,1.35598
1748270339199.0,1.35582,1.35597
1748270343627.0,1.35596,1.35605
1748270355922.0,1.356,1.35609
1748270357764.0,1.35606,1.35615
1748270357873.0,1.35607,1.35616
1748270358095.0,1.35606,1.35615
1748270360402.0,1.35605,1.35614
1748270361000.0,1.35604,1.35613
1748270361335.0,1.35603,1.35612
1748270363268.0,1.35604,1.35613
1748270363776.0,1.35601,1.3561
1748270365217.0,1.356,1.35609
1748270367193.0,1.35599,1.35608
1748270369250.0,1.35597,1.35606
1748270372728.0,1.35596,1.35605
1748270372839.0,1.35595,1.35604
1748270373935.0,1.35594,1.35603
1748270374033.0,1.35593,1.35602
1748270374142.0,1.35594,1.35603
1748270376083.0,1.35592,1.35601
1748270376963.0,1.35592,1.35601
1748270377073.0,1.35593,1.35602
1748270377182.0,1.35592,1.35601
1748270378213.0,1.35593,1.35602
1748270379047.0,1.35591,1.356
1748270383251.0,1.35594,1.35603
1748270387076.0,,1.35609
1748270387402.0,1.35601,1.35616
1748270387842.0,1.35603,1.35618
1748270388440.0,1.35602,1.35617
1748270391857.0,1.35603,1.35618
1748270392499.0,1.35603,1.35618
1748270393459.0,1.35602,1.35617
1748270393677.0,1.35603,1.35618
1748270393917.0,1.35602,1.35617
1748270394201.0,1.35603,1.35618
1748270394758.0,1.35602,1.35617
1748270396027.0,1.35602,1.35617
1748270396247.0,1.35603,1.35618
1748270411594.0,1.35602,1.35617
1748270412856.0,1.35603,1.35618
1748270412966.0,1.35602,1.35617
1748270413884.0,1.35603,1.35618
1748270415996.0,1.35599,1.35608
1748270417123.0,1.35596,1.35605
1748270423349.0,1.35595,1.35604
1748270423458.0,1.35594,1.35603
1748270424297.0,1.35593,1.35602
1748270431653.0,1.35592,1.35601
1748270432113.0,1.35589,1.35598
1748270432443.0,1.35584,
1748270433944.0,1.35582,1.35597
1748270437974.0,1.3558,1.35595
1748270438090.0,1.35581,1.35596
1748270438430.0,1.35582,1.35591
1748270440410.0,1.35583,1.35592
1748270442528.0,1.35586,1.35595
1748270443032.0,1.35588,1.35597
1748270444026.0,1.35588,1.35597
1748270450020.0,1.35591,1.356
1748270451746.0,1.35587,1.35602
1748270455945.0,1.3559,1.35605
1748270456971.0,1.35596,
1748270462626.0,1.35597,1.35606
1748270472639.0,1.35594,1.35603
1748270477891.0,1.35595,1.35604
1748270478111.0,1.35591,1.356
1748270478558.0,1.35592,1.35601
1748270483094.0,1.3559,1.35599
1748270484714.0,1.35589,1.35598
1748270494743.0,1.35592,1.35601
1748270495717.0,1.35593,1.35602
1748270507167.0,1.35591,1.356
1748270508700.0,1.35596,1.35605
1748270518925.0,1.35595,1.35604
1748270520429.0,1.35592,1.35601
1748270521589.0,1.35593,1.35602
1748270524613.0,1.35595,1.35604
1748270528197.0,1.35597,1.35606
1748270532177.0,1.35596,1.35605
1748270546124.0,1.35597,1.35606
1748270548569.0,1.35602,1.35611
1748270549009.0,1.356,1.35609
1748270557540.0,1.35601,1.3561
1748270558483.0,1.35602,1.35611
1748270564719.0,1.35603,1.35612
1748270572732.0,1.356,1.35609
1748270573060.0,1.35602,1.35611
1748270573942.0,1.35601,1.3561
1748270586612.0,1.35602,1.35611
1748270592042.0,1.35601,1.3561
1748270597868.0,1.356,1.35609
1748270600936.0,1.35598,1.35607
1748270605442.0,1.35599,1.35608
1748270617119.0,1.35597,1.35606
1748270617853.0,1.35598,1.35607
1748270621298.0,1.35597,1.35606
1748270623192.0,1.35596,1.35605
1748270625485.0,1.35592,1.35601
1748270637747.0,1.35591,1.356
1748270640439.0,1.35592,1.35601
1748270682240.0,1.3559,1.35599
1748270684311.0,1.35591,1.356
1748270687149.0,1.35589,1.35598
1748270687256.0,1.3559,1.35599
1748270688153.0,1.35591,1.356
1748270694186.0,1.35596,1.35605
1748270694632.0,1.35597,1.35606
1748270695379.0,1.35596,1.35605
1748270699860.0,1.35595,1.35604
1748270700559.0,1.35596,1.35605
1748270712767.0,1.35597,1.35606
1748270713017.0,1.35598,1.35607
1748270713630.0,1.35597,1.35606
1748270714107.0,1.35598,1.35607
1748270714438.0,1.35598,1.35607
1748270716746.0,1.35601,1.3561
1748270720509.0,1.35597,1.35606
1748270730805.0,1.35596,1.35605
1748270733384.0,1.35595,1.35604
1748270739278.0,1.35596,1.35605
1748270750735.0,1.35594,1.35603
1748270750957.0,1.35595,1.35604
1748270751842.0,1.35594,1.35603
1748270753001.0,1.35595,1.35604
1748270764065.0,1.35594,1.35603
1748270765096.0,1.35596,1.35605
1748270771554.0,1.35594,1.35603
1748270782082.0,1.35596,1.35605
1748270806673.0,1.35595,1.35604
1748270810167.0,1.35591,1.356
1748270810275.0,1.35588,1.35597
1748270813830.0,1.35585,1.35594
1748270817442.0,1.35586,1.35595
1748270820764.0,1.35585,1.35594
1748270829951.0,1.35584,1.35593
1748270845188.0,1.35585,1.35594
1748270856620.0,1.35596,1.35605
1748270857707.0,1.3559,1.35599
1748270858038.0,1.35589,1.35598
1748270860517.0,1.35591,1.356
1748270860736.0,1.35589,1.35598
1748270861520.0,1.3559,1.35599
1748270863521.0,1.35589,1.35598
1748270868517.0,1.35585,1.35594
1748270878368.0,1.35584,1.35593
1748270879979.0,1.35585,1.35594
1748270890061.0,1.35592,1.35601
1748270894008.0,1.35589,1.35598
1748270894343.0,1.35591,1.356
1748270895115.0,1.35592,1.35601
1748270899587.0,1.35594,1.35603
1748270900235.0,1.35593,1.35602
1748270901619.0,1.35595,1.35604
1748270912206.0,1.35593,1.35602
1748270915277.0,1.35592,1.35601
1748270921956.0,1.35593,1.35602
1748270925673.0,1.35595,1.35604
1748270932671.0,1.35596,1.35605
1748270941332.0,1.35592,1.35601
1748270941554.0,1.35592,1.35601
1748270946250.0,1.3559,1.35599
1748270946362.0,1.35588,1.35597
1748270947530.0,1.35583,1.35592
1748270950147.0,1.35584,1.35593
1748270951949.0,1.35585,1.35594
1748270952058.0,1.35586,1.35595
1748270963439.0,1.35587,1.35596
1748270965113.0,1.35596,1.35605
1748270969490.0,1.35593,1.35608
1748270979596.0,1.35598,1.35613
1748270979704.0,1.356,1.35609
1748270980926.0,1.35601,1.3561
1748270982749.0,1.35602,1.35611
1748270984759.0,1.35601,1.3561
1748270985166.0,1.35603,1.35612
1748270985502.0,1.35601,1.3561
1748270985614.0,1.356,1.35609
1748270992650.0,1.35597,1.35606
1748270997530.0,1.356,1.35609
1748270998350.0,1.35601,1.3561
1748271000232.0,1.35602,1.35611
1748271001709.0,1.356,1.35609
1748271001807.0,1.35599,1.35608
1748271001917.0,1.356,1.35609
1748271004110.0,1.35601,1.3561
1748271009712.0,1.356,1.35609
1748271009932.0,1.35601,1.3561
1748271015169.0,1.35603,1.35612
1748271020660.0,1.35602,1.35611
1748271022645.0,1.35604,1.35613
1748271023185.0,1.35602,1.35611
1748271023296.0,1.35603,1.35612
1748271026048.0,1.35604,1.35613
1748271027551.0,1.35605,1.35614
1748271029103.0,1.35603,1.35612
1748271032499.0,1.35606,1.35615
1748271032609.0,1.35607,1.35616
1748271033676.0,1.35608,1.35617
1748271034442.0,1.35609,1.35618
1748271047244.0,1.35602,1.35611
1748271047461.0,1.35599,1.35608
1748271047791.0,1.35602,1.35611
1748271049135.0,1.35601,1.3561
1748271053055.0,1.35599,1.35608
1748271053165.0,1.35598,1.35607
1748271053387.0,1.35593,1.35602
1748271055214.0,1.35594,1.35603
1748271067498.0,1.35593,1.35602
1748271067611.0,1.35592,1.35601
1748271070054.0,1.35593,1.35602
1748271076774.0,1.35591,1.356
1748271077899.0,1.35592,1.35601
1748271078857.0,1.35595,1.35604
1748271080532.0,1.3559,1.35599
1748271080755.0,1.35592,1.35601
1748271083601.0,1.35591,1.356
1748271084846.0,1.35592,1.35601
1748271091450.0,1.35601,1.3561
1748271092340.0,1.35598,1.35607
1748271097188.0,1.35599,1.35608
1748271102262.0,1.35598,1.35607
1748271104910.0,1.356,1.35609
1748271109709.0,1.35601,1.3561
1748271115990.0,1.356,1.35609
1748271116648.0,1.35601,1.3561
1748271117732.0,1.35606,1.35615
1748271117840.0,1.35605,1.35614
1748271120671.0,1.35606,1.35615
1748271121109.0,1.35607,1.35616
1748271136822.0,1.35606,1.35615
1748271146438.0,1.35607,1.35616
1748271150347.0,1.35608,1.35617
1748271150889.0,1.35607,1.35616
1748271151108.0,1.35608,1.35617
1748271152409.0,1.35607,1.35616
1748271152519.0,1.35608,1.35617
1748271152630.0,1.35607,1.35616
1748271153461.0,1.35606,1.35615
1748271154350.0,1.35607,1.35616
1748271166192.0,1.35605,1.35614
1748271167413.0,1.35607,1.35616
1748271172046.0,1.35606,1.35615
1748271176765.0,1.35607,1.35616
1748271177551.0,1.35608,1.35617
1748271178047.0,1.35609,1.35618
1748271180382.0,1.35608,1.35617
1748271180799.0,1.35612,1.35621
1748271181006.0,1.35615,1.35624
1748271182058.0,1.35616,1.35625
1748271186320.0,1.35615,1.35624
1748271187034.0,1.35612,1.35621
1748271187254.0,1.35612,1.35621
1748271188030.0,1.35611,1.3562
1748271199159.0,1.35606,1.35615
1748271199270.0,1.35605,1.35614
1748271199489.0,1.35606,1.35615
1748271200121.0,1.35603,1.35612
1748271202174.0,1.35607,1.35616
1748271216460.0,1.35607,1.35616
1748271228747.0,1.35605,1.35614
1748271231951.0,1.35604,1.35613
1748271232962.0,1.35606,1.35615
1748271236502.0,1.35607,1.35616
1748271246535.0,1.35606,1.35615
1748271271213.0,1.35607,1.35616
1748271272588.0,1.35606,1.35615
1748271273478.0,1.35605,1.35614
1748271283618.0,1.35603,1.35612
1748271288807.0,1.35602,1.35611
1748271288915.0,1.35603,1.35612
1748271296422.0,1.35602,1.35611
1748271297529.0,1.35603,1.35612
1748271298469.0,1.35607,1.35616
1748271298580.0,1.35606,1.35615
1748271301546.0,1.35607,1.35616
1748271301768.0,1.35606,1.35615
1748271305262.0,1.35605,1.35614
1748271306987.0,1.35604,1.35613
1748271309988.0,1.35603,1.35612
1748271310208.0,1.35601,1.3561
1748271310338.0,1.356,1.35609
1748271312113.0,1.35596,1.35605
1748271315040.0,1.35594,1.35603
1748271315154.0,1.35593,1.35602
1748271315586.0,1.35595,1.35604
1748271317802.0,1.35594,1.35603
1748271320802.0,1.35592,1.35601
1748271321022.0,1.35591,1.356
1748271322026.0,1.35592,1.35601
1748271323936.0,1.35588,1.35597
1748271324413.0,1.3559,1.35599
1748271324522.0,1.35589,1.35598
1748271326644.0,1.35592,1.35601
1748271330866.0,1.35589,1.35598
1748271331194.0,1.35592,1.35601
1748271334585.0,1.35594,1.35603
1748271341822.0,1.35593,1.35602
1748271344933.0,1.35594,1.35603
1748271345392.0,1.35593,1.35602
1748271345618.0,1.35595,1.35604
1748271347344.0,1.35594,1.35603
1748271350324.0,1.35593,1.35602
1748271359701.0,1.35597,1.35606
1748271359811.0,1.35596,1.35605
1748271361420.0,1.35597,1.35606
1748271366291.0,1.35596,1.35605
1748271368677.0,1.35595,1.35604
1748271369182.0,1.35597,1.35606
1748271369287.0,1.35593,1.35602
1748271370017.0,1.3559,1.35599
1748271376323.0,1.35589,1.35598
1748271377777.0,1.3559,1.35599
1748271381233.0,1.35588,1.35597
1748271382116.0,1.35587,1.35596
1748271385815.0,1.35588,1.35597
1748271389811.0,1.35593,1.35602
1748271389921.0,1.35594,1.35603
1748271391057.0,1.35592,1.35601
1748271396993.0,1.3559,1.35599
1748271397099.0,1.35587,1.35596
1748271410475.0,1.35594,1.35603
1748271411137.0,1.35596,1.35605
1748271411858.0,1.35595,1.35604
1748271412076.0,1.35596,1.35605
1748271415842.0,1.35595,1.35604
1748271417126.0,1.35596,1.35605
1748271420980.0,1.35595,1.35604
1748271423129.0,1.35596,1.35605
1748271432335.0,1.35597,1.35606
1748271434044.0,1.35598,1.35607
1748271434156.0,1.35602,1.35611
1748271434266.0,1.35606,1.35615
1748271435549.0,1.35607,1.35616
1748271437767.0,1.35608,1.35617
1748271446944.0,1.35607,1.35616
1748271450261.0,1.35614,1.35623
1748271450479.0,1.35613,1.35622
1748271454488.0,1.35611,1.3562
1748271455615.0,1.35613,1.35622
1748271455728.0,1.35615,1.35624
1748271458157.0,1.35616,1.35625
1748271467681.0,1.35613,1.35622
1748271467791.0,1.35612,1.35621
1748271473387.0,1.35613,1.35622
1748271474307.0,1.35615,1.35624
1748271479080.0,1.35611,1.3562
1748271483179.0,1.35615,1.35624
1748271485252.0,1.35616,1.35625
1748271487311.0,1.35614,1.35623
1748271491419.0,1.35616,1.35625
1748271491750.0,1.35615,1.35624
1748271494128.0,1.35617,1.35626
1748271504367.0,1.3562,1.35629
1748271504584.0,1.35625,1.35634
1748271505775.0,1.35624,1.35633
1748271506382.0,1.35615,1.35624
1748271506874.0,1.35616,1.35625
1748271507839.0,1.35618,1.35627
1748271508649.0,1.35619,1.35628
1748271510267.0,1.35622,1.35631
1748271511635.0,1.35621,1.3563
1748271513303.0,1.35619,1.35628
1748271515945.0,1.35618,1.35627
1748271516164.0,1.35616,1.35625
1748271517315.0,1.35614,1.35623
1748271519498.0,1.35615,1.35624
1748271523081.0,1.35616,1.35625
1748271524126.0,1.35617,1.35626
1748271524786.0,1.35616,1.35625
1748271525006.0,1.35617,1.35626
1748271526438.0,1.35616,1.35625
1748271528235.0,1.35615,1.35624
1748271528345.0,1.35616,1.35625
1748271529328.0,1.35612,1.35621
1748271530421.0,1.3561,1.35619
1748271531845.0,1.35611,1.3562
1748271532927.0,1.35612,1.35621
1748271533772.0,1.3561,1.35619
1748271540196.0,1.35612,1.35621
1748271540305.0,1.3561,1.35619
1748271541930.0,1.35609,1.35618
1748271544561.0,1.35611,1.3562
1748271545688.0,1.3561,1.35619
1748271549488.0,1.35613,1.35622
1748271549600.0,1.35611,1.3562
1748271549929.0,1.35613,1.35622
1748271553415.0,1.35614,1.35623
1748271554741.0,1.35613,1.35622
1748271557295.0,1.3561,1.35619
1748271558162.0,1.35612,1.35621
1748271558838.0,1.35611,1.3562
1748271560202.0,1.3561,1.35619
1748271562080.0,1.35612,1.35621
1748271562300.0,1.35614,1.35623
1748271570054.0,1.3561,1.35619
1748271570274.0,1.35609,1.35618
1748271570494.0,1.35613,1.35622
1748271572060.0,1.35612,1.35621
1748271572560.0,1.35613,1.35622
1748271573348.0,1.35617,1.35626
1748271574219.0,1.35615,1.35624
1748271575078.0,1.35616,1.35625
1748271578621.0,1.35618,1.35627
1748271581414.0,1.35622,1.35631
1748271581511.0,1.35619,1.35628
1748271583337.0,1.35618,1.35627
1748271583447.0,1.35617,1.35626
1748271592147.0,1.35623,1.35632
1748271592519.0,1.35624,1.35633
1748271596608.0,1.35625,1.35634
1748271598365.0,1.35626,1.35635
1748271598584.0,1.35627,1.35636
1748271599396.0,1.35626,1.35635
1748271600090.0,1.35627,1.35636
1748271603510.0,1.35629,1.35638
1748271607318.0,1.35625,1.35634
1748271608798.0,1.35627,1.35636
1748271609149.0,1.35626,1.35635
1748271610138.0,1.35627,1.35636
1748271615727.0,1.35626,1.35635
1748271616118.0,1.35627,1.35636
1748271617835.0,1.35621,1.3563
1748271618681.0,1.3562,1.35629
1748271619290.0,1.3562,1.35629
1748271624941.0,1.35623,1.35632
1748271626524.0,1.35624,1.35633
1748271628854.0,1.3562,1.35629
1748271630012.0,1.35623,1.35632
1748271630788.0,1.35625,1.35634
1748271632807.0,1.3562,1.35629
1748271633027.0,1.35622,1.35631
1748271634626.0,1.35619,1.35628
1748271635332.0,1.35621,1.3563
1748271635660.0,1.35623,1.35632
1748271636160.0,1.35621,1.3563
1748271637716.0,1.3562,1.35629
1748271638049.0,1.35623,1.35632
1748271638489.0,1.35624,1.35633
1748271639044.0,1.35622,1.35631
1748271643477.0,1.35621,1.3563
1748271645152.0,1.3562,1.35629
1748271645473.0,1.35622,1.35631
1748271645806.0,1.35623,1.35632
1748271649932.0,1.35621,1.3563
1748271650821.0,1.35622,1.35631
1748271653712.0,1.35625,1.35634
1748271654275.0,1.35623,1.35632
1748271655805.0,1.35625,1.35634
1748271660174.0,1.35619,1.35628
1748271661277.0,1.35618,1.35627
1748271661500.0,1.35616,1.35625
1748271661827.0,1.35618,1.35627
1748271662157.0,1.35619,1.35628
1748271662538.0,1.35618,1.35627
1748271663297.0,1.3562,1.35629
1748271666992.0,1.35619,1.35628
1748271669653.0,1.35616,1.35625
1748271670037.0,1.35617,1.35626
1748271670696.0,1.35612,1.35621
1748271671689.0,1.35609,1.35618
1748271672138.0,1.35607,1.35616
1748271672459.0,1.35606,1.35615
1748271673099.0,1.35608,1.35617
1748271678619.0,1.35609,1.35618
1748271686667.0,1.35608,1.35617
1748271686780.0,1.35606,1.35615
1748271687327.0,1.35607,1.35616
1748271687811.0,1.35609,1.35618
1748271691874.0,1.3561,1.35619
1748271693806.0,1.35609,1.35618
1748271696394.0,1.3561,1.35619
1748271697164.0,1.35614,1.35623
1748271697749.0,1.35612,1.35621
1748271697968.0,1.35611,1.3562
1748271699137.0,1.3561,1.35619
1748271705113.0,1.35609,1.35618
1748271705331.0,1.35606,1.35615
1748271706432.0,1.35607,1.35616
1748271706808.0,1.356,1.35609
1748271707247.0,1.35599,1.35608
1748271707579.0,1.35601,1.3561
1748271707798.0,1.35602,1.35611
1748271708515.0,1.35603,1.35612
1748271712324.0,1.35607,1.35616
1748271712539.0,1.35606,1.35615
1748271713256.0,1.35607,1.35616
1748271715719.0,1.35608,1.35617
1748271717520.0,1.35609,1.35618
1748271729611.0,1.3561,1.35619
1748271731733.0,1.35609,1.35618
1748271734148.0,1.35601,1.3561
1748271734368.0,1.356,1.35609
1748271735857.0,1.35601,1.3561
1748271736408.0,1.35603,1.35612
1748271736526.0,1.35604,1.35613
1748271736629.0,1.35606,1.35615
1748271737067.0,1.35607,1.35616
1748271737507.0,1.35606,1.35615
1748271738874.0,1.35605,1.35614
1748271739095.0,1.35602,1.35611
1748271739658.0,1.35604,1.35613
1748271740209.0,1.35603,1.35612
1748271742056.0,1.35604,1.35613
1748271743184.0,1.35601,1.3561
1748271743512.0,1.35596,1.35605
1748271746418.0,1.35598,1.35607
1748271748536.0,1.35599,1.35608
1748271749710.0,1.356,1.35609
1748271750779.0,1.35599,1.35608
1748271752258.0,1.35598,1.35607
1748271752367.0,1.35597,1.35606
1748271757146.0,1.35595,1.35604
1748271760376.0,1.35596,1.35605
1748271763238.0,1.35595,1.35604
1748271765740.0,1.35596,1.35605
1748271771702.0,1.35595,1.35604
1748271775772.0,1.35596,1.35605
1748271782655.0,1.35597,1.35606
1748271782873.0,1.35598,1.35607
1748271783496.0,1.35596,1.35605
1748271786107.0,1.35595,1.35604
1748271790548.0,1.35596,1.35605
1748271790871.0,1.35595,1.35604
1748271798283.0,1.35588,1.35597
1748271798502.0,1.35586,1.35595
1748271807341.0,1.35585,1.35594
1748271807553.0,1.35584,1.35593
1748271807868.0,1.35583,1.35592
1748271808088.0,1.35582,1.35591
1748271808198.0,1.35583,1.35592
1748271808971.0,1.35581,1.3559
1748271813565.0,1.35582,1.35591
1748271813787.0,1.35581,1.3559
1748271814118.0,1.35582,1.35591
1748271814999.0,1.35579,1.35588
1748271816145.0,1.35576,1.35585
1748271816712.0,1.35574,1.35583
1748271817693.0,1.35573,1.35582
1748271817915.0,1.35576,1.35585
1748271822649.0,1.35575,1.35584
1748271837041.0,1.35576,1.35585
1748271839909.0,1.35575,1.35584
1748271850409.0,1.35571,1.3558
1748271857727.0,1.35572,1.35581
1748271860432.0,1.35575,1.35584
1748271864809.0,1.35577,1.35586
1748271866636.0,1.35575,1.35584
1748271868662.0,1.35576,1.35585
1748271869460.0,1.35575,1.35584
1748271869922.0,1.35577,1.35586
1748271874805.0,1.35575,1.35584
1748271879029.0,1.35574,1.35583
1748271882557.0,1.35575,1.35584
1748271883814.0,1.35576,1.35585
1748271884032.0,1.35579,1.35588
1748271884561.0,1.35583,1.35592
1748271884674.0,1.35586,1.35595
1748271885002.0,1.35585,1.35594
1748271885331.0,1.35584,1.35593
1748271888288.0,1.3558,1.35589
1748271900233.0,1.35577,1.35586
1748271903467.0,1.35576,1.35585
1748271922096.0,1.35584,1.35593
1748271922804.0,1.35585,1.35594
1748271927088.0,1.35586,1.35595
1748271927974.0,1.3559,1.35599
1748271929208.0,1.35591,1.356
1748271931445.0,1.35589,1.35598
1748271932570.0,1.35585,1.35594
1748271936108.0,1.35586,1.35595
1748271939774.0,1.35584,1.35593
1748271940700.0,1.35581,1.3559
1748271941634.0,1.3558,1.35589
1748271941964.0,1.35577,1.35586
1748271942075.0,1.35576,1.35585
1748271945060.0,1.35577,1.35586
1748271945167.0,1.35578,1.35587
1748271948926.0,1.35576,1.35585
1748271949714.0,1.35577,1.35586
1748271949827.0,1.35576,1.35585
1748271950328.0,1.35577,1.35586
1748271950439.0,1.35576,1.35585
1748271959169.0,1.35577,1.35586
1748271959275.0,1.35578,1.35587
1748271964803.0,1.35577,1.35586
1748271964912.0,1.35575,1.35584
1748271968793.0,1.35576,1.35585
1748271980125.0,1.35578,1.35587
1748271980343.0,1.35579,1.35588
1748271980567.0,1.35582,1.35591
1748271981932.0,1.35584,1.35593
1748271984752.0,1.35583,1.35592
1748271991024.0,1.3558,1.35589
1748271999570.0,1.35582,1.35591
1748272004932.0,1.35581,1.3559
1748272006213.0,1.35584,1.35593
1748272010604.0,1.35581,1.3559
1748272015702.0,1.35582,1.35591
1748272017096.0,1.35583,1.35592
1748272017601.0,1.35582,1.35591
1748272018006.0,1.35583,1.35592
1748272025926.0,1.35584,1.35593
1748272033222.0,1.35582,1.35591
1748272034322.0,1.35583,1.35592
1748272044028.0,1.35582,1.35591
1748272044357.0,1.35581,1.3559
1748272045278.0,1.35579,1.35588
1748272045384.0,1.35578,1.35587
1748272048655.0,1.35576,1.35585
1748272069890.0,1.35577,1.35586
1748272070472.0,1.35576,1.35585
1748272079759.0,1.35577,1.35586
1748272103549.0,1.35576,1.35585
1748272107035.0,1.35575,1.35584
1748272110739.0,1.35574,1.35583
1748272110959.0,1.35575,1.35584
1748272116102.0,1.35576,1.35585
1748272117947.0,1.35578,1.35587
1748272118046.0,1.3558,1.35589
1748272119804.0,1.35579,1.35588
1748272120036.0,1.35576,1.35585
1748272121443.0,1.35575,1.35584
1748272123066.0,1.35577,1.35586
1748272124054.0,1.35578,1.35587
1748272125155.0,1.3558,1.35589
1748272126543.0,1.35581,1.3559
1748272128030.0,1.35582,1.35591
1748272129839.0,1.3558,1.35589
1748272130060.0,1.35578,1.35587
1748272130168.0,1.35579,1.35588
1748272132359.0,1.3558,1.35589
1748272134821.0,1.35581,1.3559
1748272135224.0,1.35583,1.35592
1748272135436.0,1.35587,1.35596
1748272135547.0,1.35588,1.35597
1748272135780.0,1.35591,1.356
1748272140269.0,1.35589,1.35598
1748272140381.0,1.35588,1.35597
1748272142515.0,1.3559,1.35599
1748272144942.0,1.35586,1.35595
1748272145293.0,1.35585,1.35594
1748272152295.0,1.35584,1.35593
1748272154260.0,1.35579,1.35588
1748272155542.0,1.3558,1.35589
1748272156277.0,1.35579,1.35588
1748272158312.0,1.35582,1.35591
1748272172485.0,1.35584,1.35593
1748272175110.0,1.35592,1.35601
1748272175448.0,1.35595,1.35604
1748272178604.0,1.35597,1.35606
1748272180764.0,1.35596,1.35605
1748272195149.0,1.35588,1.35597
1748272195590.0,1.35586,1.35595
1748272195699.0,1.35585,1.35594
1748272198746.0,1.35578,1.35587
1748272199080.0,1.35579,1.35588
1748272199523.0,1.3558,1.35589
1748272201511.0,1.35579,1.35588
1748272201957.0,1.3558,1.35589
1748272202176.0,1.35582,1.35591
1748272206078.0,1.35583,1.35592
1748272207872.0,1.35584,1.35593
1748272211226.0,1.35585,1.35594
1748272219157.0,1.35586,1.35595
1748272219951.0,1.35585,1.35594
1748272244568.0,1.35588,1.35597
1748272246317.0,1.35587,1.35596
1748272246541.0,1.35585,1.35594
1748272250114.0,1.35576,1.35585
1748272250231.0,1.35575,1.35584
1748272258324.0,1.35576,1.35585
1748272259168.0,1.35577,1.35586
1748272259387.0,1.35578,1.35587
1748272259611.0,1.35577,1.35586
1748272259879.0,1.35578,1.35587
1748272259990.0,1.35582,1.35591
1748272260319.0,1.3558,1.35589
1748272260634.0,1.35581,1.3559
1748272263016.0,1.3558,1.35589
1748272265160.0,1.35582,1.35591
1748272265708.0,1.35583,1.35592
1748272269249.0,1.35582,1.35591
1748272269361.0,1.35581,1.3559
1748272298116.0,1.35582,1.35591
1748272307532.0,1.35581,1.3559
1748272307857.0,1.35579,1.35588
1748272309535.0,1.35582,1.35591
1748272315747.0,1.35585,1.35594
1748272315968.0,1.35588,1.35597
1748272321583.0,1.35589,1.35598
1748272323918.0,1.35595,1.35604
1748272335111.0,1.35593,1.35608
1748272338734.0,1.35595,1.3561
1748272341144.0,1.35597,1.35606
1748272341938.0,1.35596,1.35605
1748272343636.0,1.35595,1.35604
1748272362239.0,1.35586,1.35601
1748272364750.0,1.35591,1.35606
1748272365874.0,1.35589,1.35604
1748272375335.0,1.3559,1.35605
1748272380254.0,1.35594,1.35609
1748272381831.0,1.35592,1.35607
1748272384131.0,1.35583,1.35598
1748272384239.0,1.35582,1.35597
1748272417298.0,1.35583,1.35598
1748272425781.0,1.35584,1.35599
1748272426558.0,1.35583,1.35598
1748272431109.0,1.35584,1.35599
1748272437104.0,1.35583,1.35598
1748272444986.0,1.35586,1.35595
1748272445204.0,1.35578,1.35587
1748272445325.0,1.35579,1.35588
1748272446269.0,1.35582,1.35591
1748272447265.0,1.35581,1.3559
1748272447375.0,1.35579,1.35588
1748272447486.0,1.35577,1.35586
1748272451360.0,1.35575,1.3559
1748272452322.0,1.35574,1.35589
1748272453376.0,1.35575,1.3559
1748272455127.0,1.35574,1.35589
1748272462376.0,1.35573,1.35588
1748272469126.0,1.35574,1.35589
1748272471589.0,1.35573,1.35588
1748272473730.0,1.35574,1.35589
1748272473951.0,1.35573,1.35588
1748272476251.0,1.35574,1.35589
1748272478673.0,1.35573,1.35588
1748272484283.0,1.35574,1.35589
1748272485269.0,1.35573,1.35588
1748272485926.0,1.35572,1.35587
1748272487833.0,1.35573,1.35588
1748272523207.0,1.35572,1.35587
1748272531379.0,1.35573,1.35588
1748272535978.0,1.35572,1.35587
1748272546614.0,1.35571,1.35586
1748272560345.0,1.35573,1.35588
1748272600017.0,1.35572,1.35587
1748272604330.0,1.35577,1.35592
1748272605425.0,1.35578,1.35593
1748272606163.0,1.35581,1.35596
1748272606382.0,1.35582,1.35597
1748272606712.0,1.35584,1.35599
1748272606828.0,1.35583,1.35598
1748272621014.0,1.35591,1.35606
1748272621233.0,1.35592,1.35607
1748272624180.0,1.3559,1.35605
1748272632222.0,1.35586,1.35601
1748272643002.0,1.35585,1.356
1748272643117.0,1.35583,1.35598
1748272646527.0,1.35586,1.35601
1748272648228.0,1.35584,1.35599
1748272653822.0,1.35583,1.35598
1748272660553.0,1.35582,1.35597
1748272679571.0,1.35583,1.35598
1748272681047.0,1.35585,1.356
1748272714130.0,1.35584,1.35599
1748272718559.0,1.35583,1.35598
1748272737330.0,1.35584,1.35599
1748272737995.0,1.35585,1.356
1748272751247.0,1.35584,1.35599
1748272769114.0,1.35585,1.356
1748272778017.0,1.35586,1.35601
1748272778347.0,1.35585,1.356
1748272791601.0,1.35597,1.35606
1748272794848.0,1.35598,1.35607
1748272803152.0,1.35603,1.35612
1748272803373.0,1.35604,1.35613
1748272810696.0,1.356,1.35609
1748272813034.0,1.35601,1.3561
1748272814288.0,1.35604,1.35619
1748272814794.0,1.35607,1.35616
1748272827737.0,1.35608,1.35617
1748272828475.0,1.35602,1.35611
1748272828585.0,1.35601,1.3561
1748272832914.0,1.356,1.35609
1748272833135.0,1.35597,1.35606
1748272838213.0,1.35598,1.35607
1748272854650.0,1.35597,1.35606
1748272880125.0,1.35594,1.35609
1748272888956.0,1.35595,1.3561
1748272891979.0,1.35594,1.35609
1748272892598.0,1.35595,1.3561
1748272899614.0,1.35596,1.35611
1748272900523.0,1.35602,1.35617
1748272904239.0,1.35603,1.35618
1748272911370.0,1.35602,1.35617
1748272919852.0,1.35603,1.35618
1748272925357.0,1.35604,1.35619
1748272935163.0,1.35597,1.35612
1748272946096.0,1.35599,1.35614
1748272953933.0,1.35598,1.35613
1748272971639.0,1.35597,1.35612
1748272972253.0,1.35596,1.35611
1748273012600.0,1.35597,1.35612
1748273024231.0,1.35601,1.35616
1748273040279.0,1.35602,1.35617
1748273041251.0,1.35603,1.35618
1748273059871.0,1.35602,1.35617
1748273060221.0,1.35601,1.35616
1748273060421.0,1.35598,1.35613
1748273060868.0,1.35599,1.35614
1748273061087.0,1.35598,1.35613
1748273062279.0,1.35599,1.35614
1748273062497.0,1.35598,1.35613
1748273063217.0,1.35599,1.35614
1748273063326.0,1.35598,1.35613
1748273068617.0,1.35599,1.35614
1748273068727.0,1.35598,1.35613
1748273069039.0,1.35599,1.35614
1748273069758.0,1.35598,1.35613
1748273070456.0,1.356,1.35615
1748273072937.0,1.35605,1.3562
1748273073266.0,1.35606,1.35621
1748273074951.0,1.3561,1.35625
1748273075280.0,1.35609,1.35624
1748273075688.0,1.3561,1.35625
1748273078055.0,1.35609,1.35624
1748273082473.0,1.35603,1.35618
1748273082692.0,1.35602,1.35617
1748273096445.0,1.35603,1.35618
1748273097688.0,1.35604,1.35619
1748273102756.0,1.35605,1.3562
1748273105779.0,1.35608,1.35623
1748273107116.0,1.35606,1.35621
1748273110013.0,1.35607,1.35622
1748273110864.0,1.35606,1.35621
1748273112274.0,1.35605,1.3562
1748273123349.0,1.35612,1.35621
1748273127725.0,1.35609,1.35618
1748273131915.0,1.3561,1.35625
1748273132132.0,1.35609,1.35624
1748273134579.0,1.3561,1.35625
1748273135015.0,1.35609,1.35624
1748273135771.0,1.3561,1.35625
1748273136157.0,1.35611,1.35626
1748273136266.0,1.35612,1.35627
1748273138685.0,1.35613,1.35628
1748273142296.0,1.35614,1.35629
1748273142521.0,1.35615,1.3563
1748273173438.0,1.35614,1.35629
1748273185174.0,1.35613,1.35628
1748273189285.0,1.35609,1.35624
1748273189396.0,1.35608,1.35623
1748273189836.0,1.35609,1.35624
1748273193888.0,1.35608,1.35623
1748273197707.0,1.35612,1.35627
1748273199319.0,1.35613,1.35628
1748273202138.0,1.35614,1.35629
1748273238518.0,1.35615,1.3563
1748273249908.0,1.35617,1.35632
1748273250127.0,1.35617,1.35632
1748273265304.0,1.35616,1.35631
1748273265407.0,1.35617,1.35632
1748273268018.0,1.35619,1.35634
1748273269108.0,1.35617,1.35632
1748273270196.0,1.35615,1.3563
1748273277334.0,1.35609,1.35624
1748273277553.0,1.35608,1.35623
1748273277882.0,1.35609,1.35624
1748273278006.0,1.35612,1.35627
1748273278103.0,1.35611,1.35626
1748273279538.0,1.35617,1.35632
1748273279978.0,1.35615,1.3563
1748273285818.0,1.35613,1.35628
1748273287600.0,1.35614,1.35629
1748273287707.0,1.35613,1.35628
1748273288901.0,1.35614,1.35629
1748273329368.0,1.35615,1.3563
1748273332277.0,1.35616,1.35631
1748273333393.0,1.35615,1.3563
1748273345251.0,1.35625,1.35634
1748273345469.0,1.35624,1.35633
1748273345796.0,1.35619,1.35628
1748273353279.0,1.35622,1.35631
1748273353491.0,1.35623,1.35632
1748273355030.0,1.35624,1.35633
1748273355481.0,1.35622,1.35631
1748273355585.0,1.35619,1.35628
1748273360773.0,1.35617,1.35626
1748273361215.0,1.35616,1.35625
1748273364113.0,1.35618,1.35627
1748273365177.0,1.35622,1.35631
1748273366563.0,1.35619,1.35628
1748273366796.0,1.35618,1.35627
1748273367625.0,1.35619,1.35628
1748273378080.0,1.35618,1.35627
1748273379781.0,1.35619,1.35628
1748273380112.0,1.35618,1.35627
1748273381197.0,1.35619,1.35628
1748273388149.0,1.35622,1.35631
1748273389828.0,1.35625,1.35634
1748273400141.0,1.35621,1.35636
1748273409821.0,1.35616,1.35631
1748273409929.0,1.35614,1.35629
1748273424237.0,1.35612,1.35627
1748273429290.0,1.35611,1.35626
1748273435156.0,1.35608,1.35623
1748273435266.0,1.35609,1.35624
1748273435486.0,1.35609,1.35624
1748273436167.0,1.3561,1.35625
1748273436387.0,1.35609,1.35624
1748273441501.0,1.3561,1.35625
1748273442763.0,1.35609,1.35624
1748273446325.0,1.35607,1.35622
1748273446436.0,1.3561,1.35625
1748273446547.0,1.35611,1.35626
1748273447188.0,1.3561,1.35625
1748273449537.0,1.35611,1.35626
1748273450307.0,1.3561,1.35625
1748273452914.0,1.35609,1.35624
1748273453926.0,1.35608,1.35623
1748273455154.0,1.3561,1.35625
1748273455263.0,1.35609,1.35624
1748273460165.0,1.35608,1.35623
1748273460274.0,1.35609,1.35624
1748273460606.0,1.3561,1.35625
1748273460715.0,1.35609,1.35624
1748273460831.0,1.3561,1.35625
1748273461235.0,1.35609,1.35624
1748273461565.0,1.35611,1.35626
1748273462488.0,1.3561,1.35625
1748273462707.0,1.35609,1.35624
1748273465297.0,1.3561,1.35625
1748273465519.0,1.35609,1.35624
1748273469320.0,1.3561,1.35625
1748273469538.0,1.35609,1.35624
1748273470367.0,1.3561,1.35625
1748273470698.0,1.35609,1.35624
1748273470807.0,1.3561,1.35625
1748273474517.0,1.35609,1.35624
1748273475210.0,1.3561,1.35625
1748273475538.0,1.35609,1.35624
1748273478977.0,1.35611,1.35626
1748273479089.0,1.3561,1.35625
1748273479819.0,1.35609,1.35624
1748273480265.0,1.3561,1.35625
1748273480597.0,1.35609,1.35624
1748273483757.0,1.3561,1.35625
1748273484450.0,1.35609,1.35624
1748273494185.0,1.35608,1.35623
1748273494298.0,1.3561,1.35625
1748273495357.0,1.35609,1.35624
1748273495467.0,1.3561,1.35625
1748273496158.0,1.35606,1.35621
1748273496597.0,1.35607,1.35622
1748273496837.0,1.35606,1.35621
1748273496946.0,1.35607,1.35622
1748273497298.0,1.35606,1.35621
1748273497926.0,1.35607,1.35622
1748273499077.0,1.35606,1.35621
1748273500149.0,1.35605,1.3562
1748273509707.0,1.35604,1.35619
1748273517067.0,1.35604,1.35619
1748273518317.0,1.35603,1.35618
1748273531044.0,1.35602,1.35617
1748273533978.0,1.35601,1.35616
1748273534976.0,1.35597,1.35612
1748273535417.0,1.35598,1.35613
1748273535641.0,1.35597,1.35612
1748273536189.0,1.35598,1.35613
1748273536796.0,1.35597,1.35612
1748273539739.0,1.35592,1.35607
1748273540068.0,1.35591,1.35606
1748273540659.0,1.3559,1.35605
1748273541649.0,1.35591,1.35606
1748273542087.0,1.35591,1.35606
1748273544498.0,1.35592,1.35607
1748273548344.0,1.35594,1.35609
1748273554353.0,1.35602,1.35617
1748273583556.0,1.35605,1.3562
1748273592747.0,1.3561,1.35625
1748273592857.0,1.35612,1.35627
1748273596305.0,1.35613,1.35628
1748273599537.0,1.35614,1.35629
1748273600439.0,1.35613,1.35628
1748273601518.0,1.35614,1.35629
1748273638532.0,1.3561,1.35625
1748273652153.0,1.35611,1.35626
1748273670858.0,1.35613,1.35628
1748273686653.0,1.35614,1.35629
1748273699719.0,1.35617,1.35626
1748273700428.0,1.35618,1.35627
1748273704857.0,1.35619,1.35628
1748273706877.0,1.3562,1.35629
1748273715254.0,1.35624,1.35639
1748273715569.0,1.35622,1.35637
1748273715790.0,1.35623,1.35638
1748273716560.0,1.35625,1.3564
1748273718352.0,1.35629,1.35644
1748273720327.0,1.35628,1.35643
1748273724155.0,1.35629,1.35644
1748273724485.0,1.35628,1.35643
1748273729007.0,1.3563,1.35645
1748273729118.0,1.35629,1.35644
1748273739284.0,1.35627,1.35642
1748273739504.0,1.35628,1.35643
1748273740064.0,1.35627,1.35642
1748273740283.0,1.35628,1.35643
1748273740692.0,1.35627,1.35642
1748273740801.0,1.35628,1.35643
1748273749568.0,1.35627,1.35642
1748273750889.0,1.35628,1.35643
1748273753183.0,1.35627,1.35642
1748273753293.0,1.35628,1.35643
1748273754439.0,1.35627,1.35642
1748273755493.0,1.35625,1.3564
1748273755908.0,1.35626,1.35641
1748273759633.0,1.35627,1.35642
1748273760705.0,1.35626,1.35641
1748273769659.0,1.35625,1.3564
1748273797691.0,1.35626,1.35641
1748273804660.0,1.35625,1.3564
1748273804879.0,1.35626,1.35641
1748273805693.0,1.35625,1.3564
1748273807026.0,1.35626,1.35641
1748273808697.0,1.35625,1.3564
1748273809693.0,1.35626,1.35641
1748273810041.0,1.3563,1.35645
1748273810132.0,1.35629,1.35644
1748273810351.0,1.35629,1.35644
1748273810464.0,1.35626,1.35641
1748273824948.0,1.35625,1.3564
1748273829033.0,1.35623,1.35638
1748273830950.0,1.35622,1.35637
1748273831514.0,1.35623,1.35638
1748273840043.0,1.35622,1.35637
1748273845528.0,1.35617,1.35632
1748273846876.0,1.35623,1.35638
1748273881182.0,1.35619,1.35634
1748273892150.0,1.35621,1.35636
1748273901702.0,1.35622,1.35637
1748273918061.0,1.35631,1.35646
1748273918283.0,1.35632,1.35647
1748273922026.0,1.35635,1.3565
1748273922890.0,1.35634,1.35649
1748273923488.0,1.35635,1.3565
1748273934629.0,1.35633,1.35648
1748273935472.0,1.35626,1.35641
1748273946785.0,1.35622,1.35637
1748273981242.0,1.35616,1.35631
1748273981462.0,1.35615,1.3563
1748273981571.0,1.35616,1.35631
1748273982069.0,1.35614,1.35629
1748273991078.0,1.35613,1.35628
1748273993600.0,1.35612,1.35627
1748273993819.0,1.35613,1.35628
1748273994039.0,1.35614,1.35629
1748274000735.0,1.35615,1.3563
1748274021538.0,1.35614,1.35629
1748274021648.0,1.35613,1.35628
1748274024165.0,1.35615,1.3563
1748274026326.0,1.35618,1.35627
1748274027810.0,1.35616,1.35625
1748274053457.0,1.35625,1.35634
1748274057074.0,1.35621,1.3563
1748274057294.0,1.35619,1.35628
1748274057955.0,1.35619,1.35628
1748274088029.0,1.35618,1.35627
1748274110308.0,1.35619,1.35628
1748274111558.0,1.35618,1.35627
1748274124765.0,1.35619,1.35628
1748274132256.0,1.35616,1.35631
1748274132389.0,1.35619,1.35634
1748274132476.0,1.35623,1.35638
1748274133678.0,1.35627,1.35636
1748274135093.0,1.35619,1.35628
1748274140566.0,1.35618,1.35627
1748274143101.0,1.35617,1.35626
1748274149613.0,1.35614,1.35629
1748274189532.0,1.35623,1.35638
1748274190205.0,1.3562,1.35635
1748274192989.0,1.35622,1.35637
1748274193094.0,1.35621,1.35636
1748274200947.0,1.35622,1.35637
1748274201167.0,1.35621,1.35636
1748274201958.0,1.35622,1.35637
1748274202175.0,1.35621,1.35636
1748274202980.0,1.35622,1.35637
1748274203088.0,1.35621,1.35636
1748274203988.0,1.35622,1.35637
1748274204208.0,1.35621,1.35636
1748274205008.0,1.35622,1.35637
1748274205116.0,1.35621,1.35636
1748274206448.0,1.35619,1.35634
1748274213230.0,1.35623,1.35638
1748274213444.0,1.35622,1.35637
1748274217399.0,1.35623,1.35638
1748274222425.0,1.35626,1.35641
1748274224257.0,1.35634,1.35649
1748274224696.0,1.35635,1.3565
1748274227289.0,1.35639,1.35654
1748274227986.0,1.3564,1.35655
1748274228096.0,1.35641,1.35656
1748274232412.0,1.35642,1.35657
1748274232520.0,1.35641,1.35656
1748274235109.0,1.3564,1.35655
1748274237800.0,1.35638,1.35653
1748274238019.0,1.3564,1.35655
1748274239157.0,1.35638,1.35653
1748274239267.0,1.35637,1.35652
1748274239487.0,1.35638,1.35653
1748274240352.0,1.35636,1.35651
1748274241624.0,1.35635,1.3565
1748274242516.0,1.35638,1.35653
1748274242627.0,1.35639,1.35654
1748274243067.0,1.3564,1.35655
1748274243737.0,1.35639,1.35654
1748274243848.0,1.3564,1.35655
1748274244391.0,1.35639,1.35654
1748274254506.0,1.3564,1.35655
1748274256325.0,1.35637,1.35652
1748274256551.0,1.35636,1.35651
1748274265543.0,1.35633,1.35648
1748274266046.0,1.35632,1.35647
1748274270985.0,1.35633,1.35648
1748274294937.0,1.35637,1.35646
1748274296265.0,1.35638,1.35647
1748274303883.0,1.35638,1.35647
1748274308580.0,1.35637,1.35646
1748274309562.0,1.35639,1.35648
1748274310158.0,1.35642,1.35651
1748274322462.0,1.35639,1.35648
1748274335080.0,1.35641,1.3565
1748274337016.0,1.35642,1.35651
1748274337126.0,1.35641,1.3565
1748274339975.0,1.35643,1.35652
1748274341167.0,1.35642,1.35651
1748274341272.0,1.35639,1.35648
1748274378041.0,1.35638,1.35647
1748274386954.0,1.35642,1.35651
1748274387184.0,1.35643,1.35652
1748274387283.0,1.35642,1.35651
1748274390608.0,1.35639,1.35654
1748274392320.0,1.35638,1.35653
1748274393164.0,1.3564,1.35655
1748274393275.0,1.35639,1.35654
1748274400994.0,1.35628,1.35643
1748274401107.0,1.3562,1.35635
1748274401942.0,1.35619,1.35634
1748274406639.0,1.35617,1.35632
1748274414047.0,1.35618,1.35633
1748274414266.0,1.35617,1.35632
1748274417843.0,1.35616,1.35631
1748274417932.0,1.35613,1.35628
1748274418044.0,1.35609,1.35624
1748274418264.0,1.3561,1.35625
1748274418374.0,1.35609,1.35624
1748274418926.0,1.35608,1.35623
1748274420832.0,1.35609,1.35624
1748274421292.0,1.35608,1.35623
1748274423778.0,1.35614,1.35629
1748274429459.0,1.35615,1.3563
1748274430526.0,1.35614,1.35629
1748274430637.0,1.35615,1.3563
1748274431873.0,1.35614,1.35629
1748274433129.0,1.35613,1.35628
1748274435369.0,1.35612,1.35627
1748274445797.0,1.35613,1.35628
1748274446295.0,1.35612,1.35627
1748274446796.0,1.35613,1.35628
1748274447766.0,1.35612,1.35627
1748274450042.0,1.35613,1.35628
1748274454490.0,1.35612,1.35627
1748274460792.0,1.35613,1.35628
1748274461121.0,1.35614,1.35629
1748274463797.0,1.35613,1.35628
1748274463908.0,1.35612,1.35627
1748274464628.0,1.35611,1.35626
1748274470285.0,1.35613,1.35628
1748274470504.0,1.35612,1.35627
1748274475694.0,1.35613,1.35628
1748274477372.0,1.35612,1.35627
1748274482774.0,1.35613,1.35628
1748274484935.0,1.35612,1.35627
1748274485046.0,1.35613,1.35628
1748274486047.0,1.35612,1.35627
1748274486698.0,1.35613,1.35628
1748274487098.0,1.35612,1.35627
1748274487717.0,1.35613,1.35628
1748274488137.0,1.35612,1.35627
1748274488958.0,1.35613,1.35628
1748274489179.0,1.35612,1.35627
1748274490039.0,1.35613,1.35628
1748274506929.0,1.35612,1.35627
1748274507151.0,1.35613,1.35628
1748274507480.0,1.35612,1.35627
1748274508019.0,1.35613,1.35628
1748274508130.0,1.35612,1.35627
1748274509038.0,1.35613,1.35628
1748274509448.0,1.35612,1.35627
1748274510048.0,1.35613,1.35628
1748274510159.0,1.35612,1.35627
1748274510267.0,1.35613,1.35628
1748274510578.0,1.35612,1.35627
1748274511068.0,1.35613,1.35628
1748274511288.0,1.35612,1.35627
1748274512079.0,1.35613,1.35628
1748274512297.0,1.35612,1.35627
1748274513097.0,1.35613,1.35628
1748274514689.0,1.35612,1.35627
1748274515130.0,1.35613,1.35628
1748274515241.0,1.35612,1.35627
1748274516149.0,1.35613,1.35628
1748274516257.0,1.35612,1.35627
1748274517058.0,1.35613,1.35628
1748274517297.0,1.35612,1.35627
1748274547653.0,1.35613,1.35628
1748274547762.0,1.35612,1.35627
1748274548630.0,1.35613,1.35628
1748274549308.0,1.35612,1.35627
1748274549649.0,1.35613,1.35628
1748274550348.0,1.35612,1.35627
1748274550657.0,1.35613,1.35628
1748274550766.0,1.35612,1.35627
1748274551679.0,1.35613,1.35628
1748274551896.0,1.35612,1.35627
1748274552698.0,1.35613,1.35628
1748274552916.0,1.35612,1.35627
1748274553708.0,1.35613,1.35628
1748274553926.0,1.35612,1.35627
1748274554238.0,1.35613,1.35628
1748274554457.0,1.35608,1.35623
1748274558448.0,1.35607,1.35622
1748274559657.0,1.35609,1.35624
1748274559767.0,1.35608,1.35623
1748274570602.0,1.35613,1.35628
1748274570700.0,1.35612,1.35627
1748274601758.0,1.35611,1.35626
1748274602171.0,1.35612,1.35627
1748274631206.0,1.35609,1.35624
1748274631317.0,1.35607,1.35622
1748274631829.0,1.35609,1.35624
1748274653823.0,1.3561,1.35625
1748274660364.0,1.35612,1.35627
1748274665798.0,1.3561,1.35625
1748274669688.0,1.35612,1.35627
1748274669936.0,1.35611,1.35626
1748274670968.0,1.35612,1.35627
1748274691412.0,1.3561,1.35625
1748274698682.0,1.3561,1.35625
1748274700456.0,1.35611,1.35626
1748274705418.0,1.35612,1.35627
1748274706707.0,1.35609,1.35624
1748274714890.0,1.35608,1.35623
1748274721542.0,1.35607,1.35622
1748274721762.0,1.35607,1.35622
1748274729382.0,1.35612,1.35627
1748274750549.0,1.35613,1.35628
1748274750660.0,1.35618,1.35633
1748274754628.0,1.35616,1.35631
1748274759339.0,1.35615,1.3563
1748274761500.0,1.3562,1.35635
1748274761611.0,1.35618,1.35633
1748274761720.0,1.35617,1.35632
1748274762956.0,1.35615,1.3563
1748274763285.0,1.35616,1.35631
1748274771084.0,1.35617,1.35632
1748274771634.0,1.35618,1.35633
1748274771994.0,1.3562,1.35635
1748274772436.0,1.35622,1.35637
1748274780300.0,1.35617,1.35632
1748274782300.0,1.35619,1.35634
1748274795209.0,1.3562,1.35635
1748274795315.0,1.35619,1.35634
1748274799183.0,1.35618,1.35633
1748274807129.0,1.35617,1.35632
1748274807603.0,1.35618,1.35633
1748274822147.0,1.35611,1.35626
1748274822258.0,1.35612,1.35627
1748274822773.0,1.35613,1.35628
1748274822883.0,1.3561,1.35625
1748274832066.0,1.35611,1.35626
1748274832838.0,1.35608,1.35623
1748274833058.0,1.3561,1.35625
1748274852704.0,1.35612,1.35627
1748274853026.0,1.35613,1.35628
1748274853134.0,1.35612,1.35627
1748274880768.0,1.35613,1.35628
1748274880877.0,1.35612,1.35627
1748274882527.0,1.35613,1.35628
1748274882747.0,1.35612,1.35627
1748274883589.0,1.35613,1.35628
1748274883699.0,1.35612,1.35627
1748274896596.0,1.35614,1.35629
1748274897542.0,1.35613,1.35628
1748274898137.0,1.35614,1.35629
1748274899108.0,1.35613,1.35628
1748274899217.0,1.35614,1.35629
1748274900149.0,1.35613,1.35628
1748274902717.0,1.35614,1.35629
1748274903198.0,1.35613,1.35628
1748274905608.0,1.35614,1.35629
1748274915953.0,1.35613,1.35628
1748274917458.0,1.35619,1.35634
1748274917676.0,1.35616,1.35631
1748274920971.0,1.35615,1.3563
1748274927101.0,1.35618,1.35627
1748274927651.0,1.35617,1.35626
1748274934865.0,1.35614,1.35629
1748274935278.0,1.35612,1.35627
1748274944759.0,1.35611,1.35626
1748274950889.0,1.35612,1.35627
1748274958529.0,1.35611,1.35626
1748274962344.0,1.35612,1.35627
1748274962561.0,1.35611,1.35626
1748274964899.0,1.35609,1.35624
1748274965449.0,1.35605,1.3562
1748274970314.0,1.35604,1.35619
1748274974658.0,1.35603,1.35618
1748274979347.0,1.35604,1.35619
1748274980106.0,1.35603,1.35618
1748274980203.0,1.35605,1.3562
1748274983986.0,1.35603,1.35618
1748274984204.0,1.35604,1.35619
1748275002990.0,1.35598,1.35613
1748275003099.0,1.35597,1.35612
1748275005487.0,1.35598,1.35613
1748275005708.0,1.35601,1.35616
1748275006920.0,1.35603,1.35618
1748275007029.0,1.35604,1.35619
1748275011124.0,1.35605,1.3562
1748275011549.0,1.35604,1.35619
1748275014709.0,1.35603,1.35618
1748275015040.0,1.35602,1.35617
1748275015522.0,1.35603,1.35618
1748275025305.0,1.35607,1.35622
1748275037543.0,1.35608,1.35623
1748275045308.0,1.35604,1.35619
1748275051399.0,1.35603,1.35618
1748275055586.0,1.35604,1.35619
1748275057917.0,1.35603,1.35618
1748275059523.0,1.35604,1.35619
1748275066837.0,1.35603,1.35618
1748275067338.0,1.35604,1.35619
1748275071273.0,1.35605,1.3562
1748275071494.0,1.35604,1.35619
1748275071739.0,1.35605,1.3562
1748275071854.0,1.35604,1.35619
1748275072068.0,1.35605,1.3562
1748275082157.0,1.35604,1.35619
1748275082375.0,1.35605,1.3562
1748275086103.0,1.35604,1.35619
1748275087237.0,1.35605,1.3562
1748275087789.0,1.35603,1.35618
1748275091388.0,1.35604,1.35619
1748275095132.0,1.35603,1.35618
1748275095830.0,1.35604,1.35619
1748275095941.0,1.35605,1.3562
1748275102368.0,1.35604,1.35619
1748275102478.0,1.35605,1.3562
1748275117316.0,1.35615,1.35624
1748275120268.0,1.35614,1.35623
1748275124228.0,1.35617,1.35626
1748275124739.0,1.35616,1.35625
1748275125018.0,1.35617,1.35626
1748275126542.0,1.35616,1.35625
1748275126650.0,1.35617,1.35626
1748275129212.0,1.35616,1.35625
1748275130452.0,1.35617,1.35626
1748275131068.0,1.35616,1.35625
1748275131346.0,1.35617,1.35626
1748275139185.0,1.35619,1.35628
1748275140065.0,1.35618,1.35627
1748275140174.0,1.35619,1.35628
1748275140687.0,1.35618,1.35627
1748275141178.0,1.35617,1.35626
1748275145280.0,1.35616,1.35625
1748275153144.0,1.35615,1.35624
1748275154205.0,1.35617,1.35626
1748275178795.0,1.35616,1.35625
1748275181032.0,1.35617,1.35626
1748275181251.0,1.35625,1.35634
1748275184645.0,1.35626,1.35635
1748275189392.0,1.35627,1.35636
1748275190169.0,1.35626,1.35635
1748275190940.0,1.35627,1.35636
1748275191437.0,1.35626,1.35635
1748275191551.0,1.35627,1.35636
1748275191878.0,1.35629,1.35638
1748275192595.0,1.35628,1.35637
1748275193677.0,1.35627,1.35636
1748275200127.0,1.35628,1.35637
1748275202171.0,1.35627,1.35636
1748275206298.0,1.35626,1.35635
1748275206741.0,1.35625,1.35634
1748275226049.0,1.35627,1.35636
1748275252976.0,1.35627,1.35636
1748275253085.0,1.35626,1.35635
1748275262024.0,1.35627,1.35636
1748275268186.0,1.35627,1.35636
1748275283161.0,1.35626,1.35635
1748275284642.0,1.35622,1.35637
1748275290863.0,1.35611,1.35626
1748275292093.0,1.3561,1.35625
1748275292202.0,1.35611,1.35626
1748275297236.0,1.35612,1.35627
1748275304438.0,1.35613,1.35628
1748275304546.0,1.35614,1.35629
1748275309507.0,1.35613,1.35628
1748275310759.0,1.35614,1.35629
1748275311447.0,1.35613,1.35628
1748275311558.0,1.35622,1.35637
1748275311668.0,1.35621,1.35636
1748275311997.0,1.35622,1.35637
1748275312768.0,1.35623,1.35638
1748275326282.0,1.35619,1.35634
1748275326392.0,1.3562,1.35635
1748275326612.0,1.35622,1.35637
1748275327040.0,1.35621,1.35636
1748275330361.0,1.35625,1.3564
1748275341470.0,1.35622,1.35637
1748275354002.0,1.35626,1.35641
1748275354233.0,1.35625,1.3564
1748275369548.0,1.35626,1.35641
1748275371737.0,1.35627,1.35642
1748275375231.0,1.35625,1.3564
1748275378808.0,1.35626,1.35641
1748275380074.0,1.35625,1.3564
1748275407585.0,1.35624,1.35639
1748275407789.0,1.35615,1.3563
1748275408009.0,1.35616,1.35631
1748275408120.0,1.35617,1.35632
1748275409237.0,1.35616,1.35631
1748275410766.0,1.35615,1.3563
1748275485826.0,1.35623,1.35638
1748275486044.0,1.35625,1.3564
1748275486267.0,1.35624,1.35639
1748275491471.0,1.35623,1.35638
1748275499443.0,1.35622,1.35637
1748275503547.0,1.35623,1.35638
1748275504990.0,1.35622,1.35637
1748275505102.0,1.35621,1.35636
1748275507653.0,1.3562,1.35635
1748275507872.0,1.35621,1.35636
1748275508736.0,1.3562,1.35635
1748275508846.0,1.35621,1.35636
1748275509187.0,1.3562,1.35635
1748275509296.0,1.35621,1.35636
1748275509938.0,1.3562,1.35635
1748275520465.0,1.35621,1.35636
1748275520684.0,1.3562,1.35635
1748275525690.0,1.35622,1.35637
1748275526207.0,1.3562,1.35635
1748275550773.0,1.35616,1.35631
1748275550884.0,1.3562,1.35635
1748275558292.0,1.35621,1.35636
1748275558405.0,1.3562,1.35635
1748275559291.0,1.35621,1.35636
1748275559401.0,1.3562,1.35635
1748275560189.0,1.35621,1.35636
1748275560299.0,1.3562,1.35635
1748275561293.0,1.35621,1.35636
1748275561400.0,1.3562,1.35635
1748275566338.0,1.35621,1.35636
1748275568512.0,1.35625,1.3564
1748275568622.0,1.35628,1.35643
1748275568760.0,1.35631,1.35646
1748275570046.0,1.3563,1.35645
1748275570266.0,1.35631,1.35646
1748275570686.0,1.3563,1.35645
1748275570908.0,1.3563,1.35645
1748275572016.0,1.35628,1.35643
1748275572125.0,1.35629,1.35644
1748275572346.0,1.3563,1.35645
1748275572566.0,1.35631,1.35646
1748275572787.0,1.3563,1.35645
1748275575900.0,1.35631,1.35646
1748275576292.0,1.3563,1.35645
1748275578578.0,1.35626,1.35641
1748275580433.0,1.35625,1.3564
1748275591702.0,1.35626,1.35641
1748275597469.0,1.35623,1.35638
1748275598380.0,1.35624,1.35639
1748275603359.0,1.35617,1.35632
1748275604238.0,1.35616,1.35631
1748275604458.0,1.35617,1.35632
1748275605419.0,1.35616,1.35631
1748275607818.0,1.35617,1.35632
1748275610130.0,1.35616,1.35631
1748275619964.0,1.35615,1.3563
1748275620059.0,1.35613,1.35628
1748275621683.0,1.35615,1.3563
1748275628921.0,1.35614,1.35629
1748275661887.0,1.35613,1.35628
1748275664254.0,1.35614,1.35629
1748275665405.0,1.35613,1.35628
1748275668602.0,1.35615,1.3563
1748275681930.0,1.35616,1.35631
1748275682968.0,1.35617,1.35632
1748275686055.0,1.3562,1.35635
1748275710322.0,1.35615,1.3563
1748275712815.0,1.35617,1.35632
1748275714170.0,1.35616,1.35631
1748275727651.0,1.35615,1.3563
1748275728793.0,1.3561,1.35625
1748275740320.0,1.35607,1.35622
1748275740430.0,1.35606,1.35621
1748275740540.0,1.35611,1.35626
1748275740759.0,1.3561,1.35625
1748275791518.0,1.35613,1.35622
1748275794889.0,1.35614,1.35623
1748275797981.0,1.35615,1.35624
1748275801829.0,1.35614,1.35623
1748275815771.0,1.35613,1.35622
1748275827246.0,1.35615,1.35624
1748275829750.0,1.35612,1.35627
1748275842535.0,1.35611,1.35626
1748275872324.0,1.35614,1.35629
1748275872544.0,1.35615,1.3563
1748275877693.0,1.35618,1.35633
1748275878135.0,1.35617,1.35632
1748275882141.0,1.35615,1.3563
1748275883352.0,1.35616,1.35631
1748275883462.0,1.35617,1.35632
1748275895968.0,1.35616,1.35631
1748275900662.0,1.35615,1.3563
1748275903637.0,1.35616,1.35631
1748275904532.0,1.35615,1.3563
1748275911294.0,1.35614,1.35629
1748275916598.0,1.35613,1.35628
1748275916938.0,1.35614,1.35629
1748275917049.0,1.35615,1.3563
1748275920315.0,1.35617,1.35632
1748275921368.0,1.35624,1.35639
1748275928927.0,1.35621,1.35636
1748275932095.0,1.35623,1.35638
1748275932315.0,1.35621,1.35636
1748275935443.0,1.3562,1.35635
1748275935774.0,1.35622,1.35637
1748275939452.0,1.35621,1.35636
1748275940456.0,1.3562,1.35635
1748275948018.0,1.35621,1.35636
1748275950739.0,1.3562,1.35635
1748275952666.0,1.35621,1.35636
1748275955234.0,1.3562,1.35635
1748275959807.0,1.35617,1.35632
1748275960017.0,1.35616,1.35631
1748275976970.0,1.35618,1.35633
1748275977307.0,1.35617,1.35632
1748275979188.0,1.3562,1.35635
1748275984929.0,1.35621,1.35636
1748275987548.0,1.3562,1.35635
1748275987663.0,1.35616,1.35631
1748275991843.0,1.35615,1.3563
1748275993078.0,1.35616,1.35631
1748275994019.0,1.35615,1.3563
1748275994126.0,1.35616,1.35631
1748275996103.0,1.35613,1.35628
1748276001103.0,1.35617,1.35632
1748276006127.0,1.35616,1.35631
1748276010887.0,1.35615,1.3563
1748276015824.0,1.35613,1.35628
1748276016044.0,1.35612,1.35627
1748276022117.0,1.35615,1.3563
1748276022338.0,1.35614,1.35629
1748276032748.0,1.35613,1.35628
1748276035167.0,1.35614,1.35629
1748276035415.0,1.35613,1.35628
1748276036193.0,1.35614,1.35629
1748276036447.0,1.35613,1.35628
1748276037198.0,1.35614,1.35629
1748276037488.0,1.35613,1.35628
1748276038220.0,1.35614,1.35629
1748276038547.0,1.35613,1.35628
1748276039319.0,1.35614,1.35629
1748276042834.0,1.35616,1.35631
1748276042943.0,1.35615,1.3563
1748276043398.0,1.35616,1.35631
1748276046052.0,1.35615,1.3563
1748276062004.0,1.35614,1.35629
1748276062118.0,1.35612,1.35627
1748276062335.0,1.35611,1.35626
1748276069267.0,1.3561,1.35625
1748276089764.0,1.35609,1.35624
1748276089874.0,1.3561,1.35625
1748276091790.0,1.35609,1.35624
1748276092232.0,1.3561,1.35625
1748276093043.0,1.35609,1.35624
1748276093261.0,1.3561,1.35625
1748276093792.0,1.35609,1.35624
1748276093902.0,1.3561,1.35625
1748276095265.0,1.35609,1.35624
1748276095375.0,1.3561,1.35625
1748276099041.0,1.35609,1.35624
1748276099260.0,1.3561,1.35625
1748276100522.0,1.35609,1.35624
1748276100737.0,1.35605,1.3562
1748276101071.0,1.35604,1.35619
1748276112033.0,1.35596,1.35611
1748276112249.0,1.35593,1.35608
1748276113983.0,1.35594,1.35609
1748276124863.0,1.35595,1.3561
1748276131504.0,1.35596,1.35611
1748276131831.0,1.35596,1.35611
1748276155151.0,1.35595,1.3561
1748276159247.0,1.35599,1.35614
1748276161577.0,1.356,1.35615
1748276172088.0,1.35599,1.35614
1748276172441.0,1.356,1.35615
1748276193197.0,1.35603,1.35612
1748276195367.0,1.35602,1.35611
1748276206369.0,1.35603,1.35612
1748276206482.0,1.35602,1.35611
1748276208628.0,1.35603,1.35612
1748276214089.0,1.35602,1.35611
1748276223390.0,1.35597,1.35612
1748276223489.0,1.35594,1.35609
1748276223604.0,1.35595,1.3561
1748276226433.0,1.35594,1.35609
1748276245223.0,1.35593,1.35608
1748276249048.0,1.35594,1.35609
1748276250573.0,1.35593,1.35608
1748276251281.0,1.35589,1.35604
1748276261768.0,1.35596,1.35611
1748276262541.0,1.35597,1.35612
1748276269745.0,1.356,1.35615
1748276272980.0,1.35601,1.35616
1748276273310.0,1.356,1.35615
1748276273529.0,1.35601,1.35616
1748276279528.0,1.35603,1.35618
1748276279638.0,1.35601,1.35616
1748276282297.0,1.35602,1.35617
1748276301339.0,1.356,1.35615
1748276305210.0,1.35601,1.35616
1748276318698.0,1.356,1.35615
1748276327948.0,1.35601,1.35616
1748276329728.0,1.356,1.35615
1748276330348.0,1.35601,1.35616
1748276331798.0,1.35603,1.35612
1748276339617.0,1.35608,1.35617
1748276351497.0,1.35607,1.35616
1748276353156.0,1.35608,1.35617
1748276353468.0,1.35607,1.35616
1748276371539.0,1.35608,1.35617
1748276382173.0,1.35605,1.3562
1748276386099.0,1.35606,1.35621
1748276399721.0,1.35604,1.35619
1748276421608.0,1.35605,1.3562
1748276430412.0,1.35609,1.35618
1748276431816.0,1.35608,1.35617
1748276440673.0,1.35609,1.35618
1748276440768.0,1.3561,1.35619
1748276440877.0,1.35609,1.35618
1748276458749.0,1.35613,1.35622
1748276460118.0,1.35612,1.35621
1748276460447.0,1.35609,1.35618
1748276466327.0,1.3561,1.35619
1748276471918.0,1.35616,1.35625
1748276476916.0,1.35614,1.35623
1748276477247.0,1.35615,1.35624
1748276484062.0,1.35614,1.35623
1748276484277.0,1.35615,1.35624
1748276494509.0,1.35612,1.35627
1748276507709.0,1.35615,1.35624
1748276507928.0,1.35614,1.35623
1748276518898.0,1.35615,1.35624
1748276520153.0,1.35617,1.35626
1748276520264.0,1.35616,1.35625
1748276520484.0,1.35615,1.35624
1748276521171.0,1.35609,1.35618
1748276521392.0,1.35608,1.35617
1748276526042.0,1.35607,1.35616
1748276537538.0,1.35603,1.35618
1748276537642.0,1.35601,1.35616
1748276537751.0,1.356,1.35615
1748276537864.0,1.35597,1.35612
1748276538192.0,1.35596,1.35611
1748276541639.0,1.35601,1.35616
1748276541967.0,1.356,1.35615
1748276542551.0,1.35601,1.35616
1748276542939.0,1.356,1.35615
1748276547278.0,1.356,1.35615
1748276550301.0,1.35601,1.35616
1748276550411.0,1.356,1.35615
1748276556038.0,1.35601,1.35616
1748276565345.0,1.35606,1.35621
1748276571970.0,1.35605,1.3562
1748276580564.0,1.35606,1.35621
1748276580668.0,1.35611,1.35626
1748276582937.0,1.35612,1.35627
1748276584818.0,1.35611,1.35626
1748276585247.0,1.35612,1.35627
1748276586161.0,1.35613,1.35628
1748276612284.0,1.35612,1.35627
1748276614327.0,1.35613,1.35628
1748276614548.0,1.35611,1.35626
1748276614656.0,1.3561,1.35625
1748276615108.0,1.35606,1.35621
1748276625280.0,1.35607,1.35622
1748276638908.0,1.35603,1.35618
1748276639023.0,1.35599,1.35614
1748276639240.0,1.356,1.35615
1748276640230.0,1.35602,1.35617
1748276640341.0,1.35601,1.35616
1748276640779.0,1.35602,1.35617
1748276641222.0,1.35601,1.35616
1748276641445.0,1.35602,1.35617
1748276654200.0,1.35605,1.3562
1748276664488.0,1.35604,1.35619
1748276664599.0,1.35605,1.3562
1748276666439.0,1.35604,1.35619
1748276666548.0,1.35605,1.3562
1748276696759.0,1.35604,1.35619
1748276700269.0,1.35614,1.35629
1748276700382.0,1.35616,1.35631
1748276700889.0,1.35614,1.35629
1748276701609.0,1.35615,1.3563
1748276701708.0,1.35619,1.35634
1748276701819.0,1.3562,1.35635
1748276702261.0,1.35619,1.35634
1748276702374.0,1.3562,1.35635
1748276705259.0,1.35616,1.35631
1748276706548.0,1.35619,1.35634
1748276707153.0,1.3562,1.35635
1748276708453.0,1.35619,1.35634
1748276709555.0,1.35616,1.35631
1748276726012.0,1.35617,1.35632
1748276727072.0,1.35616,1.35631
1748276733054.0,1.35613,1.35628
1748276748167.0,1.35614,1.35629
1748276758181.0,1.35615,1.3563
1748276760827.0,1.35623,1.35638
1748276768301.0,1.35622,1.35637
1748276777138.0,1.35617,1.35632
1748276784058.0,1.35619,1.35634
1748276784167.0,1.3562,1.35635
1748276785488.0,1.35621,1.35636
1748276785713.0,1.3562,1.35635
1748276791038.0,1.35617,1.35632
1748276796302.0,1.35616,1.35631
1748276808929.0,1.35612,1.35627
1748276816297.0,1.35617,1.35632
1748276826437.0,1.35618,1.35633
1748276826546.0,1.35617,1.35632
1748276826938.0,1.35618,1.35633
1748276827048.0,1.35617,1.35632
1748276832152.0,1.35621,1.35636
1748276838188.0,1.3562,1.35635
1748276838690.0,1.35621,1.35636
1748276844095.0,1.3562,1.35635
1748276849452.0,1.35621,1.35636
1748276851438.0,1.3562,1.35635
1748276851793.0,1.35621,1.35636
1748276852687.0,1.3562,1.35635
1748276852799.0,1.35621,1.35636
1748276853017.0,1.3562,1.35635
1748276853679.0,1.3562,1.35635
1748276854261.0,1.35619,1.35634
1748276854481.0,1.3562,1.35635
1748276854862.0,1.35619,1.35634
1748276854972.0,1.3562,1.35635
1748276860648.0,1.35614,1.35629
1748276866881.0,1.35613,1.35628
1748276892581.0,1.35615,1.3563
1748276892694.0,1.35619,1.35634
1748276893242.0,1.3562,1.35635
1748276893461.0,1.35619,1.35634
1748276893573.0,1.3562,1.35635
1748276893964.0,1.35619,1.35634
1748276897616.0,1.35618,1.35633
1748276897734.0,1.35619,1.35634
1748276905171.0,1.35621,1.35636
1748276905791.0,1.3562,1.35635
1748276906231.0,1.35619,1.35634
1748276906342.0,1.35616,1.35631
1748276907378.0,1.35617,1.35632
1748276909095.0,1.35618,1.35633
1748276909315.0,1.35619,1.35634
1748276916155.0,1.35616,1.35631
1748276916375.0,1.35617,1.35632
1748276916818.0,1.35619,1.35634
1748276917035.0,1.35619,1.35634
1748276917695.0,1.3562,1.35635
1748276918042.0,1.35619,1.35634
1748276923242.0,1.35616,1.35631
1748276926057.0,1.35617,1.35632
1748276933892.0,1.35615,1.3563
1748276934187.0,1.35616,1.35631
1748276937698.0,1.35618,1.35633
1748276938556.0,1.35621,1.35636
1748276940165.0,1.35622,1.35637
1748276941205.0,1.35621,1.35636
1748276944704.0,1.3562,1.35635
1748276954346.0,1.35623,1.35638
1748276955042.0,1.35624,1.35639
1748276956327.0,1.35625,1.3564
1748276957115.0,1.35624,1.35639
1748276958467.0,1.35625,1.3564
1748276959206.0,1.35624,1.35639
1748276959811.0,1.35625,1.3564
1748276959921.0,1.35624,1.35639
1748276961803.0,1.35625,1.3564
1748276962563.0,1.35626,1.35641
1748276962783.0,1.35631,1.35646
1748276963003.0,1.35632,1.35647
1748276964654.0,1.35633,1.35648
1748276965138.0,1.35632,1.35647
1748276967207.0,1.35633,1.35648
1748276967756.0,1.35634,1.35649
1748276975768.0,1.35635,1.3565
1748276984496.0,1.35636,1.35651
1748276984606.0,1.35634,1.35649
1748277009501.0,1.35633,1.35648
1748277009994.0,1.35632,1.35647
1748277012162.0,1.35634,1.35649
1748277016180.0,1.35635,1.3565
1748277054138.0,1.35634,1.35649
1748277078370.0,1.35632,1.35647
1748277078605.0,1.35627,1.35642
1748277078702.0,1.35626,1.35641
1748277079032.0,1.35627,1.35642
1748277109518.0,1.35626,1.35641
1748277119834.0,1.35617,1.35632
1748277119969.0,1.35613,1.35628
1748277120055.0,1.35612,1.35627
1748277120542.0,1.35613,1.35628
1748277123289.0,1.35614,1.35629
1748277123399.0,1.35615,1.3563
1748277159664.0,1.35623,1.35638
1748277159777.0,1.35624,1.35639
1748277159891.0,1.35623,1.35638
1748277160619.0,1.35624,1.35639
1748277169448.0,1.35623,1.35638
1748277172317.0,1.35624,1.35639
1748277172537.0,1.35623,1.35638
1748277173338.0,1.35624,1.35639
1748277173557.0,1.35623,1.35638
1748277174348.0,1.35624,1.35639
1748277174567.0,1.35623,1.35638
1748277175369.0,1.35624,1.35639
1748277175477.0,1.35623,1.35638
1748277176378.0,1.35624,1.35639
1748277176596.0,1.35623,1.35638
1748277177398.0,1.35624,1.35639
1748277180558.0,1.35623,1.35638
1748277181061.0,1.35624,1.35639
1748277181598.0,1.35625,1.3564
1748277182312.0,1.35624,1.35639
1748277187090.0,1.35625,1.3564
1748277206883.0,1.3563,1.35645
1748277218921.0,1.35629,1.35644
1748277219387.0,1.35628,1.35643
1748277221388.0,1.35629,1.35644
1748277221848.0,1.35628,1.35643
1748277225897.0,1.35629,1.35644
1748277226118.0,1.35629,1.35644
1748277239984.0,1.35627,1.35642
1748277240510.0,1.35626,1.35641
1748277246896.0,1.35625,1.3564
1748277247005.0,1.35626,1.35641
1748277252958.0,1.35625,1.3564
1748277254408.0,1.35626,1.35641
1748277258062.0,1.35625,1.3564
1748277262299.0,1.35626,1.35641
1748277264550.0,1.35627,1.35642
1748277264657.0,1.35626,1.35641
1748277265478.0,1.35627,1.35642
1748277273850.0,1.35626,1.35641
1748277280968.0,1.35633,1.35648
1748277281076.0,1.35632,1.35647
1748277282049.0,1.35634,1.35649
1748277286353.0,1.35635,1.3565
1748277292189.0,1.35634,1.35649
1748277295519.0,1.35635,1.3565
1748277316253.0,1.35636,1.35651
1748277320129.0,1.35639,1.35648
1748277341122.0,1.3564,1.35649
1748277355482.0,1.35634,1.35643
1748277360151.0,1.35635,1.35644
1748277379173.0,1.35624,1.35639
1748277379502.0,1.35623,1.35638
1748277380497.0,1.35626,1.35635
1748277386097.0,1.35627,1.35636
1748277402396.0,1.35623,1.35632
1748277409784.0,1.35624,1.35633
1748277440043.0,1.35625,1.35634
1748277440388.0,1.35621,1.35636
1748277440605.0,1.35622,1.35637
1748277440868.0,1.35621,1.35636
1748277440977.0,1.35622,1.35637
1748277441197.0,1.35621,1.35636
1748277441936.0,1.35622,1.35637
1748277442688.0,1.35621,1.35636
1748277442796.0,1.35622,1.35637
1748277443292.0,1.35621,1.35636
1748277443938.0,1.35622,1.35637
1748277444189.0,1.35621,1.35636
1748277444938.0,1.35622,1.35637
1748277446293.0,1.35623,1.35632
1748277446403.0,1.35622,1.35631
1748277456158.0,1.35618,1.35627
1748277471348.0,1.35615,1.3563
1748277516140.0,1.35616,1.35631
1748277532123.0,1.35615,1.3563
1748277562280.0,1.35617,1.35632
1748277562608.0,1.35616,1.35631
1748277562718.0,1.35617,1.35632
1748277563721.0,1.35616,1.35631
1748277564650.0,1.35617,1.35632
1748277566007.0,1.35616,1.35631
1748277567259.0,1.35617,1.35632
1748277585839.0,1.35616,1.35631
1748277587016.0,1.35615,1.3563
1748277617696.0,1.35617,1.35632
1748277620919.0,,1.35626
1748277643837.0,1.35618,1.35627
1748277654094.0,1.35627,1.35636
1748277672912.0,1.35628,1.35637
1748277677304.0,1.35629,1.35638
1748277690988.0,1.35628,1.35637
1748277726438.0,1.35624,1.35639
1748277728157.0,1.35623,1.35638
1748277731810.0,1.35618,1.35627
1748277735796.0,1.35622,1.35631
1748277749145.0,1.35621,1.3563
1748277761188.0,1.3562,1.35629
1748277766205.0,1.35619,1.35628
1748277781673.0,1.3562,1.35629
1748277811754.0,1.35616,1.35631
1748277819147.0,1.35626,1.35635
1748277819478.0,1.35629,1.35638
1748277849439.0,1.35626,1.35641
1748277851877.0,1.35625,1.3564
1748277852154.0,1.35626,1.35641
1748277852484.0,1.35627,1.35642
1748277874370.0,1.35626,1.35641
1748277885990.0,1.35628,1.35637
1748277894618.0,1.35623,1.35632
1748277894726.0,1.35621,1.3563
1748277899642.0,1.35624,1.35633
1748277912536.0,1.35625,1.35634
1748277913348.0,1.35624,1.35633
1748277914933.0,1.35625,1.35634
1748277926237.0,1.35622,1.35637
1748277928416.0,1.35619,1.35634
1748277928966.0,1.35621,1.35636
1748277935909.0,1.35623,1.35632
1748277938540.0,1.35622,1.35631
1748277944278.0,1.35624,1.35633
1748277944606.0,1.35626,1.35635
1748277944830.0,1.35622,1.35631
1748277945291.0,1.35623,1.35632
1748277953471.0,1.35622,1.35631
1748277977933.0,1.35624,1.35633
1748277978257.0,1.35623,1.35632
1748277990677.0,1.35626,1.35635
1748277990786.0,1.35627,1.35636
1748277997405.0,1.35626,1.35635
1748278011874.0,1.35623,1.35638
1748278011985.0,1.35624,1.35639
1748278013125.0,1.35623,1.35638
1748278018749.0,1.35628,1.35637
1748278024467.0,1.35629,1.35638
1748278048441.0,1.35628,1.35637
1748278048566.0,1.35627,1.35636
1748278070832.0,1.35629,1.35638
1748278080240.0,1.35627,1.35636
1748278110804.0,1.35623,1.35638
1748278117280.0,1.35624,1.35639
1748278138049.0,1.35627,1.35636
1748278140959.0,1.35628,1.35637
1748278148236.0,1.35636,1.35645
1748278159427.0,1.35629,1.35638
1748278163200.0,1.35628,1.35637
1748278169203.0,1.35624,1.35633
1748278172624.0,1.35625,1.35634
1748278174217.0,1.35623,1.35632
1748278208065.0,1.35621,1.35636
1748278212738.0,1.3562,1.35635
1748278214958.0,1.35623,1.35638
1748278250135.0,1.3562,1.35635
1748278250240.0,1.35619,1.35628
1748278260431.0,1.3562,1.35629
1748278260651.0,1.35623,1.35632
1748278260931.0,1.35624,1.35633
1748278266477.0,1.35625,1.35634
1748278281290.0,1.35623,1.35638
1748278320314.0,1.35622,1.35637
1748278320792.0,1.35626,1.35635
1748278321335.0,1.35627,1.35636
1748278360587.0,1.35637,1.35646
1748278372727.0,1.35642,1.35651
1748278372838.0,1.35643,1.35652
1748278388152.0,1.35641,1.3565
1748278388263.0,1.35639,1.35648
1748278388593.0,1.35641,1.3565
1748278390212.0,1.35639,1.35648
1748278391067.0,1.35641,1.3565
1748278413257.0,1.35638,1.35647
1748278417414.0,1.35641,1.3565
1748278426981.0,1.35642,1.35651
1748278427093.0,1.35643,1.35652
1748278432086.0,1.35642,1.35651
1748278445697.0,1.35638,1.35647
1748278458158.0,1.35637,1.35646
1748278468598.0,1.35634,1.35643
1748278469432.0,1.35632,1.35641
1748278473437.0,1.35633,1.35642
1748278473768.0,1.35632,1.35641
1748278475277.0,1.35629,1.35644
1748278477418.0,1.35626,1.35641
1748278488242.0,1.35629,1.35644
1748278505896.0,1.35626,1.35641
1748278507021.0,1.35628,1.35643
1748278514608.0,1.35627,1.35642
1748278514827.0,1.35628,1.35643
1748278526573.0,1.35624,1.35639
1748278526683.0,1.35621,1.35636
1748278527878.0,1.35624,1.35639
1748278527987.0,1.35623,1.35638
1748278531515.0,1.35622,1.35637
1748278542261.0,1.35623,1.35638
1748278547868.0,1.35622,1.35637
1748278548502.0,1.35623,1.35638
1748278549714.0,1.35625,1.3564
1748278553635.0,1.35627,1.35642
1748278559133.0,1.35625,1.3564
1748278588695.0,1.35628,1.35637
1748278589322.0,1.35633,1.35642
1748278595418.0,1.35636,1.35645
1748278603453.0,1.35637,1.35646
1748278634418.0,1.35638,1.35647
1748278640846.0,1.35639,1.35648
1748278649378.0,1.35637,1.35646
1748278668191.0,1.35634,1.35649
1748278668407.0,1.35632,1.35647
1748278669041.0,1.35636,1.35645
1748278675589.0,1.35642,1.35651
1748278675918.0,1.3564,1.35649
1748278696304.0,1.35639,1.35648
1748278728178.0,1.35642,1.35651
1748278741104.0,1.35637,1.35646
1748278741213.0,1.35636,1.35645
1748278742108.0,1.35638,1.35647
1748278748987.0,1.35636,1.35645
1748278751190.0,1.35632,1.35641
1748278753125.0,1.35633,1.35642
1748278754243.0,1.35634,1.35643
1748278754358.0,1.35635,1.35644
1748278768584.0,1.35636,1.35645
1748278792621.0,1.35635,1.35644
1748278794086.0,1.35636,1.35645
1748278797958.0,1.35635,1.35644
1748278799249.0,1.35636,1.35645
1748278799578.0,1.35638,1.35647
1748278800196.0,1.35644,1.35653
1748278801546.0,1.35642,1.35651
1748278806942.0,1.35644,1.35653
1748278816090.0,1.35645,1.35654
1748278816642.0,1.35642,1.35651
1748278828668.0,1.35645,1.35654
1748278831875.0,1.35644,1.35653
1748278833717.0,1.35645,1.35654
1748278863793.0,1.35643,1.35658
1748278865359.0,1.3564,1.35655
1748278865578.0,1.35641,1.35656
1748278869268.0,1.3564,1.35655
1748278874758.0,1.35643,1.35658
1748278877945.0,1.35644,1.35659
1748278892185.0,1.35642,1.35657
1748278892295.0,1.35645,1.35654
1748278895823.0,1.3564,1.35649
1748278900315.0,1.35641,1.3565
1748278931536.0,1.35644,1.35653
1748278931772.0,1.35646,1.35655
1748278931866.0,1.35647,1.35656
1748278939113.0,1.35645,1.35654
1748278944153.0,1.35639,1.35648
1748278944261.0,1.3564,1.35649
1748278946709.0,1.35642,1.35651
1748278946818.0,1.35641,1.3565
1748278954253.0,1.3564,1.35649
1748278955544.0,1.35641,1.3565
1748278955763.0,1.35642,1.35651
1748278955983.0,1.35641,1.3565
1748278969033.0,1.35642,1.35651
1748278992430.0,1.35641,1.3565
1748279000361.0,1.35638,1.35647
1748279021841.0,1.35626,1.35641
1748279022063.0,1.35626,1.35641
1748279022393.0,1.35626,1.35641
1748279022502.0,1.35625,1.3564
1748279023051.0,1.35628,1.35637
1748279045400.0,1.35631,1.3564
1748279048932.0,1.35632,1.35641
1748279061236.0,1.35631,1.3564
1748279076325.0,1.35632,1.35641
1748279094256.0,1.35628,1.35637
1748279100442.0,1.35629,1.35638
1748279100664.0,1.35628,1.35637
1748279101896.0,1.3563,1.35639
1748279103242.0,1.35625,1.3564
1748279103460.0,1.35626,1.35641
1748279104011.0,1.35628,1.35643
1748279104341.0,1.35627,1.35642
1748279104687.0,1.35628,1.35643
1748279112378.0,1.35625,1.3564
1748279117687.0,1.35627,1.35642
1748279122702.0,1.35628,1.35643
1748279125688.0,1.35626,1.35641
1748279125799.0,1.35628,1.35643
1748279126763.0,1.35629,1.35644
1748279160052.0,1.3563,1.35645
1748279160945.0,1.35629,1.35644
1748279173449.0,1.3563,1.35645
1748279174706.0,1.35629,1.35644
1748279176507.0,1.3563,1.35645
1748279176727.0,1.35629,1.35644
1748279177630.0,1.3563,1.35645
1748279177850.0,1.35629,1.35644
1748279178768.0,1.3563,1.35645
1748279178877.0,1.35629,1.35644
1748279179887.0,1.3563,1.35645
1748279179997.0,1.35629,1.35644
1748279181010.0,1.3563,1.35645
1748279181230.0,1.35629,1.35644
1748279209873.0,1.35627,1.35642
1748279210259.0,1.35629,1.35644
1748279210586.0,1.3563,1.35645
1748279241645.0,1.35629,1.35644
1748279247188.0,1.3563,1.35645
1748279247689.0,1.35629,1.35644
1748279275115.0,1.35627,1.35642
1748279276549.0,1.35628,1.35643
1748279287653.0,1.35629,1.35644
1748279289655.0,1.35626,1.35641
1748279297576.0,1.35625,1.3564
1748279298422.0,1.35624,1.35639
1748279319583.0,1.35621,1.35636
1748279324454.0,1.35617,1.35632
1748279324674.0,1.35615,1.3563
1748279363659.0,1.35614,1.35629
1748279387096.0,1.35619,1.35634
1748279388174.0,1.3562,1.35635
1748279392160.0,1.35625,1.3564
1748279424440.0,1.35626,1.35641
1748279426309.0,1.35625,1.3564
1748279426529.0,1.35624,1.35639
1748279427439.0,1.35625,1.3564
1748279433440.0,1.35624,1.35639
1748279434439.0,1.35625,1.3564
1748279434938.0,1.35624,1.35639
1748279436438.0,1.35625,1.3564
1748279436937.0,1.35624,1.35639
1748279437514.0,1.35625,1.3564
1748279437940.0,1.35624,1.35639
1748279447158.0,1.35625,1.3564
1748279471781.0,1.35623,1.35638
1748279480535.0,1.35624,1.35639
1748279501208.0,1.35625,1.3564
1748279531269.0,1.35626,1.35641
1748279532740.0,1.35625,1.3564
1748279570556.0,1.35624,1.35639
1748279625457.0,1.35625,1.3564
1748279625568.0,1.35624,1.35639
1748279626041.0,1.35625,1.3564
1748279632955.0,1.35622,1.35637
1748279634009.0,1.35623,1.35638
1748279634119.0,1.35622,1.35637
1748279638723.0,1.35618,1.35633
1748279638832.0,1.35619,1.35634
1748279639873.0,1.3562,1.35635
1748279640096.0,1.35621,1.35636
1748279647020.0,1.3562,1.35635
1748279652358.0,1.35619,1.35634
1748279652466.0,1.3562,1.35635
1748279659472.0,1.35621,1.35636
1748279660531.0,1.35622,1.35637
1748279681700.0,1.35619,1.35634
1748279681810.0,1.3562,1.35635
1748279683398.0,1.35619,1.35634
1748279683792.0,1.3562,1.35635
1748279687092.0,1.35619,1.35634
1748279688179.0,1.35616,1.35631
1748279703431.0,1.35615,1.3563
1748279709451.0,1.35612,1.35627
1748279714373.0,1.35613,1.35628
1748279715233.0,1.35612,1.35627
1748279715579.0,1.35613,1.35628
1748279716197.0,1.35612,1.35627
1748279723230.0,1.35613,1.35628
1748279728545.0,1.35612,1.35627
1748279730948.0,1.35613,1.35628
1748279731786.0,1.35612,1.35627
1748279751678.0,1.35613,1.35628
1748279755176.0,1.35612,1.35627
1748279755285.0,1.35613,1.35628
1748279760169.0,1.35614,1.35629
1748279760438.0,1.35613,1.35628
1748279761277.0,1.35614,1.35629
1748279763091.0,1.3561,1.35631
1748279763654.0,1.35605,1.3562
1748279764825.0,1.35604,1.35619
1748279769913.0,1.35603,1.35618
1748279771628.0,1.35604,1.35619
1748279798912.0,1.35603,1.35618
1748279829118.0,1.35599,1.35621
1748279836954.0,1.35602,1.35617
1748279850977.0,1.35605,1.3562
1748279851415.0,1.35604,1.35619
1748279863635.0,1.35603,1.35618
1748279893642.0,1.35601,1.35622
1748279918582.0,1.35603,1.35618
1748279937439.0,1.35602,1.35617
1748279942009.0,1.35601,1.35616
1748279947707.0,1.35593,1.35608
1748279949130.0,1.35592,1.35607
1748279991709.0,1.35593,1.35608
1748279994558.0,1.35592,1.35607
1748279999987.0,1.35593,1.35608
1748280000830.0,1.35594,1.35609
1748280000939.0,1.35593,1.35608
1748280001049.0,1.35592,1.35607
1748280037719.0,1.35593,1.35608
1748280038024.0,1.35592,1.35607
1748280068038.0,1.35594,1.35609
1748280074350.0,1.35589,1.35611
1748280075600.0,1.35593,1.35608
1748280082149.0,1.35594,1.35609
1748280100895.0,1.35593,1.35608
1748280136006.0,1.35598,1.35613
1748280138223.0,1.35599,1.35614
1748280138879.0,1.356,1.35615
1748280140526.0,1.35599,1.35614
1748280140635.0,1.356,1.35615
1748280145042.0,1.35599,1.35614
1748280146178.0,1.35596,1.35611
1748280177009.0,1.35597,1.35612
1748280177118.0,1.35596,1.35611
1748280209167.0,1.35595,1.3561
1748280214804.0,1.35596,1.35611
1748280245247.0,1.35595,1.3561
1748280245475.0,1.35596,1.35611
1748280245690.0,1.35595,1.3561
1748280248460.0,1.35594,1.35609
1748280248682.0,1.35595,1.3561
1748280249013.0,1.35598,1.35613
1748280253752.0,1.35597,1.35612
1748280273254.0,1.35596,1.35611
1748280274291.0,1.35595,1.3561
1748280275135.0,1.35593,1.35608
1748280320668.0,1.35594,1.35609
1748280327675.0,1.35593,1.35608
1748280338627.0,1.35594,1.35609
1748280360319.0,1.35591,1.35612
1748280381408.0,1.35594,1.35609
1748280385220.0,1.35593,1.35608
1748280413288.0,1.35594,1.35609
1748280429079.0,1.35595,1.3561
1748280429188.0,1.35594,1.35609
1748280451911.0,1.35595,1.3561
1748280452131.0,1.35594,1.35609
1748280460781.0,1.35593,1.35608
1748280460888.0,1.35594,1.35609
1748280462042.0,1.35593,1.35608
1748280462261.0,1.35594,1.35609
1748280462480.0,1.35593,1.35608
1748280464543.0,1.35594,1.35609
1748280469447.0,1.35593,1.35608
1748280474311.0,1.35594,1.35609
1748280514670.0,1.35595,1.3561
1748280537889.0,1.35593,1.35608
1748280565155.0,1.35592,1.35607
1748280604186.0,1.35591,1.35606
1748280611868.0,1.35587,1.35602
1748280611978.0,1.35586,1.35601
1748280612985.0,1.35585,1.356
1748280636931.0,1.35579,1.35594
1748280637422.0,1.35576,1.35591
1748280646789.0,1.35577,1.35592
1748280650855.0,1.35576,1.35591
1748280651074.0,1.35577,1.35592
1748280661248.0,1.35576,1.35591
1748280664608.0,1.35577,1.35592
1748280675947.0,1.35576,1.35591
1748280681272.0,1.35577,1.35592
1748280681708.0,1.35576,1.35591
1748280715566.0,1.35575,1.3559
1748280745660.0,1.35576,1.35591
1748280759695.0,1.35575,1.3559
1748280764696.0,1.35576,1.35591
1748280764806.0,1.35575,1.3559
1748280764916.0,1.35576,1.35591
1748280775408.0,1.35575,1.3559
1748280783256.0,1.35574,1.35589
1748280822081.0,1.35573,1.35588
1748280822295.0,1.35574,1.35589
1748280824721.0,1.35573,1.35588
1748280835320.0,1.35574,1.35589
1748280908725.0,1.35572,1.35587
1748280961030.0,1.35573,1.35588
1748280965981.0,1.35572,1.35587
1748280976557.0,1.35573,1.35588
1748280976777.0,1.35572,1.35587
1748280976996.0,1.35573,1.35588
1748280978661.0,1.35572,1.35587
1748281008938.0,1.35574,1.35589
1748281011033.0,1.35587,1.35602
1748281011252.0,1.35588,1.35603
1748281011583.0,1.35589,1.35604
1748281040777.0,1.35587,1.35602
1748281042828.0,1.35588,1.35603
1748281057761.0,1.35587,1.35602
1748281059439.0,1.35588,1.35603
1748281061251.0,1.35587,1.35602
1748281061899.0,1.35588,1.35603
1748281062008.0,1.35587,1.35602
1748281062598.0,1.35588,1.35603
1748281067802.0,1.35587,1.35602
1748281068022.0,1.35588,1.35603
