1748268000149.0,0.82086,0.8211
1748268000846.0,0.82088,0.82112
1748268000968.0,0.82091,0.82115
1748268001219.0,0.82093,0.82117
1748268001348.0,0.82096,0.8212
1748268002106.0,0.82089,0.82113
1748268002232.0,0.82092,0.82116
1748268003033.0,0.82093,0.82117
1748268004233.0,0.82094,0.82118
1748268004360.0,0.82093,0.82117
1748268006645.0,0.82092,0.82116
1748268010382.0,0.82093,0.82117
1748268025423.0,0.82092,0.82116
1748268028798.0,0.82094,0.82118
1748268028925.0,0.82093,0.82117
1748268033069.0,0.82095,0.82119
1748268034150.0,0.82094,0.82118
1748268041375.0,0.82093,0.82117
1748268043536.0,0.82092,0.82116
1748268043645.0,0.82093,0.82117
1748268047371.0,0.82094,0.82118
1748268047503.0,0.82093,0.82117
1748268047749.0,0.82094,0.82118
1748268050195.0,0.82093,0.82117
1748268056181.0,0.82092,0.82116
1748268056301.0,0.82091,0.82115
1748268059026.0,0.82084,0.82108
1748268059163.0,0.82083,0.82107
1748268059412.0,0.8208,0.82104
1748268061037.0,0.82079,0.82103
1748268063420.0,0.8208,0.82104
1748268063672.0,0.82078,0.82102
1748268071209.0,0.82079,0.82103
1748268071323.0,0.82078,0.82102
1748268071900.0,0.82079,0.82103
1748268072148.0,0.82078,0.82102
1748268072275.0,0.82079,0.82103
1748268082455.0,0.8208,0.82104
1748268091455.0,0.82088,0.82112
1748268091578.0,0.82087,0.82111
1748268091707.0,0.82085,0.82109
1748268091962.0,0.82083,0.82107
1748268095732.0,0.82084,0.82108
1748268096106.0,0.82083,0.82107
1748268100673.0,0.82084,0.82108
1748268104053.0,0.82085,0.82109
1748268106449.0,0.82088,0.82112
1748268106583.0,0.82085,0.82109
1748268109078.0,0.82086,0.8211
1748268111418.0,0.82085,0.82109
1748268111545.0,0.82086,0.8211
1748268113136.0,0.82085,0.82109
1748268113266.0,0.82082,0.82106
1748268113765.0,0.82081,0.82105
1748268117119.0,0.82082,0.82106
1748268140504.0,0.8208,0.82104
1748268141596.0,0.82081,0.82105
1748268142079.0,0.82082,0.82106
1748268145531.0,0.82079,0.82103
1748268147590.0,0.82078,0.82102
1748268147915.0,0.82077,0.82101
1748268148038.0,0.82078,0.82102
1748268150362.0,0.82079,0.82103
1748268150463.0,0.8208,0.82104
1748268153007.0,0.82082,0.82106
1748268153252.0,0.82081,0.82105
1748268153377.0,0.82084,0.82108
1748268153502.0,0.82083,0.82107
1748268157678.0,0.82081,0.82105
1748268158616.0,0.82079,0.82103
1748268159115.0,0.8208,0.82104
1748268160739.0,0.82079,0.82103
1748268160847.0,0.82076,0.821
1748268161168.0,0.82077,0.82101
1748268161296.0,0.82078,0.82102
1748268173155.0,0.82079,0.82103
1748268177329.0,0.8208,0.82104
1748268180851.0,0.82079,0.82103
1748268192808.0,0.82075,0.82099
1748268194021.0,0.82083,0.82107
1748268196863.0,0.82085,0.82109
1748268198129.0,0.82086,0.8211
1748268204256.0,0.82085,0.82109
1748268209143.0,0.82089,0.82113
1748268209393.0,0.82091,0.82115
1748268209644.0,0.82089,0.82113
1748268214119.0,0.82088,0.82112
1748268215653.0,0.82087,0.82111
1748268216169.0,0.82088,0.82112
1748268217790.0,0.82087,0.82111
1748268217913.0,0.82084,0.82108
1748268218040.0,0.82083,0.82107
1748268220385.0,0.82084,0.82108
1748268221495.0,0.82085,0.82109
1748268222261.0,0.82086,0.8211
1748268226722.0,0.82085,0.82109
1748268226848.0,0.82083,0.82107
1748268227771.0,0.82087,0.82111
1748268240407.0,0.82086,0.8211
1748268243176.0,0.82087,0.82111
1748268243286.0,0.82088,0.82112
1748268248797.0,0.82089,0.82113
1748268251543.0,0.82088,0.82112
1748268251666.0,0.82085,0.82109
1748268256984.0,0.82086,0.8211
1748268259131.0,0.82083,0.82107
1748268267868.0,0.82084,0.82108
1748268267976.0,0.82085,0.82109
1748268272638.0,0.82084,0.82108
1748268273350.0,0.82085,0.82109
1748268282945.0,0.82086,0.8211
1748268293601.0,0.82088,0.82112
1748268300647.0,0.82081,0.82105
1748268300775.0,0.82083,0.82107
1748268306670.0,0.82086,0.8211
1748268317753.0,0.82085,0.82109
1748268317874.0,0.82083,0.82107
1748268321527.0,0.82082,0.82106
1748268322082.0,0.82081,0.82105
1748268322511.0,0.8208,0.82104
1748268322636.0,0.82078,0.82102
1748268325650.0,0.82079,0.82103
1748268346216.0,0.82078,0.82102
1748268350735.0,0.82077,0.82101
1748268355130.0,0.82078,0.82102
1748268355250.0,0.82079,0.82103
1748268385281.0,0.8208,0.82104
1748268386747.0,,0.82094
1748268386876.0,0.82076,0.82091
1748268389683.0,0.82064,
1748268389809.0,0.82065,0.82089
1748268390184.0,0.82065,0.82089
1748268396898.0,0.82064,0.82088
1748268398646.0,0.82073,0.82097
1748268398892.0,0.82074,0.82098
1748268402203.0,0.82069,0.82093
1748268403880.0,0.8207,0.82094
1748268404006.0,0.82071,0.82095
1748268405834.0,0.8207,0.82094
1748268405961.0,0.82071,0.82095
1748268406084.0,0.8207,0.82094
1748268406424.0,0.82071,0.82095
1748268407075.0,0.8207,0.82094
1748268408461.0,0.82071,0.82095
1748268408711.0,0.82072,0.82096
1748268413532.0,0.82074,0.82098
1748268413658.0,0.82076,0.821
1748268413783.0,0.82075,0.82099
1748268414580.0,0.82071,0.82095
1748268416031.0,0.8207,0.82094
1748268420360.0,0.82075,0.82099
1748268420610.0,0.82085,0.82109
1748268420860.0,0.82087,0.82111
1748268420986.0,0.82086,0.8211
1748268422051.0,0.82082,0.82106
1748268422176.0,0.82083,0.82107
1748268424281.0,0.82082,0.82106
1748268425474.0,0.82083,0.82107
1748268440547.0,0.82082,0.82106
1748268447515.0,0.82083,0.82107
1748268451534.0,0.82085,0.82109
1748268456975.0,0.82084,0.82108
1748268457087.0,0.82085,0.82109
1748268462809.0,0.82088,0.82112
1748268464319.0,0.82087,0.82111
1748268465089.0,0.8209,0.82114
1748268466042.0,0.82089,0.82113
1748268473347.0,0.8209,0.82114
1748268476293.0,0.82089,0.82113
1748268476697.0,0.82088,0.82112
1748268476946.0,0.82079,0.82103
1748268477071.0,0.82078,0.82102
1748268477446.0,0.8208,0.82104
1748268478530.0,0.82079,0.82103
1748268478656.0,0.8208,0.82095
1748268480282.0,0.82079,0.82103
1748268484827.0,0.82076,0.821
1748268492889.0,0.82078,0.82102
1748268494451.0,0.82079,0.82103
1748268494940.0,0.8208,0.82104
1748268510125.0,0.82081,0.82105
1748268510309.0,0.82082,0.82106
1748268510431.0,0.82087,0.82111
1748268510682.0,0.82085,0.82109
1748268511566.0,0.82082,0.82106
1748268514127.0,0.82084,0.82108
1748268515105.0,0.82083,0.82107
1748268526274.0,0.82082,0.82106
1748268526390.0,0.82081,0.82105
1748268526867.0,0.82082,0.82106
1748268526989.0,0.82083,0.82107
1748268527363.0,0.82085,0.82109
1748268529140.0,0.82086,0.8211
1748268534110.0,0.82089,0.82113
1748268534361.0,0.82086,0.8211
1748268534612.0,0.82078,0.82102
1748268534754.0,0.82079,0.82103
1748268534995.0,0.8208,0.82104
1748268536229.0,0.82077,0.82101
1748268549936.0,0.82079,0.82103
1748268552704.0,0.8208,0.82104
1748268553310.0,0.82077,0.82101
1748268553559.0,0.82076,0.821
1748268553988.0,0.82075,0.82099
1748268555053.0,0.82073,0.82097
1748268556717.0,0.82066,0.8209
1748268560015.0,0.82065,0.82089
1748268562410.0,0.82063,0.82087
1748268564814.0,0.8206,0.82084
1748268565251.0,0.82059,0.82083
1748268565519.0,0.82056,0.8208
1748268565798.0,0.82057,0.82081
1748268566640.0,0.82056,0.8208
1748268567562.0,0.82057,0.82081
1748268568981.0,0.82058,0.82082
1748268569700.0,0.8206,0.82084
1748268570072.0,0.82058,0.82082
1748268571487.0,0.82059,0.82083
1748268579194.0,0.82058,0.82082
1748268583010.0,0.82059,0.82083
1748268584218.0,0.82058,0.82082
1748268584342.0,0.82057,0.82081
1748268585870.0,0.82058,0.82082
1748268588364.0,0.82059,0.82083
1748268589588.0,0.82063,0.82087
1748268589720.0,0.82058,0.82082
1748268589970.0,0.82059,0.82083
1748268593754.0,0.82058,0.82082
1748268598568.0,0.82063,0.82087
1748268599296.0,0.82062,0.82086
1748268601337.0,0.82063,0.82087
1748268604183.0,0.82062,0.82086
1748268605388.0,0.82061,0.82085
1748268606562.0,0.82056,0.8208
1748268606938.0,0.82057,0.82081
1748268617720.0,0.82058,0.82082
1748268620872.0,0.82059,0.82083
1748268623993.0,0.82061,0.82085
1748268629703.0,0.82062,0.82086
1748268629824.0,0.82061,0.82085
1748268635257.0,0.8206,0.82084
1748268635668.0,0.82062,0.82086
1748268636847.0,0.8206,0.82084
1748268647865.0,0.82061,0.82085
1748268648678.0,0.8206,0.82084
1748268652208.0,0.82061,0.82085
1748268656167.0,0.8206,0.82084
1748268658437.0,0.82061,0.82085
1748268663849.0,0.82069,0.82093
1748268664655.0,0.8207,0.82094
1748268669850.0,0.82066,0.8209
1748268669975.0,0.82068,0.82083
1748268670634.0,0.82069,0.82084
1748268673589.0,0.8207,0.82085
1748268673711.0,0.82072,0.82087
1748268673839.0,0.82075,0.8209
1748268676328.0,0.82068,0.82092
1748268676758.0,0.82067,0.82091
1748268676890.0,0.82065,0.82089
1748268686487.0,0.8207,0.82094
1748268686611.0,0.82071,0.82095
1748268688185.0,0.8207,0.82094
1748268691353.0,0.82069,0.82093
1748268692462.0,0.82064,0.82088
1748268692837.0,0.82063,0.82087
1748268694103.0,0.82065,0.82089
1748268694353.0,0.82063,0.82087
1748268694603.0,0.82062,0.82086
1748268696597.0,0.82058,0.82082
1748268697081.0,0.82056,0.8208
1748268697988.0,0.82053,0.82077
1748268698240.0,0.82054,0.82078
1748268698362.0,0.82053,0.82077
1748268708034.0,0.82056,0.8208
1748268708156.0,0.82054,0.82078
1748268708534.0,0.82052,0.82076
1748268722391.0,0.82053,0.82077
1748268731718.0,0.82055,0.82079
1748268742408.0,0.82054,0.82078
1748268742657.0,0.82053,0.82077
1748268744537.0,0.82052,0.82076
1748268751849.0,0.82053,0.82077
1748268751951.0,0.82054,0.82078
1748268759894.0,0.82053,0.82077
1748268759999.0,0.82054,0.82078
1748268767572.0,0.82053,0.82077
1748268772594.0,0.82054,0.82078
1748268776552.0,0.82053,0.82077
1748268792902.0,0.82043,0.82067
1748268794644.0,0.82042,0.82066
1748268794756.0,0.82039,0.82063
1748268795859.0,0.82039,0.82063
1748268797792.0,0.82038,0.82062
1748268798325.0,0.82037,0.82061
1748268800030.0,0.82038,0.82062
1748268800303.0,0.82037,0.82061
1748268801813.0,0.82038,0.82062
1748268803683.0,0.82037,0.82061
1748268804192.0,0.82038,0.82062
1748268804286.0,0.82036,0.8206
1748268810284.0,0.82041,0.82065
1748268810427.0,0.82043,0.82067
1748268810782.0,0.82042,0.82066
1748268812357.0,0.82041,0.82065
1748268812607.0,0.82043,0.82067
1748268812731.0,0.82041,0.82065
1748268813729.0,0.82038,0.82062
1748268814488.0,0.82039,0.82063
1748268825133.0,0.82046,0.8207
1748268825754.0,0.82045,0.82069
1748268827665.0,0.82046,0.8207
1748268828568.0,0.82051,0.82075
1748268828701.0,0.82048,0.82072
1748268829321.0,0.8205,0.82074
1748268829573.0,0.82054,0.82078
1748268832278.0,0.82055,0.82079
1748268832403.0,0.82056,0.8208
1748268834228.0,0.82059,0.82083
1748268834353.0,0.82063,0.82087
1748268836955.0,0.82062,0.82086
1748268839189.0,0.82063,0.82087
1748268843904.0,0.82062,0.82086
1748268846942.0,0.82065,0.82089
1748268847430.0,0.82067,0.82091
1748268849852.0,0.82068,0.82092
1748268850456.0,0.8207,0.82094
1748268850828.0,0.82071,0.82095
1748268881676.0,0.82072,0.82096
1748268881784.0,0.82076,0.821
1748268882158.0,0.82075,0.82099
1748268886122.0,0.82076,0.821
1748268886465.0,0.82077,0.82101
1748268887093.0,0.82076,0.821
1748268887561.0,0.82077,0.82101
1748268887650.0,0.82086,0.8211
1748268888597.0,0.82087,0.82111
1748268890545.0,0.82086,0.8211
1748268891484.0,0.82087,0.82111
1748268891582.0,0.82088,0.82112
1748268891974.0,0.82089,0.82113
1748268892235.0,0.82092,0.82116
1748268892335.0,0.82093,0.82117
1748268896365.0,0.82092,0.82116
1748268897448.0,0.82091,0.82115
1748268898656.0,0.82094,0.82118
1748268903823.0,0.82093,0.82117
1748268908463.0,0.82095,0.82119
1748268911089.0,0.82096,0.8212
1748268912899.0,0.82098,0.82122
1748268920312.0,0.82099,0.82123
1748268922008.0,0.821,0.82124
1748268939130.0,0.82101,0.82125
1748268939380.0,0.821,0.82124
1748268940471.0,0.82096,0.8212
1748268944177.0,0.82097,0.82121
1748268944301.0,0.82098,0.82122
1748268956257.0,0.82099,0.82123
1748268956373.0,0.82096,0.8212
1748268956756.0,0.82097,0.82121
1748268957976.0,0.82099,0.82123
1748268958126.0,0.821,0.82124
1748268958226.0,0.82099,0.82123
1748268960363.0,0.82097,0.82121
1748268963760.0,0.82096,0.8212
1748268974443.0,0.82093,0.82117
1748268975085.0,0.8209,0.82114
1748268976121.0,0.82083,0.82107
1748268976246.0,0.82084,0.82108
1748268976865.0,0.82082,0.82106
1748268982340.0,0.82081,0.82105
1748268985150.0,0.82078,0.82102
1748268988498.0,0.82077,0.82101
1748269007525.0,0.82078,0.82102
1748269007643.0,0.82079,0.82103
1748269008000.0,0.8208,0.82104
1748269008253.0,0.82079,0.82103
1748269010595.0,0.82081,0.82105
1748269018089.0,0.8208,0.82104
1748269019493.0,0.82081,0.82105
1748269022727.0,0.82082,0.82106
1748269026050.0,0.82081,0.82105
1748269026689.0,0.82078,0.82102
1748269028854.0,0.82079,0.82103
1748269028979.0,0.82083,0.82107
1748269033747.0,0.82084,0.82108
1748269035516.0,0.82083,0.82107
1748269035600.0,0.82082,0.82106
1748269062604.0,0.82083,0.82107
1748269062916.0,0.82082,0.82106
1748269071079.0,0.82081,0.82105
1748269071204.0,0.82077,0.82101
1748269071553.0,0.82078,0.82102
1748269074419.0,0.82077,0.82101
1748269075546.0,0.8207,0.82094
1748269075665.0,0.82069,0.82093
1748269075915.0,0.8207,0.82094
1748269076888.0,0.82069,0.82093
1748269077997.0,0.8207,0.82094
1748269079916.0,0.82069,0.82093
1748269080164.0,0.82065,0.82089
1748269081703.0,0.82064,0.82088
1748269081820.0,0.82065,0.82089
1748269089530.0,0.82068,0.82092
1748269089810.0,0.82069,0.82093
1748269089940.0,0.82071,0.82095
1748269090245.0,0.82072,0.82096
1748269090369.0,0.82073,0.82097
1748269103730.0,0.82072,0.82096
1748269103855.0,0.8207,0.82094
1748269120165.0,0.82069,0.82093
1748269120269.0,0.82067,0.82091
1748269120651.0,0.82065,0.82089
1748269123331.0,0.82064,0.82088
1748269125577.0,0.82059,0.82083
1748269126704.0,0.82062,0.82086
1748269127581.0,0.82061,0.82085
1748269132646.0,0.8206,0.82084
1748269133773.0,0.82061,0.82085
1748269133902.0,0.82062,0.82086
1748269138607.0,0.82061,0.82085
1748269140824.0,0.8206,0.82084
1748269145488.0,0.82059,0.82083
1748269145913.0,0.82055,0.82079
1748269146050.0,0.82052,0.82076
1748269146299.0,0.82053,0.82077
1748269146666.0,0.82054,0.82078
1748269146799.0,0.82055,0.82079
1748269149812.0,0.82054,0.82078
1748269149937.0,0.82055,0.82079
1748269150969.0,0.82054,0.82078
1748269152400.0,0.82055,0.82079
1748269154335.0,0.82056,0.8208
1748269155744.0,0.82058,0.82082
1748269157878.0,0.82059,0.82083
1748269164317.0,0.82058,0.82082
1748269164442.0,0.82059,0.82083
1748269167551.0,0.82057,0.82081
1748269176113.0,0.82056,0.8208
1748269184346.0,0.82053,0.82077
1748269184598.0,0.82054,0.82078
1748269194492.0,0.82053,0.82077
1748269212369.0,0.82051,0.82075
1748269215963.0,0.8205,0.82074
1748269223706.0,0.82049,0.82073
1748269223830.0,0.82039,0.82063
1748269223956.0,0.8204,0.82064
1748269227702.0,0.82041,0.82065
1748269233959.0,0.82042,0.82066
1748269234077.0,0.82043,0.82067
1748269242367.0,0.82042,0.82066
1748269243219.0,0.82041,0.82065
1748269256178.0,0.82042,0.82066
1748269257993.0,0.82046,0.8207
1748269262618.0,0.82049,0.82073
1748269267816.0,0.82044,0.82068
1748269269142.0,0.82042,0.82066
1748269272756.0,0.82029,0.82053
1748269273250.0,0.8203,0.82054
1748269273499.0,0.82034,0.82058
1748269273631.0,0.82033,0.82057
1748269273958.0,0.82034,0.82058
1748269274206.0,0.82033,0.82057
1748269274457.0,0.82033,0.82057
1748269275294.0,0.82034,0.82058
1748269275541.0,0.82033,0.82057
1748269278632.0,0.82034,0.82058
1748269281885.0,0.82038,0.82062
1748269286782.0,0.82036,0.8206
1748269287535.0,0.82037,0.82061
1748269294245.0,0.82033,0.82057
1748269295003.0,0.82034,0.82058
1748269296225.0,0.82033,0.82057
1748269310311.0,0.82032,0.82056
1748269316299.0,0.82033,0.82057
1748269319345.0,0.82037,0.82061
1748269324293.0,0.82036,0.8206
1748269324832.0,0.82037,0.82061
1748269327431.0,0.82033,0.82057
1748269329549.0,0.82035,0.82059
1748269330478.0,0.82036,0.8206
1748269333774.0,0.82034,0.82058
1748269336311.0,0.82033,0.82057
1748269338716.0,0.82029,0.82053
1748269350142.0,0.8203,0.82054
1748269350732.0,0.82033,0.82057
1748269351232.0,0.82034,0.82058
1748269352104.0,0.82038,0.82062
1748269357617.0,0.82037,0.82061
1748269359662.0,0.82033,0.82057
1748269367962.0,0.8203,0.82054
1748269372469.0,0.82031,0.82055
1748269374346.0,0.82041,0.82065
1748269374595.0,0.82039,0.82063
1748269375296.0,0.8204,0.82064
1748269379451.0,0.82041,0.82065
1748269384166.0,0.8204,0.82064
1748269384264.0,0.82037,0.82061
1748269386216.0,0.82038,0.82062
1748269387327.0,0.82043,0.82067
1748269393793.0,0.82041,0.82065
1748269394385.0,0.82033,0.82057
1748269394885.0,0.8203,0.82054
1748269400195.0,0.82026,0.8205
1748269400696.0,0.82028,0.82052
1748269401074.0,0.8202,0.82044
1748269404037.0,0.82019,0.82043
1748269406183.0,0.82018,0.82042
1748269406301.0,0.8202,0.82044
1748269410484.0,0.82017,0.82041
1748269413885.0,0.82018,0.82042
1748269418188.0,0.82017,0.82041
1748269423993.0,0.8202,0.82044
1748269424119.0,0.82018,0.82042
1748269428429.0,0.82019,0.82043
1748269430684.0,0.82018,0.82042
1748269432081.0,0.82019,0.82043
1748269436076.0,0.8202,0.82044
1748269449546.0,0.82024,0.82048
1748269452133.0,0.82028,0.82052
1748269452806.0,0.82023,0.82047
1748269457738.0,0.82024,0.82048
1748269467385.0,0.82034,0.82058
1748269473037.0,0.82036,0.8206
1748269473415.0,0.82034,0.82058
1748269475919.0,0.82033,0.82057
1748269483238.0,0.82032,0.82056
1748269483372.0,0.82029,0.82053
1748269483535.0,0.82028,0.82052
1748269485760.0,0.82032,0.82056
1748269489791.0,0.82033,0.82057
1748269491431.0,0.82032,0.82056
1748269494714.0,0.82033,0.82057
1748269494829.0,0.82032,0.82056
1748269495079.0,0.82033,0.82057
1748269500181.0,0.8203,0.82054
1748269502250.0,0.82027,0.82051
1748269517251.0,0.82025,0.82049
1748269518587.0,0.82027,0.82051
1748269520787.0,0.82022,0.82046
1748269521037.0,0.82024,0.82048
1748269522819.0,0.82023,0.82047
1748269524166.0,0.82022,0.82046
1748269530612.0,0.82023,0.82047
1748269542423.0,0.82025,0.82049
1748269543164.0,0.82024,0.82048
1748269550555.0,0.82023,0.82047
1748269570279.0,0.82022,0.82046
1748269576090.0,0.82023,0.82047
1748269582413.0,0.82026,0.82041
1748269582657.0,0.82017,0.82032
1748269582762.0,0.82018,0.82033
1748269584243.0,0.82019,0.82034
1748269598080.0,0.8202,0.82035
1748269599600.0,0.82018,0.82033
1748269606426.0,0.82019,0.82034
1748269615382.0,0.8202,0.82035
1748269616877.0,0.82021,0.82036
1748269616999.0,0.82017,0.82041
1748269618824.0,0.82018,0.82042
1748269621745.0,0.82014,0.82038
1748269625830.0,0.82012,0.82036
1748269626584.0,0.82011,0.82035
1748269639868.0,0.82017,0.82032
1748269640370.0,0.82016,0.82031
1748269641394.0,0.82017,0.82032
1748269654737.0,0.82019,0.82043
1748269655404.0,0.82017,0.82041
1748269655785.0,0.82016,0.8204
1748269659745.0,0.82017,0.82041
1748269659989.0,0.82021,0.82045
1748269660581.0,0.82022,0.82046
1748269662292.0,0.82021,0.82045
1748269665657.0,0.82022,0.82046
1748269665785.0,0.82028,0.82052
1748269666377.0,0.82027,0.82051
1748269668597.0,0.82025,0.82049
1748269693889.0,0.82026,0.8205
1748269695191.0,0.82028,0.82052
1748269698967.0,0.82027,0.82051
1748269726378.0,0.82028,0.82052
1748269730485.0,0.82021,0.82045
1748269730619.0,0.8202,0.82044
1748269730732.0,0.82019,0.82043
1748269731891.0,0.8202,0.82044
1748269739899.0,0.8202,0.82044
1748269740467.0,0.82021,0.82045
1748269741397.0,0.8202,0.82044
1748269754383.0,0.82021,0.82045
1748269758949.0,0.82019,0.82043
1748269762179.0,0.82018,0.82042
1748269762303.0,0.82013,0.82037
1748269767084.0,0.82012,0.82036
1748269767327.0,0.82013,0.82037
1748269768786.0,0.82011,0.82035
1748269769416.0,0.82011,0.82035
1748269769537.0,0.82013,0.82037
1748269772269.0,0.82012,0.82036
1748269772393.0,0.8201,0.82034
1748269785527.0,0.82006,0.8203
1748269785904.0,0.8201,0.82034
1748269788177.0,0.82007,0.82031
1748269791585.0,0.82004,0.82028
1748269791712.0,0.82005,0.82029
1748269797416.0,0.82003,0.82027
1748269798054.0,0.82004,0.82028
1748269800123.0,0.82003,0.82027
1748269803175.0,0.82003,0.82027
1748269810972.0,0.82004,0.82028
1748269812038.0,0.82,0.82024
1748269813747.0,0.82002,0.82026
1748269814754.0,0.82001,0.82025
1748269819156.0,0.82002,0.82026
1748269819588.0,0.82001,0.82025
1748269821762.0,0.81998,0.82022
1748269826414.0,0.81997,0.82021
1748269826768.0,0.82001,0.82025
1748269829573.0,0.82,0.82024
1748269830643.0,0.81999,0.82023
1748269835720.0,0.81997,0.82021
1748269840065.0,0.81996,0.8202
1748269849347.0,0.81979,0.82003
1748269849596.0,0.8198,0.82004
1748269851225.0,0.81983,0.82007
1748269851692.0,0.81982,0.82006
1748269851941.0,0.81978,0.82002
1748269853406.0,0.81981,0.82005
1748269854521.0,0.81982,0.82006
1748269854932.0,0.81983,0.82007
1748269862411.0,0.81988,0.82012
1748269862785.0,0.81989,0.82013
1748269863037.0,0.81987,0.82011
1748269866821.0,0.81988,0.82012
1748269867648.0,0.81989,0.82013
1748269872112.0,0.8199,0.82014
1748269873759.0,0.81991,0.82015
1748269875911.0,0.81991,0.82015
1748269877607.0,0.81995,0.82019
1748269883904.0,0.81994,0.82018
1748269885667.0,0.81995,0.82019
1748269892386.0,0.81996,0.8202
1748269892510.0,0.81998,0.82022
1748269892925.0,0.81997,0.82021
1748269897545.0,0.81998,0.82022
1748269900319.0,0.81997,0.82021
1748269901901.0,0.81999,0.82023
1748269902152.0,0.82007,0.82031
1748269903217.0,0.82009,0.82033
1748269903984.0,0.82008,0.82032
1748269904233.0,0.82009,0.82033
1748269905212.0,0.82014,0.82038
1748269905341.0,0.82013,0.82037
1748269906512.0,0.82014,0.82038
1748269909052.0,0.82013,0.82037
1748269909784.0,0.82014,0.82038
1748269910993.0,0.82006,0.8203
1748269912585.0,0.82006,0.8203
1748269913346.0,0.82007,0.82031
1748269916839.0,0.82006,0.8203
1748269917087.0,0.82007,0.82031
1748269922354.0,0.82008,0.82032
1748269922471.0,0.82009,0.82033
1748269923720.0,0.8201,0.82034
1748269927890.0,0.82009,0.82033
1748269929871.0,0.8201,0.82034
1748269930373.0,0.82009,0.82033
1748269930622.0,0.82008,0.82032
1748269934407.0,0.82007,0.82031
1748269937390.0,0.82008,0.82032
1748269938319.0,0.82007,0.82031
1748269940187.0,0.82008,0.82032
1748269943292.0,0.82009,0.82033
1748269948653.0,0.8201,0.82034
1748269949670.0,0.82009,0.82033
1748269949789.0,0.8201,0.82034
1748269952737.0,0.82012,0.82036
1748269953762.0,0.82011,0.82035
1748269954115.0,0.82012,0.82036
1748269962295.0,0.82013,0.82037
1748269964443.0,0.82014,0.82038
1748269967338.0,0.82013,0.82037
1748269968688.0,0.82014,0.82038
1748269970951.0,0.82015,0.82039
1748269971341.0,0.82017,0.82041
1748269980350.0,0.82016,0.8204
1748269980600.0,0.82023,0.82047
1748269983332.0,0.82022,0.82046
1748269983815.0,0.82024,0.82048
1748269986276.0,0.82023,0.82047
1748269986693.0,0.82024,0.82048
1748269986982.0,0.82023,0.82047
1748269987358.0,0.82023,0.82047
1748269990072.0,0.82029,0.82053
1748269992182.0,0.82028,0.82052
1748269996266.0,0.82029,0.82053
1748270000219.0,0.82031,0.82055
1748270002129.0,0.8203,0.82054
1748270016655.0,0.82029,0.82053
1748270025049.0,0.82028,0.82052
1748270029959.0,0.82027,0.82051
1748270031284.0,0.82027,0.82051
1748270031752.0,0.82026,0.8205
1748270041314.0,0.82021,0.82045
1748270041564.0,0.8202,0.82044
1748270044118.0,0.82022,0.82046
1748270046449.0,0.8202,0.82044
1748270066785.0,0.82018,0.82042
1748270069072.0,0.82012,0.82036
1748270084616.0,0.82015,0.82039
1748270084861.0,0.82014,0.82038
1748270085332.0,0.82015,0.82039
1748270085583.0,0.82014,0.82038
1748270098258.0,0.82011,0.82035
1748270100128.0,0.8201,0.82034
1748270100505.0,0.82008,0.82032
1748270101841.0,0.82007,0.82031
1748270101959.0,0.82008,0.82032
1748270109221.0,0.82009,0.82033
1748270109465.0,0.82012,0.82036
1748270112533.0,0.82011,0.82035
1748270113533.0,0.82015,0.82039
1748270115281.0,0.82014,0.82038
1748270129732.0,0.82013,0.82037
1748270129982.0,0.82014,0.82038
1748270132827.0,0.82013,0.82037
1748270134126.0,0.82018,0.82042
1748270134252.0,0.82019,0.82043
1748270136066.0,0.8202,0.82044
1748270136185.0,0.82022,0.82046
1748270141620.0,0.82021,0.82045
1748270141736.0,0.82019,0.82043
1748270143494.0,0.8202,0.82044
1748270147149.0,0.82022,0.82046
1748270149322.0,0.82021,0.82045
1748270153000.0,0.82029,0.82053
1748270153125.0,0.82027,0.82051
1748270153375.0,0.82028,0.82052
1748270155157.0,0.82029,0.82053
1748270161340.0,0.8203,0.82054
1748270163090.0,0.82032,0.82056
1748270170408.0,0.82034,0.82058
1748270172110.0,0.82033,0.82057
1748270172533.0,0.82034,0.82058
1748270174532.0,0.82038,0.82062
1748270176032.0,0.82039,0.82063
1748270179348.0,0.82042,0.82066
1748270182363.0,0.82044,0.82068
1748270182860.0,0.82042,0.82066
1748270192431.0,0.82041,0.82065
1748270195917.0,0.82043,0.82067
1748270212161.0,0.82044,0.82068
1748270218444.0,0.82043,0.82067
1748270220314.0,0.82049,0.82073
1748270224449.0,0.82048,0.82072
1748270234010.0,0.82047,0.82071
1748270234128.0,0.82045,0.82069
1748270234897.0,0.82046,0.8207
1748270242599.0,0.82045,0.82069
1748270250077.0,0.82044,0.82068
1748270250460.0,0.82048,0.82072
1748270250994.0,0.82047,0.82071
1748270259171.0,0.82045,0.82069
1748270265304.0,0.82044,0.82068
1748270276542.0,0.82041,0.82065
1748270277914.0,0.8204,0.82064
1748270280165.0,0.82036,0.8206
1748270280691.0,0.82037,0.82061
1748270281258.0,0.82033,0.82057
1748270281384.0,0.82032,0.82056
1748270282194.0,0.8203,0.82054
1748270283195.0,0.82027,0.82051
1748270287005.0,0.82028,0.82052
1748270287119.0,0.82027,0.82051
1748270289581.0,0.82028,0.82052
1748270289701.0,0.8203,0.82054
1748270302934.0,0.82035,0.82059
1748270303177.0,0.82034,0.82058
1748270308321.0,0.82037,0.82061
1748270312424.0,0.82038,0.82062
1748270314092.0,0.82039,0.82063
1748270314212.0,0.8204,0.82064
1748270314463.0,0.82039,0.82063
1748270319296.0,0.82038,0.82062
1748270329478.0,0.82037,0.82061
1748270332517.0,0.82036,0.8206
1748270336304.0,0.82035,0.82059
1748270339082.0,0.82036,0.8206
1748270342716.0,0.82035,0.82059
1748270343659.0,0.82033,0.82057
1748270345978.0,0.82029,0.82053
1748270346519.0,0.8203,0.82054
1748270357791.0,0.82028,0.82052
1748270361004.0,0.82031,0.82055
1748270361259.0,0.82033,0.82057
1748270361379.0,0.82034,0.82058
1748270361879.0,0.82035,0.82059
1748270362130.0,0.82038,0.82062
1748270364301.0,0.82037,0.82061
1748270364445.0,0.82035,0.82059
1748270364551.0,0.82036,0.8206
1748270364975.0,0.82038,0.82062
1748270374054.0,0.82039,0.82063
1748270376021.0,0.8204,0.82064
1748270376128.0,0.82037,0.82061
1748270378594.0,0.82036,0.8206
1748270378720.0,0.82035,0.82059
1748270383279.0,0.82034,0.82058
1748270386970.0,0.82033,0.82057
1748270387083.0,0.82029,0.82053
1748270387332.0,0.82021,0.82045
1748270387833.0,0.82018,0.82042
1748270391893.0,0.82017,0.82041
1748270392527.0,0.82019,0.82043
1748270400401.0,0.82016,0.8204
1748270408159.0,0.82015,0.82039
1748270411173.0,0.82017,0.82041
1748270411470.0,0.82018,0.82042
1748270416011.0,0.82023,0.82047
1748270417207.0,0.82024,0.82048
1748270421812.0,0.82025,0.82049
1748270423428.0,0.82026,0.8205
1748270426054.0,0.82025,0.82049
1748270433966.0,0.82027,0.82051
1748270437920.0,0.82028,0.82052
1748270438043.0,0.82029,0.82053
1748270438420.0,0.82031,0.82055
1748270438961.0,0.8203,0.82054
1748270442557.0,0.82029,0.82053
1748270443080.0,0.82027,0.82051
1748270444063.0,0.82026,0.8205
1748270445647.0,0.82025,0.82049
1748270445766.0,0.82024,0.82048
1748270446631.0,0.82024,0.82048
1748270449704.0,0.82025,0.82049
1748270450068.0,0.82016,0.8204
1748270450197.0,0.82017,0.82041
1748270456989.0,0.8201,0.82034
1748270462567.0,0.82009,0.82033
1748270462670.0,0.82008,0.82032
1748270472553.0,0.82013,0.82037
1748270473340.0,0.82012,0.82036
1748270477906.0,0.82008,0.82032
1748270478157.0,0.82011,0.82035
1748270479910.0,0.82012,0.82036
1748270486184.0,0.82013,0.82037
1748270488341.0,0.82014,0.82038
1748270494837.0,0.82013,0.82037
1748270508721.0,0.82004,0.82028
1748270510724.0,0.82003,0.82027
1748270510839.0,0.82006,0.8203
1748270518056.0,0.82009,0.82033
1748270518869.0,0.8201,0.82034
1748270518960.0,0.82012,0.82036
1748270520215.0,0.82008,0.82032
1748270528219.0,0.82006,0.8203
1748270528771.0,0.82004,0.82028
1748270531405.0,0.82005,0.82029
1748270536602.0,0.82004,0.82028
1748270540685.0,0.82005,0.82029
1748270540930.0,0.82006,0.8203
1748270544314.0,0.82005,0.82029
1748270544410.0,0.82004,0.82028
1748270547195.0,0.82003,0.82027
1748270548546.0,0.82,0.82024
1748270548679.0,0.81999,0.82023
1748270549274.0,0.82,0.82024
1748270558398.0,0.81999,0.82023
1748270564664.0,0.81998,0.82022
1748270566080.0,0.81997,0.82021
1748270567052.0,0.81998,0.82022
1748270573043.0,0.81997,0.82021
1748270573949.0,0.82003,0.82027
1748270592079.0,0.82002,0.82026
1748270592481.0,0.82003,0.82027
1748270601168.0,0.82006,0.8203
1748270605533.0,0.82001,0.82025
1748270617143.0,0.82003,0.82027
1748270621343.0,0.82006,0.8203
1748270625304.0,0.82007,0.82031
1748270637704.0,0.82008,0.82032
1748270647581.0,0.8201,0.82034
1748270650481.0,0.82009,0.82033
1748270652628.0,0.82008,0.82032
1748270662578.0,0.82008,0.82032
1748270679453.0,0.82009,0.82033
1748270680529.0,0.82013,0.82028
1748270681973.0,0.82014,0.82029
1748270682092.0,0.82013,0.82037
1748270683166.0,0.82014,0.82038
1748270684753.0,0.82015,0.82039
1748270687070.0,0.82014,0.82038
1748270687176.0,0.82011,0.82035
1748270687317.0,0.8201,0.82034
1748270694229.0,0.82008,0.82032
1748270696358.0,0.82009,0.82033
1748270699762.0,0.8201,0.82034
1748270700046.0,0.82011,0.82035
1748270700421.0,0.82009,0.82033
1748270712752.0,0.82007,0.82031
1748270720521.0,0.82009,0.82033
1748270722392.0,0.8201,0.82034
1748270730682.0,0.82011,0.82035
1748270731678.0,0.82012,0.82036
1748270733398.0,0.82016,0.8204
1748270733522.0,0.82015,0.82039
1748270734340.0,0.82016,0.8204
1748270748318.0,0.82017,0.82041
1748270751730.0,0.82018,0.82042
1748270764037.0,0.82019,0.82043
1748270765100.0,0.82012,0.82036
1748270778319.0,0.82013,0.82037
1748270782150.0,0.82011,0.82035
1748270784221.0,0.82013,0.82037
1748270790955.0,0.82012,0.82036
1748270793196.0,0.82011,0.82035
1748270803968.0,0.8201,0.82034
1748270804648.0,0.82005,0.82029
1748270805178.0,0.82006,0.8203
1748270806612.0,0.82007,0.82031
1748270810178.0,0.82005,0.82029
1748270813968.0,0.82007,0.82031
1748270814562.0,0.82008,0.82032
1748270817335.0,0.82007,0.82031
1748270820141.0,0.82006,0.8203
1748270821022.0,0.82007,0.82031
1748270856526.0,0.82003,0.82027
1748270857569.0,0.82004,0.82028
1748270857819.0,0.82007,0.82031
1748270860544.0,0.82006,0.8203
1748270868408.0,0.82007,0.82031
1748270868530.0,0.8201,0.82034
1748270878319.0,0.82011,0.82035
1748270879979.0,0.8201,0.82034
1748270881182.0,0.82009,0.82033
1748270889997.0,0.82008,0.82032
1748270890088.0,0.82005,0.82029
1748270890491.0,0.82004,0.82028
1748270893968.0,0.82005,0.82029
1748270896538.0,0.82004,0.82028
1748270899590.0,0.82003,0.82027
1748270925752.0,0.82003,0.82027
1748270941348.0,0.82008,0.82032
1748270941601.0,0.82007,0.82031
1748270946385.0,0.8201,0.82034
1748270946636.0,0.82009,0.82033
1748270947361.0,0.8201,0.82034
1748270947485.0,0.82013,0.82037
1748270958412.0,0.82014,0.82038
1748270963370.0,0.82013,0.82037
1748270963461.0,0.82014,0.82038
1748270965094.0,0.82005,0.82029
1748270969196.0,0.82004,0.82028
1748270979472.0,0.82003,0.82027
1748270979846.0,0.81997,0.82021
1748270992529.0,0.81998,0.82022
1748270992647.0,0.81997,0.82021
1748270995572.0,0.81996,0.8202
1748270997436.0,0.81992,0.82016
1748271000151.0,0.81991,0.82015
1748271001727.0,0.81994,0.82018
1748271001851.0,0.81995,0.82019
1748271009731.0,0.82004,0.82028
1748271015219.0,0.82003,0.82027
1748271017443.0,0.82004,0.82028
1748271020073.0,0.82003,0.82027
1748271032600.0,0.82002,0.82026
1748271034444.0,0.82001,0.82025
1748271046209.0,0.82,0.82024
1748271047277.0,0.82004,0.82028
1748271048342.0,0.82005,0.82029
1748271053521.0,0.82012,0.82036
1748271054075.0,0.82013,0.82037
1748271054192.0,0.82017,0.82041
1748271055366.0,0.82017,0.82041
1748271055486.0,0.82016,0.8204
1748271055737.0,0.82016,0.8204
1748271056654.0,0.82016,0.8204
1748271067579.0,0.82017,0.82041
1748271069938.0,0.82016,0.8204
1748271070068.0,0.8201,0.82034
1748271075964.0,0.82009,0.82033
1748271076082.0,0.82011,0.82035
1748271077845.0,0.8201,0.82034
1748271080022.0,0.82015,0.82039
1748271080147.0,0.82016,0.8204
1748271080522.0,0.82019,0.82043
1748271083746.0,0.82021,0.82045
1748271087007.0,0.82022,0.82046
1748271091480.0,0.82011,0.82035
1748271097309.0,0.8201,0.82034
1748271097559.0,0.82011,0.82035
1748271100034.0,0.8201,0.82034
1748271100279.0,0.82011,0.82035
1748271104925.0,0.82008,0.82032
1748271109725.0,0.82007,0.82031
1748271111071.0,0.82008,0.82032
1748271127287.0,0.82009,0.82033
1748271129706.0,0.82008,0.82032
1748271146338.0,0.82009,0.82033
1748271149548.0,0.82008,0.82032
1748271152423.0,0.82009,0.82033
1748271163726.0,0.82008,0.82032
1748271165473.0,0.82008,0.82032
1748271166134.0,0.8201,0.82034
1748271167431.0,0.82009,0.82033
1748271168417.0,0.8201,0.82034
1748271177445.0,0.82011,0.82035
1748271178651.0,0.8201,0.82034
1748271180755.0,0.82009,0.82033
1748271180863.0,0.82007,0.82031
1748271186827.0,0.82008,0.82032
1748271186951.0,0.8201,0.82034
1748271199095.0,0.82011,0.82035
1748271199213.0,0.82012,0.82036
1748271200047.0,0.82014,0.82038
1748271216338.0,0.82016,0.8204
1748271216477.0,0.82015,0.82039
1748271228794.0,0.8202,0.82044
1748271232903.0,0.82019,0.82043
1748271242693.0,0.8202,0.82044
1748271283645.0,0.82022,0.82046
1748271289785.0,0.82023,0.82047
1748271297696.0,0.82021,0.82045
1748271298483.0,0.82019,0.82043
1748271298612.0,0.82021,0.82045
1748271299747.0,0.8202,0.82044
1748271300722.0,0.82022,0.82046
1748271300971.0,0.82021,0.82045
1748271301549.0,0.8202,0.82044
1748271306877.0,0.82021,0.82045
1748271307001.0,0.82024,0.82048
1748271312013.0,0.8203,0.82054
1748271314403.0,0.82031,0.82055
1748271314513.0,0.82032,0.82056
1748271314991.0,0.82033,0.82057
1748271315491.0,0.82032,0.82056
1748271315771.0,0.82031,0.82055
1748271317771.0,0.8203,0.82054
1748271320817.0,0.82041,0.82056
1748271323860.0,0.82042,0.82057
1748271324447.0,0.82041,0.82056
1748271326560.0,0.8204,0.82055
1748271326674.0,0.82039,0.82054
1748271330882.0,,0.82063
1748271331131.0,0.82037,0.82061
1748271334008.0,0.82038,0.82062
1748271334128.0,0.82037,0.82061
1748271344958.0,0.82035,0.82059
1748271345081.0,0.82036,0.8206
1748271345331.0,0.82038,0.82062
1748271347855.0,0.82039,0.82063
1748271347980.0,0.8204,0.82064
1748271350332.0,0.82042,0.82066
1748271359508.0,0.82041,0.82065
1748271360786.0,0.82039,0.82063
1748271361333.0,0.82038,0.82062
1748271361577.0,0.82039,0.82063
1748271364428.0,0.82038,0.82062
1748271364758.0,0.82039,0.82063
1748271368162.0,0.82039,0.82063
1748271368768.0,0.82042,0.82066
1748271370056.0,0.82044,0.82068
1748271371849.0,0.82043,0.82067
1748271374192.0,0.82044,0.82068
1748271374443.0,0.82043,0.82067
1748271377691.0,0.82042,0.82066
1748271381129.0,0.82043,0.82067
1748271381252.0,0.82044,0.82068
1748271385047.0,0.82043,0.82067
1748271385700.0,0.82042,0.82066
1748271389742.0,0.8204,0.82064
1748271389865.0,0.82034,0.82058
1748271390986.0,0.82036,0.8206
1748271391110.0,0.82037,0.82061
1748271393330.0,0.82038,0.82062
1748271397046.0,0.82039,0.82063
1748271397171.0,0.8204,0.82064
1748271400152.0,0.82039,0.82063
1748271410297.0,0.82038,0.82062
1748271410546.0,0.82036,0.8206
1748271410790.0,0.82037,0.82061
1748271411155.0,0.82038,0.82062
1748271411283.0,0.82037,0.82061
1748271415979.0,0.8204,0.82064
1748271423466.0,0.82039,0.82063
1748271427380.0,0.82041,0.82065
1748271432356.0,0.8204,0.82064
1748271433720.0,0.82038,0.82062
1748271434094.0,0.82035,0.82059
1748271434346.0,0.82027,0.82051
1748271434597.0,0.82029,0.82053
1748271437737.0,0.82028,0.82052
1748271437855.0,0.82029,0.82053
1748271439449.0,0.82023,0.82047
1748271440287.0,0.82022,0.82046
1748271441513.0,0.82017,0.82041
1748271443310.0,0.82018,0.82042
1748271446826.0,0.82019,0.82043
1748271447072.0,0.82021,0.82045
1748271447686.0,0.82022,0.82046
1748271447800.0,0.82023,0.82047
1748271450162.0,0.82024,0.82048
1748271452473.0,0.82023,0.82047
1748271455640.0,0.82015,0.82039
1748271456652.0,0.82018,0.82042
1748271456971.0,0.82019,0.82043
1748271457095.0,0.82018,0.82042
1748271459165.0,0.82016,0.8204
1748271459649.0,0.82015,0.82039
1748271467717.0,0.82017,0.82041
1748271472190.0,0.82018,0.82042
1748271473170.0,0.82017,0.82041
1748271473418.0,0.82018,0.82042
1748271474209.0,0.82016,0.8204
1748271479110.0,0.82018,0.82042
1748271480133.0,0.82016,0.8204
1748271480979.0,0.82012,0.82036
1748271481482.0,0.82013,0.82037
1748271483215.0,0.82011,0.82035
1748271485673.0,0.82009,0.82033
1748271486049.0,0.8201,0.82034
1748271486498.0,0.82009,0.82033
1748271486757.0,0.8201,0.82034
1748271487274.0,0.82011,0.82035
1748271493653.0,0.82007,0.82031
1748271493776.0,0.82008,0.82032
1748271494029.0,0.82006,0.8203
1748271496591.0,0.82003,0.82027
1748271496718.0,0.82008,0.82032
1748271496841.0,0.82007,0.82031
1748271498039.0,0.82006,0.8203
1748271498608.0,0.82007,0.82031
1748271499447.0,0.82006,0.8203
1748271499951.0,0.82007,0.82031
1748271503524.0,0.82008,0.82032
1748271503653.0,0.82009,0.82033
1748271504028.0,0.8201,0.82034
1748271504533.0,0.82007,0.82031
1748271505848.0,0.82009,0.82033
1748271506242.0,0.82012,0.82036
1748271506348.0,0.82016,0.8204
1748271507892.0,0.82017,0.82041
1748271508554.0,0.82016,0.8204
1748271508681.0,0.82014,0.82038
1748271509445.0,0.82013,0.82037
1748271517341.0,0.82015,0.82039
1748271517590.0,0.82014,0.82038
1748271519533.0,0.82013,0.82037
1748271520433.0,0.82014,0.82038
1748271524273.0,0.82013,0.82037
1748271525182.0,0.82014,0.82038
1748271525433.0,0.82013,0.82037
1748271525682.0,0.82014,0.82038
1748271526001.0,0.82013,0.82037
1748271526125.0,0.82014,0.82038
1748271526259.0,0.82013,0.82037
1748271526376.0,0.82018,0.82042
1748271527185.0,0.82022,0.82046
1748271527685.0,0.82021,0.82045
1748271528242.0,0.82019,0.82043
1748271528491.0,0.82018,0.82042
1748271530167.0,0.82019,0.82043
1748271532990.0,0.82016,0.8204
1748271534337.0,0.82017,0.82041
1748271535529.0,0.82016,0.8204
1748271537337.0,0.82012,0.82036
1748271537460.0,0.82013,0.82037
1748271537585.0,0.82012,0.82036
1748271537709.0,0.82013,0.82037
1748271539391.0,0.82015,0.82039
1748271539643.0,0.82013,0.82037
1748271540142.0,0.82014,0.82038
1748271540269.0,0.82015,0.82039
1748271541704.0,0.82013,0.82037
1748271543542.0,0.82015,0.82039
1748271543673.0,0.82014,0.82038
1748271544600.0,0.82013,0.82037
1748271545645.0,0.8201,0.82034
1748271546957.0,0.82011,0.82035
1748271547451.0,0.82013,0.82037
1748271549663.0,0.82014,0.82038
1748271551716.0,0.82013,0.82037
1748271552031.0,0.82012,0.82036
1748271554303.0,0.82013,0.82037
1748271557329.0,0.82014,0.82038
1748271557599.0,0.82013,0.82037
1748271557722.0,0.82012,0.82036
1748271560472.0,0.82013,0.82037
1748271560717.0,0.82012,0.82036
1748271562305.0,0.82011,0.82035
1748271562430.0,0.8201,0.82034
1748271563492.0,0.82009,0.82033
1748271563612.0,0.82007,0.82031
1748271564136.0,0.82006,0.8203
1748271565494.0,0.82009,0.82033
1748271567739.0,0.82011,0.82035
1748271569787.0,0.8201,0.82034
1748271569911.0,0.82011,0.82035
1748271570036.0,0.82012,0.82036
1748271570287.0,0.82012,0.82036
1748271570413.0,0.8201,0.82034
1748271570538.0,0.82011,0.82035
1748271572474.0,0.8201,0.82034
1748271573372.0,0.82008,0.82032
1748271573992.0,0.82007,0.82031
1748271576357.0,0.82009,0.82033
1748271576607.0,0.82007,0.82031
1748271578542.0,0.82003,0.82027
1748271581038.0,0.82004,0.82028
1748271583315.0,0.82005,0.82029
1748271583445.0,0.82006,0.8203
1748271586311.0,0.82007,0.82031
1748271589277.0,0.82011,0.82035
1748271590911.0,0.8201,0.82034
1748271592182.0,0.82007,0.82031
1748271592562.0,0.82006,0.8203
1748271596495.0,0.82007,0.82031
1748271596831.0,0.82006,0.8203
1748271598612.0,0.82004,0.82028
1748271600025.0,0.82003,0.82027
1748271607138.0,0.82004,0.82028
1748271608941.0,0.82006,0.8203
1748271615267.0,0.82007,0.82031
1748271615517.0,0.82014,0.82038
1748271615641.0,0.82011,0.82035
1748271616164.0,0.8201,0.82034
1748271616938.0,0.82009,0.82033
1748271617066.0,0.8201,0.82034
1748271617523.0,0.82009,0.82033
1748271617772.0,0.8201,0.82034
1748271619158.0,0.82009,0.82033
1748271619715.0,0.82004,0.82028
1748271622234.0,0.82003,0.82027
1748271624695.0,0.82,0.82024
1748271624947.0,0.81997,0.82021
1748271626252.0,0.81998,0.82022
1748271626506.0,0.81997,0.82021
1748271626753.0,0.81997,0.82021
1748271628513.0,0.81998,0.82022
1748271628764.0,0.81999,0.82023
1748271629414.0,0.81998,0.82022
1748271629787.0,0.82,0.82024
1748271630038.0,0.81997,0.82021
1748271630165.0,0.81996,0.8202
1748271630822.0,0.81998,0.82022
1748271631073.0,0.81997,0.82021
1748271631907.0,0.81998,0.82022
1748271632245.0,0.81999,0.82023
1748271632493.0,0.82002,0.82026
1748271632745.0,0.82004,0.82028
1748271633249.0,0.82003,0.82027
1748271633652.0,0.82001,0.82025
1748271635718.0,0.82,0.82024
1748271645830.0,0.82001,0.82025
1748271648525.0,0.82002,0.82026
1748271648649.0,0.82004,0.82028
1748271649741.0,0.82003,0.82027
1748271649986.0,0.82004,0.82028
1748271650646.0,0.82006,0.8203
1748271650761.0,0.82005,0.82029
1748271651317.0,0.82007,0.82031
1748271651440.0,0.82009,0.82033
1748271651694.0,0.82008,0.82032
1748271653203.0,0.82006,0.8203
1748271653634.0,0.82005,0.82029
1748271653745.0,0.82003,0.82027
1748271653885.0,0.82004,0.82028
1748271656141.0,0.82003,0.82027
1748271657128.0,0.82004,0.82028
1748271657254.0,0.82005,0.82029
1748271657379.0,0.82003,0.82027
1748271657628.0,0.82002,0.82026
1748271659072.0,0.82003,0.82027
1748271660068.0,0.82004,0.82028
1748271661254.0,0.82005,0.82029
1748271661509.0,0.82012,0.82036
1748271661753.0,0.8201,0.82034
1748271663313.0,0.82008,0.82032
1748271664304.0,0.82011,0.82035
1748271664942.0,0.82012,0.82036
1748271670223.0,0.8201,0.82034
1748271670347.0,0.82012,0.82036
1748271670620.0,0.82011,0.82035
1748271670745.0,0.8201,0.82034
1748271671530.0,0.82009,0.82033
1748271671652.0,0.82011,0.82035
1748271671780.0,0.82012,0.82036
1748271672149.0,0.82013,0.82037
1748271673005.0,0.82012,0.82036
1748271674029.0,0.82013,0.82037
1748271674151.0,0.82012,0.82036
1748271674278.0,0.82011,0.82035
1748271674528.0,0.82012,0.82036
1748271679841.0,0.82013,0.82037
1748271679967.0,0.82012,0.82036
1748271680215.0,0.8201,0.82034
1748271692895.0,0.82011,0.82035
1748271693438.0,0.82012,0.82036
1748271693564.0,0.82013,0.82037
1748271693821.0,0.82014,0.82038
1748271694066.0,0.82015,0.82039
1748271694663.0,0.82016,0.8204
1748271696665.0,0.82014,0.82038
1748271697915.0,0.82016,0.8204
1748271699717.0,0.82014,0.82038
1748271700326.0,0.82013,0.82037
1748271705336.0,0.82014,0.82038
1748271711754.0,0.82013,0.82037
1748271715623.0,0.82011,0.82035
1748271715734.0,0.82012,0.82036
1748271715981.0,0.82009,0.82033
1748271716828.0,0.82007,0.82031
1748271717353.0,0.82004,0.82028
1748271717600.0,0.82007,0.82031
1748271718489.0,0.82006,0.8203
1748271719052.0,0.82007,0.82031
1748271721515.0,0.82006,0.8203
1748271722402.0,0.82002,0.82026
1748271723146.0,0.82003,0.82027
1748271727477.0,0.82002,0.82026
1748271729646.0,0.82003,0.82027
1748271734180.0,0.82004,0.82028
1748271736407.0,0.82002,0.82026
1748271736527.0,0.82001,0.82025
1748271736940.0,0.82,0.82024
1748271737065.0,0.81997,0.82021
1748271737314.0,0.82,0.82024
1748271737440.0,0.82001,0.82025
1748271737564.0,0.82002,0.82026
1748271737690.0,0.82001,0.82025
1748271738517.0,0.82,0.82024
1748271740180.0,0.82001,0.82025
1748271741647.0,0.81999,0.82023
1748271741908.0,0.81998,0.82022
1748271743544.0,0.81997,0.82021
1748271743668.0,0.81996,0.8202
1748271745040.0,0.81997,0.82021
1748271745164.0,0.81996,0.8202
1748271746029.0,0.81997,0.82021
1748271748559.0,0.81995,0.82019
1748271748937.0,0.81996,0.8202
1748271749643.0,0.81994,0.82018
1748271750110.0,0.81995,0.82019
1748271752937.0,0.81994,0.82018
1748271753526.0,0.81993,0.82017
1748271753977.0,0.81994,0.82018
1748271754599.0,0.81993,0.82017
1748271757616.0,0.81994,0.82018
1748271758718.0,0.81993,0.82017
1748271759379.0,0.81996,0.8202
1748271759510.0,0.81997,0.82021
1748271760326.0,0.81996,0.8202
1748271763297.0,0.81998,0.82022
1748271763958.0,0.81997,0.82021
1748271764088.0,0.82,0.82024
1748271764216.0,0.82003,0.82027
1748271764585.0,0.82002,0.82026
1748271765431.0,0.82,0.82024
1748271765682.0,0.81997,0.82021
1748271768107.0,0.81999,0.82023
1748271771703.0,0.81998,0.82022
1748271774406.0,0.81997,0.82021
1748271775772.0,0.81992,0.82016
1748271775912.0,0.81991,0.82015
1748271776793.0,0.8199,0.82014
1748271782550.0,0.81988,0.82012
1748271784468.0,0.81987,0.82011
1748271785804.0,0.81986,0.8201
1748271789659.0,0.81983,0.82007
1748271790027.0,0.81984,0.82008
1748271790277.0,0.81985,0.82009
1748271790531.0,0.81986,0.8201
1748271791123.0,0.81987,0.82011
1748271792527.0,0.81986,0.8201
1748271798300.0,0.81993,0.82017
1748271807303.0,0.81994,0.82018
1748271807563.0,0.81996,0.8202
1748271807810.0,0.81995,0.82019
1748271809560.0,0.81999,0.82023
1748271811064.0,0.81998,0.82022
1748271814948.0,0.81999,0.82023
1748271816166.0,0.82004,0.82028
1748271816733.0,0.82006,0.8203
1748271817862.0,0.82005,0.82029
1748271818679.0,0.82004,0.82028
1748271826825.0,0.82001,0.82025
1748271830267.0,0.82,0.82024
1748271841937.0,0.81996,0.8202
1748271843447.0,0.81995,0.82019
1748271850481.0,0.81996,0.8202
1748271864827.0,0.81995,0.82019
1748271868666.0,0.81997,0.82021
1748271882583.0,0.81995,0.82019
1748271883836.0,0.81994,0.82018
1748271883975.0,0.81992,0.82016
1748271884622.0,0.81989,0.82013
1748271885374.0,0.8199,0.82014
1748271888323.0,0.81998,0.82022
1748271888571.0,0.82,0.82024
1748271902655.0,0.81999,0.82023
1748271903268.0,0.81998,0.82022
1748271907264.0,0.81997,0.82021
1748271912159.0,0.81996,0.8202
1748271912420.0,0.81998,0.82022
1748271922104.0,0.81993,0.82017
1748271924119.0,0.81992,0.82016
1748271924579.0,0.8199,0.82014
1748271927927.0,0.81989,0.82013
1748271932599.0,0.81991,0.82015
1748271932725.0,0.81993,0.82017
1748271933224.0,0.81996,0.8202
1748271939794.0,0.81998,0.82022
1748271941651.0,0.82002,0.82026
1748271942031.0,0.82004,0.82028
1748271942155.0,0.82003,0.82027
1748271948960.0,0.82004,0.82028
1748271952507.0,0.82005,0.82029
1748271959126.0,0.82002,0.82026
1748271962682.0,0.82,0.82024
1748271964723.0,0.82001,0.82025
1748271965089.0,0.82,0.82024
1748271972171.0,0.81999,0.82023
1748271973816.0,0.82,0.82024
1748271975453.0,0.81999,0.82023
1748271980352.0,0.81998,0.82022
1748271981956.0,0.81996,0.8202
1748271990989.0,0.81997,0.82021
1748271991092.0,0.81998,0.82022
1748271996712.0,0.81999,0.82023
1748271999483.0,0.82,0.82024
1748271999597.0,0.81999,0.82023
1748272010622.0,0.82002,0.82026
1748272011023.0,0.82,0.82024
1748272011149.0,0.82001,0.82025
1748272014724.0,0.82,0.82024
1748272015187.0,0.82001,0.82025
1748272020679.0,0.82,0.82024
1748272033252.0,0.82003,0.82027
1748272040058.0,0.82002,0.82026
1748272040183.0,0.82003,0.82027
1748272043969.0,0.82002,0.82026
1748272044064.0,0.82003,0.82027
1748272045199.0,0.82006,0.8203
1748272045340.0,0.82007,0.82031
1748272063343.0,0.82008,0.82032
1748272065997.0,0.82007,0.82031
1748272069882.0,0.82005,0.82029
1748272070132.0,0.82009,0.82033
1748272075412.0,0.8201,0.82034
1748272089289.0,0.82009,0.82033
1748272104357.0,0.82008,0.82032
1748272111119.0,0.82007,0.82031
1748272116319.0,0.8201,0.82034
1748272117949.0,0.82008,0.82032
1748272118818.0,0.82007,0.82031
1748272119827.0,0.82011,0.82035
1748272120075.0,0.82015,0.82039
1748272120196.0,0.82018,0.82042
1748272120324.0,0.82017,0.82041
1748272121420.0,0.82018,0.82042
1748272121667.0,0.82019,0.82043
1748272122042.0,0.82018,0.82042
1748272123478.0,0.82023,0.82047
1748272123604.0,0.82025,0.82049
1748272124078.0,0.82026,0.8205
1748272124573.0,0.82027,0.82051
1748272125372.0,0.82026,0.8205
1748272126544.0,0.82025,0.82049
1748272126667.0,0.82026,0.8205
1748272130147.0,0.82028,0.82052
1748272132279.0,0.82027,0.82051
1748272132687.0,0.82026,0.8205
1748272135274.0,0.82025,0.82049
1748272135523.0,0.8202,0.82044
1748272140675.0,0.82021,0.82045
1748272140922.0,0.8202,0.82044
1748272141194.0,0.82021,0.82045
1748272144969.0,0.82023,0.82047
1748272147049.0,0.82026,0.8205
1748272147678.0,0.82028,0.82052
1748272154273.0,0.82029,0.82053
1748272165740.0,0.82027,0.82051
1748272174913.0,0.82026,0.8205
1748272175023.0,0.82018,0.82042
1748272195225.0,0.82025,0.82049
1748272195635.0,0.82026,0.8205
1748272195757.0,0.82027,0.82051
1748272196200.0,0.82028,0.82052
1748272198657.0,0.82029,0.82053
1748272198769.0,0.8203,0.82054
1748272199584.0,0.82029,0.82053
1748272201745.0,0.82028,0.82052
1748272207991.0,0.82028,0.82052
1748272208366.0,0.82029,0.82053
1748272209541.0,0.8203,0.82054
1748272209994.0,0.82031,0.82055
1748272210244.0,0.8203,0.82054
1748272216019.0,0.82031,0.82055
1748272216734.0,0.82032,0.82056
1748272216858.0,0.82033,0.82057
1748272219882.0,0.82034,0.82058
1748272220132.0,0.82033,0.82057
1748272222453.0,0.82034,0.82058
1748272224425.0,0.82033,0.82057
1748272244589.0,0.82031,0.82055
1748272244714.0,0.8203,0.82054
1748272246215.0,0.82031,0.82055
1748272250075.0,0.82033,0.82057
1748272250233.0,0.82034,0.82058
1748272254003.0,0.82033,0.82057
1748272254565.0,0.82034,0.82058
1748272254693.0,0.8204,0.82064
1748272258323.0,0.82039,0.82063
1748272259173.0,0.82037,0.82061
1748272259997.0,0.82026,0.8205
1748272260370.0,0.82027,0.82051
1748272265218.0,0.82026,0.8205
1748272269445.0,0.82027,0.82051
1748272285929.0,0.82028,0.82052
1748272301234.0,0.82027,0.82051
1748272301372.0,0.82028,0.82052
1748272307911.0,0.82035,0.82059
1748272308037.0,0.82034,0.82058
1748272309566.0,0.82033,0.82057
1748272310953.0,0.82032,0.82056
1748272315767.0,0.82029,0.82053
1748272316015.0,0.82027,0.82051
1748272321537.0,0.82026,0.8205
1748272321661.0,0.82024,0.82048
1748272323947.0,0.82022,0.82046
1748272327060.0,0.8202,0.82044
1748272331641.0,0.82022,0.82046
1748272331762.0,0.82021,0.82045
1748272338753.0,0.82019,0.82043
1748272341221.0,0.82022,0.82046
1748272341350.0,0.82023,0.82047
1748272341599.0,0.82022,0.82046
1748272349420.0,0.82023,0.82047
1748272359103.0,0.82022,0.82046
1748272359352.0,0.82023,0.82047
1748272360418.0,0.82024,0.82048
1748272362203.0,0.82026,0.8205
1748272362327.0,0.82027,0.82051
1748272364645.0,0.82026,0.8205
1748272364772.0,0.82022,0.82046
1748272368271.0,0.82023,0.82047
1748272378926.0,0.82022,0.82046
1748272380223.0,0.82021,0.82045
1748272384156.0,0.82031,0.82055
1748272384296.0,0.82032,0.82056
1748272385151.0,0.82031,0.82055
1748272385526.0,0.8203,0.82054
1748272405133.0,0.82031,0.82055
1748272405383.0,0.8203,0.82054
1748272431074.0,0.82029,0.82053
1748272433050.0,0.8203,0.82054
1748272437034.0,0.82031,0.82055
1748272437383.0,0.82029,0.82053
1748272438134.0,0.82031,0.82055
1748272439133.0,0.82029,0.82053
1748272440178.0,0.8203,0.82054
1748272441658.0,0.82031,0.82055
1748272445080.0,0.82038,0.82062
1748272447339.0,0.8204,0.82064
1748272452240.0,0.82041,0.82065
1748272452799.0,0.8204,0.82064
1748272454974.0,0.82041,0.82065
1748272455675.0,0.8204,0.82064
1748272457683.0,0.82041,0.82065
1748272459607.0,0.8204,0.82064
1748272459733.0,0.82041,0.82065
1748272460536.0,0.8204,0.82064
1748272462253.0,0.82041,0.82065
1748272463612.0,0.82043,0.82067
1748272467094.0,0.82042,0.82066
1748272472321.0,0.82041,0.82065
1748272472571.0,0.8204,0.82064
1748272473936.0,0.82039,0.82063
1748272474061.0,0.8204,0.82064
1748272476158.0,0.82041,0.82065
1748272476284.0,0.8204,0.82064
1748272477960.0,0.82042,0.82066
1748272478694.0,0.82043,0.82067
1748272479645.0,0.82044,0.82068
1748272483534.0,0.82043,0.82067
1748272483664.0,0.82041,0.82065
1748272483785.0,0.8204,0.82064
1748272485304.0,0.82043,0.82067
1748272485639.0,0.82042,0.82066
1748272485764.0,0.82043,0.82067
1748272485890.0,0.82045,0.82069
1748272490392.0,0.82041,0.82065
1748272491096.0,0.82042,0.82066
1748272491913.0,0.82043,0.82067
1748272492038.0,0.82044,0.82068
1748272494393.0,0.82043,0.82067
1748272494516.0,0.82042,0.82066
1748272494889.0,0.82043,0.82067
1748272496782.0,0.82045,0.82069
1748272497264.0,0.82043,0.82067
1748272497382.0,0.82044,0.82068
1748272497509.0,0.82043,0.82067
1748272501643.0,0.82045,0.82069
1748272502155.0,0.82044,0.82068
1748272502766.0,0.82045,0.82069
1748272503017.0,0.82044,0.82068
1748272503266.0,0.82045,0.82069
1748272504021.0,0.82044,0.82068
1748272505974.0,0.82045,0.82069
1748272509085.0,0.82044,0.82068
1748272517642.0,0.82045,0.82069
1748272517993.0,0.82044,0.82068
1748272518643.0,0.82045,0.82069
1748272521473.0,0.82044,0.82068
1748272521722.0,0.82045,0.82069
1748272523389.0,0.8205,0.82074
1748272525391.0,0.8205,0.82074
1748272531393.0,0.82048,0.82072
1748272535993.0,0.8205,0.82074
1748272550507.0,0.82049,0.82073
1748272550758.0,0.8205,0.82074
1748272559215.0,0.82049,0.82073
1748272560254.0,0.82048,0.82072
1748272560361.0,0.82049,0.82073
1748272565219.0,0.82048,0.82072
1748272567766.0,0.82049,0.82073
1748272568807.0,0.82048,0.82072
1748272604040.0,0.82047,0.82071
1748272604289.0,0.8204,0.82064
1748272606720.0,0.82034,0.82058
1748272610801.0,0.82035,0.82059
1748272610922.0,0.82037,0.82061
1748272620087.0,0.82036,0.8206
1748272620211.0,0.82035,0.82059
1748272620464.0,0.82034,0.82058
1748272620806.0,0.82033,0.82057
1748272620922.0,0.82027,0.82051
1748272621559.0,0.82028,0.82052
1748272625366.0,0.82029,0.82053
1748272632136.0,0.8203,0.82054
1748272643141.0,0.82033,0.82057
1748272660515.0,0.82034,0.82058
1748272675014.0,0.82033,0.82057
1748272675132.0,0.82031,0.82055
1748272677995.0,0.8203,0.82054
1748272679745.0,0.82029,0.82053
1748272680028.0,0.8203,0.82054
1748272681120.0,0.82028,0.82052
1748272683734.0,0.82027,0.82051
1748272683864.0,0.82028,0.82052
1748272692379.0,0.82029,0.82053
1748272714127.0,0.82034,0.82058
1748272737269.0,0.82032,0.82056
1748272738178.0,0.82031,0.82055
1748272745960.0,0.82032,0.82056
1748272746077.0,0.82035,0.82059
1748272752197.0,0.82034,0.82058
1748272759789.0,0.82033,0.82057
1748272765992.0,0.82034,0.82058
1748272767876.0,0.82033,0.82057
1748272767994.0,0.82032,0.82056
1748272768121.0,0.82031,0.82055
1748272769666.0,0.8203,0.82054
1748272769791.0,0.82031,0.82055
1748272778459.0,0.82029,0.82053
1748272779162.0,0.82031,0.82055
1748272781306.0,0.8203,0.82054
1748272781913.0,0.82031,0.82055
1748272786483.0,0.82029,0.82053
1748272787958.0,0.8203,0.82054
1748272788588.0,0.82029,0.82053
1748272789512.0,0.8203,0.82054
1748272789622.0,0.82029,0.82053
1748272803232.0,0.82022,0.82046
1748272810460.0,0.82023,0.82047
1748272814285.0,0.82021,0.82045
1748272815609.0,0.8202,0.82044
1748272816702.0,0.82019,0.82043
1748272828489.0,0.82029,0.82053
1748272845247.0,0.8203,0.82054
1748272854538.0,0.82031,0.82055
1748272854654.0,0.82033,0.82057
1748272862208.0,0.82035,0.82059
1748272862337.0,0.82036,0.8206
1748272870814.0,0.82035,0.82059
1748272870940.0,0.82034,0.82058
1748272871431.0,0.82033,0.82057
1748272872640.0,0.82032,0.82056
1748272872758.0,0.8203,0.82054
1748272894847.0,0.82031,0.82055
1748272894959.0,0.82029,0.82053
1748272895091.0,0.82028,0.82043
1748272896485.0,0.82029,0.82044
1748272899626.0,0.82021,0.82045
1748272904152.0,0.8202,0.82044
1748272909842.0,0.82021,0.82045
1748272909968.0,0.82023,0.82047
1748272910960.0,0.82024,0.82048
1748272925360.0,0.82027,0.82051
1748272935034.0,0.82026,0.8205
1748272936063.0,0.82027,0.82051
1748272946136.0,0.82025,0.82049
1748272955090.0,0.82024,0.82048
1748272955215.0,0.8202,0.82044
1748272968070.0,0.82021,0.82045
1748272979842.0,0.82022,0.82046
1748272982655.0,0.82023,0.82047
1748272982778.0,0.82018,0.82042
1748273024153.0,0.82017,0.82041
1748273024261.0,0.82016,0.8204
1748273024402.0,0.82015,0.82039
1748273059813.0,0.82019,0.82043
1748273060453.0,0.82019,0.82043
1748273072877.0,0.82018,0.82042
1748273072971.0,0.82015,0.82039
1748273078472.0,0.82014,0.82038
1748273082383.0,0.82015,0.82039
1748273082494.0,0.82018,0.82042
1748273102637.0,0.82019,0.82043
1748273102759.0,0.82018,0.82042
1748273112212.0,0.8202,0.82044
1748273118454.0,0.82022,0.82046
1748273123393.0,0.82019,0.82043
1748273142373.0,0.82018,0.82042
1748273155663.0,0.82019,0.82043
1748273159327.0,0.8202,0.82044
1748273159572.0,0.82019,0.82043
1748273181342.0,0.82018,0.82042
1748273189304.0,0.8202,0.82044
1748273197770.0,0.82018,0.82042
1748273238559.0,0.82014,0.82038
1748273249847.0,0.82012,0.82036
1748273252046.0,0.82014,0.82038
1748273270231.0,0.82016,0.8204
1748273270367.0,0.82017,0.82041
1748273272702.0,0.82016,0.8204
1748273277220.0,0.82017,0.82041
1748273277343.0,0.82028,0.82052
1748273279730.0,0.82027,0.82051
1748273281402.0,0.82029,0.82053
1748273281649.0,0.8203,0.82054
1748273284594.0,0.82031,0.82055
1748273286112.0,0.82032,0.82056
1748273317856.0,0.82033,0.82057
1748273318488.0,0.82032,0.82056
1748273318862.0,0.82031,0.82055
1748273332264.0,0.82028,0.82052
1748273333288.0,0.82027,0.82051
1748273345280.0,0.82025,0.82049
1748273345741.0,0.82026,0.8205
1748273345866.0,0.82025,0.82049
1748273353287.0,0.82024,0.82048
1748273360606.0,0.82025,0.82049
1748273360990.0,0.82024,0.82048
1748273364183.0,0.82023,0.82047
1748273364432.0,0.82022,0.82046
1748273365207.0,0.8202,0.82044
1748273377231.0,0.82022,0.82046
1748273380214.0,0.8202,0.82044
1748273389033.0,0.82018,0.82042
1748273389979.0,0.82016,0.8204
1748273400181.0,0.82015,0.82039
1748273407723.0,0.82014,0.82038
1748273410628.0,0.82015,0.82039
1748273411627.0,0.82014,0.82038
1748273415115.0,0.82013,0.82037
1748273424252.0,0.82019,0.82043
1748273424499.0,0.8202,0.82044
1748273435179.0,0.82023,0.82047
1748273435427.0,0.82025,0.82049
1748273441275.0,0.82026,0.8205
1748273446252.0,0.82028,0.82052
1748273446502.0,0.82026,0.8205
1748273446608.0,0.82025,0.82049
1748273460081.0,0.82026,0.8205
1748273460329.0,0.82023,0.82047
1748273461117.0,0.82024,0.82048
1748273461494.0,0.82023,0.82047
1748273470144.0,0.82022,0.82046
1748273470269.0,0.82021,0.82045
1748273470519.0,0.8202,0.82044
1748273475510.0,0.82025,0.82049
1748273475761.0,0.82026,0.8205
1748273479016.0,0.82025,0.82049
1748273494206.0,0.82026,0.8205
1748273500034.0,0.82027,0.82051
1748273500160.0,0.82026,0.8205
1748273516847.0,0.82027,0.82051
1748273517097.0,0.82026,0.8205
1748273517346.0,0.82027,0.82051
1748273518310.0,0.82028,0.82052
1748273532995.0,0.8203,0.82054
1748273534014.0,0.82029,0.82053
1748273534985.0,0.82033,0.82057
1748273536705.0,0.82034,0.82058
1748273536813.0,0.82035,0.82059
1748273538637.0,0.82036,0.8206
1748273539665.0,0.82038,0.82062
1748273540256.0,0.82039,0.82063
1748273548323.0,0.82037,0.82061
1748273554423.0,0.82033,0.82057
1748273554560.0,0.82029,0.82053
1748273576833.0,0.8203,0.82054
1748273576958.0,0.82032,0.82056
1748273577641.0,0.82033,0.82057
1748273583703.0,0.82032,0.82056
1748273587861.0,0.82031,0.82055
1748273587983.0,0.8203,0.82054
1748273589732.0,0.82031,0.82055
1748273595463.0,0.8203,0.82054
1748273595589.0,0.82026,0.8205
1748273595838.0,0.82025,0.82049
1748273598762.0,0.82028,0.82052
1748273608795.0,0.82029,0.82053
1748273615291.0,0.82028,0.82052
1748273624693.0,0.82027,0.82051
1748273624804.0,0.82028,0.82052
1748273624939.0,0.82029,0.82053
1748273638556.0,0.82032,0.82056
1748273639743.0,0.82033,0.82057
1748273670763.0,0.82032,0.82056
1748273680856.0,0.82033,0.82057
1748273687930.0,0.82032,0.82056
1748273697700.0,0.82031,0.82055
1748273700594.0,0.82032,0.82056
1748273700717.0,0.82033,0.82057
1748273715414.0,0.8203,0.82054
1748273715514.0,0.82031,0.82055
1748273715923.0,0.82029,0.82053
1748273716526.0,0.82028,0.82052
1748273716772.0,0.82025,0.82049
1748273717739.0,0.82024,0.82048
1748273718367.0,0.82021,0.82045
1748273724184.0,0.8202,0.82044
1748273729042.0,0.82018,0.82042
1748273739555.0,0.82014,0.82038
1748273749563.0,0.82013,0.82037
1748273749685.0,0.82014,0.82038
1748273755412.0,0.82015,0.82039
1748273755516.0,0.82017,0.82041
1748273775903.0,0.82018,0.82042
1748273794752.0,0.82019,0.82043
1748273815528.0,0.82021,0.82045
1748273829046.0,0.82024,0.82048
1748273830963.0,0.82025,0.82049
1748273831522.0,0.82024,0.82048
1748273845420.0,0.82025,0.82049
1748273845545.0,0.82027,0.82051
1748273848093.0,0.82026,0.8205
1748273855542.0,0.82027,0.82051
1748273870846.0,0.82028,0.82052
1748273870946.0,0.82029,0.82053
1748273880354.0,0.82028,0.82052
1748273880466.0,0.82027,0.82051
1748273913359.0,0.82032,0.82047
1748273918013.0,0.82027,0.82051
1748273918097.0,0.8202,0.82044
1748273923161.0,0.82019,0.82043
1748273924936.0,0.82021,0.82045
1748273925061.0,0.82022,0.82046
1748273925978.0,0.82021,0.82045
1748273934412.0,0.8202,0.82044
1748273935373.0,0.82021,0.82045
1748273935490.0,0.82025,0.82049
1748273946795.0,0.82028,0.82052
1748273947050.0,0.82029,0.82053
1748273952235.0,0.8203,0.82054
1748273981280.0,0.82032,0.82056
1748273982079.0,0.82033,0.82057
1748273990975.0,0.82034,0.82058
1748274000749.0,0.8203,0.82054
1748274008469.0,0.82031,0.82055
1748274010369.0,0.82034,0.82058
1748274024174.0,0.82029,0.82053
1748274024296.0,0.82028,0.82052
1748274027812.0,0.82029,0.82053
1748274053374.0,0.82028,0.82052
1748274053499.0,0.82027,0.82051
1748274055104.0,0.82028,0.82052
1748274055221.0,0.8203,0.82054
1748274057103.0,0.82032,0.82056
1748274090289.0,0.82031,0.82055
1748274090536.0,0.8203,0.82054
1748274098087.0,0.82031,0.82055
1748274132457.0,0.82026,0.8205
1748274135103.0,0.82027,0.82051
1748274135351.0,0.82028,0.82052
1748274135478.0,0.8203,0.82054
1748274137850.0,0.82029,0.82053
1748274137969.0,0.8203,0.82054
1748274149667.0,0.82031,0.82055
1748274155274.0,0.82032,0.82056
1748274170063.0,0.82033,0.82057
1748274189232.0,0.82038,0.82053
1748274189487.0,0.8203,0.82054
1748274189602.0,0.82027,0.82051
1748274192193.0,0.82028,0.82052
1748274192903.0,0.8202,0.82044
1748274194560.0,0.82023,0.82047
1748274206462.0,0.82025,0.82049
1748274213149.0,0.82024,0.82048
1748274213250.0,0.82023,0.82047
1748274222447.0,0.82017,0.82041
1748274224287.0,0.82014,0.82038
1748274227313.0,0.82012,0.82036
1748274227889.0,0.82013,0.82037
1748274231207.0,0.82012,0.82036
1748274239409.0,0.82011,0.82035
1748274242534.0,0.8201,0.82034
1748274243656.0,0.82011,0.82035
1748274254405.0,0.8201,0.82034
1748274256365.0,0.82009,0.82033
1748274256615.0,0.82012,0.82036
1748274265548.0,0.82014,0.82038
1748274294962.0,0.82012,0.82036
1748274296175.0,0.82011,0.82035
1748274296282.0,0.8201,0.82034
1748274296422.0,0.82009,0.82033
1748274296677.0,0.8201,0.82034
1748274297014.0,0.82009,0.82033
1748274303782.0,0.82012,0.82036
1748274303910.0,0.82011,0.82035
1748274310332.0,0.82006,0.8203
1748274321099.0,0.82007,0.82031
1748274334366.0,0.82008,0.82032
1748274335108.0,0.82007,0.82031
1748274341678.0,0.82006,0.8203
1748274342676.0,0.82007,0.82031
1748274344688.0,0.82006,0.8203
1748274346677.0,0.82007,0.82031
1748274362869.0,0.82006,0.8203
1748274369038.0,0.82007,0.82031
1748274377368.0,0.82006,0.8203
1748274382538.0,0.82007,0.82031
1748274383586.0,0.82006,0.8203
1748274385659.0,0.82007,0.82031
1748274386897.0,0.82006,0.8203
1748274386988.0,0.82002,0.82026
1748274390868.0,0.82004,0.82028
1748274392344.0,0.82007,0.82031
1748274401095.0,0.82009,0.82033
1748274402013.0,0.8201,0.82034
1748274406655.0,0.82012,0.82036
1748274417839.0,0.82013,0.82037
1748274417944.0,0.82016,0.8204
1748274418735.0,0.82015,0.82039
1748274423718.0,0.82014,0.82038
1748274423826.0,0.8201,0.82034
1748274429350.0,0.82009,0.82033
1748274430473.0,0.82007,0.82031
1748274430590.0,0.82008,0.82032
1748274435605.0,0.82008,0.82032
1748274470099.0,0.82009,0.82033
1748274470224.0,0.8201,0.82034
1748274475782.0,0.82008,0.82032
1748274476293.0,0.82009,0.82033
1748274476880.0,0.8201,0.82034
1748274490349.0,0.82009,0.82033
1748274505462.0,0.8201,0.82034
1748274507075.0,0.82007,0.82031
1748274554433.0,0.82008,0.82032
1748274554681.0,0.82009,0.82033
1748274570564.0,0.82008,0.82032
1748274570673.0,0.82011,0.82035
1748274570806.0,0.8201,0.82034
1748274579697.0,0.82009,0.82033
1748274580114.0,0.8201,0.82034
1748274589363.0,0.82013,0.82037
1748274601565.0,0.82014,0.82038
1748274601684.0,0.82017,0.82041
1748274605872.0,0.82016,0.8204
1748274608207.0,0.82015,0.82039
1748274609875.0,0.82016,0.8204
1748274613377.0,0.82017,0.82041
1748274623005.0,0.82019,0.82043
1748274631251.0,0.82022,0.82046
1748274646047.0,0.82025,0.82049
1748274647028.0,0.82026,0.8205
1748274650313.0,0.82025,0.82049
1748274653850.0,0.82022,0.82046
1748274691307.0,0.82023,0.82047
1748274691431.0,0.82025,0.82049
1748274698596.0,0.82024,0.82048
1748274705790.0,0.82025,0.82049
1748274711233.0,0.82026,0.8205
1748274715042.0,0.82026,0.8205
1748274724868.0,0.82028,0.82052
1748274725641.0,0.82027,0.82051
1748274729282.0,0.82026,0.8205
1748274729399.0,0.82024,0.82048
1748274750691.0,0.82023,0.82047
1748274761379.0,0.82024,0.82048
1748274772038.0,0.82022,0.82046
1748274772177.0,0.82021,0.82045
1748274776712.0,0.82019,0.82043
1748274778533.0,0.8202,0.82044
1748274778660.0,0.82022,0.82046
1748274780162.0,0.82023,0.82047
1748274801663.0,0.82025,0.82049
1748274801784.0,0.82026,0.8205
1748274807050.0,0.82027,0.82051
1748274807399.0,0.82028,0.82052
1748274822159.0,0.82036,0.8206
1748274837729.0,0.82037,0.82061
1748274841427.0,0.82036,0.8206
1748274843609.0,0.82037,0.82061
1748274845707.0,0.82036,0.8206
1748274852789.0,0.82035,0.82059
1748274896556.0,0.82034,0.82058
1748274896681.0,0.82033,0.82057
1748274917406.0,0.82032,0.82056
1748274919810.0,0.82031,0.82055
1748274923406.0,0.82032,0.82056
1748274923533.0,0.82033,0.82057
1748274923783.0,0.82034,0.82058
1748274925268.0,0.82033,0.82057
1748274935080.0,0.82034,0.82058
1748274935209.0,0.82036,0.8206
1748274958081.0,0.82037,0.82061
1748274958205.0,0.8204,0.82064
1748274959582.0,0.82042,0.82066
1748274965423.0,0.82043,0.82067
1748274965528.0,0.82044,0.82068
1748274965778.0,0.82045,0.82069
1748274975012.0,0.82046,0.8207
1748274980263.0,0.82044,0.82068
1748274990236.0,0.82043,0.82067
1748274995257.0,0.82042,0.82066
1748275002991.0,0.82045,0.82069
1748275003241.0,0.82043,0.82067
1748275005779.0,0.8204,0.82064
1748275011008.0,0.82039,0.82063
1748275014486.0,0.82042,0.82066
1748275021853.0,0.82043,0.82067
1748275022102.0,0.82042,0.82066
1748275022685.0,0.82043,0.82067
1748275025038.0,0.82042,0.82066
1748275025287.0,0.82038,0.82062
1748275025411.0,0.82041,0.82065
1748275039521.0,0.82042,0.82066
1748275043653.0,0.82043,0.82067
1748275045480.0,0.82043,0.82067
1748275050205.0,0.82044,0.82068
1748275050456.0,0.82045,0.82069
1748275051180.0,0.82044,0.82068
1748275051428.0,0.82049,0.82073
1748275051553.0,0.82048,0.82072
1748275052447.0,0.82049,0.82073
1748275055582.0,0.82047,0.82071
1748275059368.0,0.82046,0.8207
1748275064125.0,0.82047,0.82071
1748275071812.0,0.82046,0.8207
1748275074059.0,0.82045,0.82069
1748275081957.0,0.82046,0.8207
1748275087720.0,0.82047,0.82071
1748275089779.0,0.82046,0.8207
1748275092408.0,0.82047,0.82071
1748275096058.0,0.82046,0.8207
1748275102263.0,0.82047,0.82071
1748275102386.0,0.82048,0.82072
1748275102764.0,0.82046,0.8207
1748275114729.0,0.82047,0.82071
1748275117373.0,0.82046,0.8207
1748275118383.0,0.82045,0.82069
1748275118508.0,0.82047,0.82071
1748275120191.0,0.82049,0.82073
1748275121120.0,0.8205,0.82074
1748275135217.0,0.82049,0.82073
1748275137214.0,0.8205,0.82074
1748275139215.0,0.82046,0.8207
1748275139464.0,0.82044,0.82068
1748275144982.0,0.82045,0.82069
1748275145225.0,0.82047,0.82071
1748275145329.0,0.82049,0.82073
1748275149889.0,0.82051,0.82075
1748275153060.0,0.8205,0.82074
1748275153174.0,0.82049,0.82073
1748275155462.0,0.82048,0.82072
1748275155586.0,0.82047,0.82071
1748275181209.0,0.82045,0.82069
1748275184652.0,0.82044,0.82068
1748275202256.0,0.82048,0.82072
1748275202381.0,0.82049,0.82073
1748275202912.0,0.82055,0.82079
1748275203722.0,0.82056,0.8208
1748275204238.0,0.82057,0.82081
1748275206188.0,0.82058,0.82082
1748275206434.0,0.82061,0.82085
1748275206560.0,0.82064,0.82088
1748275207211.0,0.82066,0.8209
1748275207336.0,0.82067,0.82091
1748275210105.0,0.82065,0.82089
1748275211517.0,0.82066,0.8209
1748275214018.0,0.82067,0.82091
1748275215534.0,0.82066,0.8209
1748275215907.0,0.82067,0.82091
1748275216160.0,0.82066,0.8209
1748275219093.0,0.82065,0.82089
1748275225710.0,0.82064,0.82088
1748275225987.0,0.82063,0.82087
1748275226084.0,0.82064,0.82088
1748275228551.0,0.82063,0.82087
1748275229011.0,0.82064,0.82088
1748275229261.0,0.82063,0.82087
1748275230122.0,0.82064,0.82088
1748275230248.0,0.82063,0.82087
1748275231126.0,0.82064,0.82088
1748275231252.0,0.82063,0.82087
1748275232132.0,0.82064,0.82088
1748275232964.0,0.82065,0.82089
1748275248828.0,0.82063,0.82087
1748275252803.0,0.82066,0.8209
1748275261175.0,0.82067,0.82091
1748275275997.0,0.82068,0.82092
1748275290775.0,0.82073,0.82097
1748275291025.0,0.82074,0.82098
1748275294026.0,0.82073,0.82097
1748275297122.0,0.82072,0.82096
1748275311647.0,0.82069,0.82093
1748275311786.0,0.82068,0.82092
1748275322693.0,0.82069,0.82093
1748275326292.0,0.8207,0.82094
1748275330447.0,0.82066,0.8209
1748275335149.0,0.82067,0.82091
1748275341358.0,0.82066,0.8209
1748275341479.0,0.82065,0.82089
1748275342610.0,0.82064,0.82088
1748275354098.0,0.82063,0.82087
1748275400180.0,0.82068,0.82083
1748275400422.0,0.82063,0.82087
1748275407696.0,0.82065,0.82089
1748275407829.0,0.82067,0.82091
1748275410793.0,0.82068,0.82092
1748275411262.0,0.82069,0.82093
1748275437316.0,0.8207,0.82094
1748275437437.0,0.82075,0.82099
1748275437563.0,0.82074,0.82098
1748275441437.0,0.82073,0.82097
1748275443766.0,0.82069,0.82093
1748275450893.0,0.82068,0.82092
1748275462393.0,0.82069,0.82093
1748275462643.0,0.82072,0.82096
1748275463015.0,0.82071,0.82095
1748275471521.0,0.82072,0.82096
1748275485972.0,0.82066,0.8209
1748275490086.0,0.82065,0.82089
1748275503558.0,0.82067,0.82091
1748275505070.0,0.82068,0.82092
1748275552310.0,0.82067,0.82091
1748275552430.0,0.82065,0.82089
1748275552556.0,0.82063,0.82087
1748275556235.0,0.82062,0.82086
1748275568677.0,0.82053,0.82077
1748275571988.0,0.82054,0.82078
1748275595619.0,0.82055,0.82079
1748275595743.0,0.82056,0.8208
1748275595994.0,0.82057,0.82081
1748275597574.0,0.82058,0.82082
1748275603360.0,0.82061,0.82085
1748275610354.0,0.82064,0.82088
1748275620079.0,0.82065,0.82089
1748275621708.0,0.82064,0.82088
1748275642802.0,0.82061,0.82085
1748275661557.0,0.82062,0.82086
1748275661681.0,0.82063,0.82087
1748275661806.0,0.82064,0.82088
1748275662055.0,0.82063,0.82087
1748275681937.0,0.82061,0.82085
1748275682984.0,0.82057,0.82081
1748275694029.0,0.82058,0.82082
1748275726013.0,0.82059,0.82083
1748275727682.0,0.8206,0.82084
1748275728706.0,0.82064,0.82088
1748275783037.0,0.82063,0.82087
1748275783159.0,0.82061,0.82085
1748275827156.0,0.82062,0.82086
1748275829399.0,0.82061,0.82085
1748275865823.0,0.8206,0.82084
1748275866975.0,0.82062,0.82086
1748275868002.0,0.8206,0.82084
1748275872338.0,0.8206,0.82084
1748275872472.0,0.82059,0.82083
1748275877727.0,0.82057,0.82081
1748275882168.0,0.82058,0.82082
1748275900572.0,0.82059,0.82083
1748275900681.0,0.8206,0.82084
1748275903666.0,0.82061,0.82085
1748275905779.0,0.82062,0.82086
1748275913962.0,0.82061,0.82085
1748275917058.0,0.8206,0.82084
1748275921340.0,0.82057,0.82081
1748275928837.0,0.82058,0.82082
1748275928955.0,0.82059,0.82083
1748275931262.0,0.82058,0.82082
1748275932018.0,0.82057,0.82081
1748275935342.0,0.82058,0.82082
1748275935455.0,0.82059,0.82083
1748275935835.0,0.82058,0.82082
1748275944514.0,0.82059,0.82083
1748275947931.0,0.82058,0.82082
1748275959310.0,0.82059,0.82083
1748275959436.0,0.8206,0.82084
1748275959916.0,0.82062,0.82086
1748275960684.0,0.82057,0.82081
1748275960809.0,0.82056,0.8208
1748275964955.0,0.82058,0.82082
1748275965458.0,0.82052,0.82076
1748275974113.0,0.82051,0.82075
1748275976969.0,0.8205,0.82074
1748275979109.0,0.82049,0.82073
1748275985015.0,0.82048,0.82072
1748275987489.0,0.82049,0.82073
1748275987614.0,0.82051,0.82075
1748275988411.0,0.8205,0.82074
1748275991931.0,0.82053,0.82077
1748275992333.0,0.82054,0.82078
1748275992850.0,0.82055,0.82079
1748276074117.0,0.82056,0.8208
1748276100840.0,0.82051,0.82075
1748276100950.0,0.8205,0.82074
1748276111936.0,0.82052,0.82076
1748276112186.0,0.82055,0.82079
1748276112434.0,0.82054,0.82078
1748276131516.0,0.82052,0.82076
1748276181014.0,0.82053,0.82077
1748276223410.0,0.8206,0.82084
1748276223658.0,0.82064,0.82088
1748276251309.0,0.82069,0.82093
1748276253980.0,0.8207,0.82094
1748276261586.0,0.82071,0.82095
1748276261693.0,0.82068,0.82092
1748276261838.0,0.82064,0.82088
1748276261949.0,0.8206,0.82084
1748276267053.0,0.82061,0.82085
1748276304892.0,0.82062,0.82086
1748276305143.0,0.82061,0.82085
1748276312178.0,0.82062,0.82086
1748276312834.0,0.82061,0.82085
1748276313834.0,0.82062,0.82086
1748276314083.0,0.82061,0.82085
1748276322084.0,0.82062,0.82086
1748276322915.0,0.82059,0.82083
1748276325173.0,0.82057,0.82081
1748276330941.0,0.82058,0.82082
1748276339697.0,0.82056,0.8208
1748276341708.0,0.82057,0.82081
1748276373728.0,0.82058,0.82082
1748276437173.0,0.82057,0.82081
1748276458715.0,0.82056,0.8208
1748276460065.0,0.82057,0.82081
1748276466260.0,0.82056,0.8208
1748276466390.0,0.82051,0.82075
1748276471802.0,0.8205,0.82074
1748276471926.0,0.82047,0.82071
1748276474028.0,0.82048,0.82072
1748276474422.0,0.82049,0.82073
1748276474548.0,0.82051,0.82075
1748276509791.0,0.8205,0.82074
1748276520364.0,0.82051,0.82075
1748276521201.0,0.82054,0.82078
1748276526044.0,0.82052,0.82076
1748276534467.0,0.82053,0.82077
1748276537849.0,0.82055,0.82079
1748276556074.0,0.82052,0.82076
1748276565436.0,0.82049,0.82073
1748276580582.0,0.82046,0.8207
1748276580831.0,0.82045,0.82069
1748276581205.0,0.82047,0.82071
1748276581330.0,0.82048,0.82072
1748276583075.0,0.82047,0.82071
1748276586073.0,0.82042,0.82066
1748276586626.0,0.82041,0.82065
1748276612219.0,0.82042,0.82066
1748276612834.0,0.82043,0.82067
1748276614508.0,0.82044,0.82068
1748276614625.0,0.82045,0.82069
1748276614874.0,0.82044,0.82068
1748276622105.0,0.82043,0.82067
1748276622230.0,0.82044,0.82068
1748276638815.0,0.82049,0.82073
1748276639064.0,0.82051,0.82075
1748276640949.0,0.8205,0.82074
1748276646100.0,0.82047,0.82071
1748276647098.0,0.82044,0.82068
1748276654207.0,0.82043,0.82067
1748276700110.0,0.82041,0.82065
1748276700223.0,0.8204,0.82064
1748276700374.0,0.82039,0.82063
1748276701648.0,0.82037,0.82061
1748276701898.0,0.82035,0.82059
1748276720860.0,0.82036,0.8206
1748276726008.0,0.82037,0.82061
1748276736022.0,0.82036,0.8206
1748276736141.0,0.82035,0.82059
1748276736948.0,0.82036,0.8206
1748276738192.0,0.82035,0.82059
1748276738774.0,0.82036,0.8206
1748276760747.0,0.82035,0.82059
1748276760849.0,0.82028,0.82052
1748276760990.0,0.82029,0.82053
1748276766489.0,0.82028,0.82052
1748276766818.0,0.82027,0.82051
1748276766942.0,0.82026,0.8205
1748276767604.0,0.82025,0.82049
1748276768325.0,0.82028,0.82052
1748276779776.0,0.82027,0.82051
1748276800868.0,0.82028,0.82052
1748276801195.0,0.82027,0.82051
1748276806871.0,0.82028,0.82052
1748276807199.0,0.82027,0.82051
1748276808820.0,0.82028,0.82052
1748276819218.0,0.82027,0.82051
1748276819460.0,0.82022,0.82046
1748276829657.0,0.82023,0.82047
1748276832155.0,0.82024,0.82048
1748276844069.0,0.82025,0.82049
1748276844181.0,0.82027,0.82051
1748276860699.0,0.82031,0.82055
1748276861014.0,0.8203,0.82054
1748276887216.0,0.82031,0.82055
1748276887341.0,0.82035,0.82059
1748276892053.0,0.82034,0.82058
1748276901044.0,0.82034,0.82058
1748276905978.0,0.82035,0.82059
1748276906081.0,0.82036,0.8206
1748276912627.0,0.82037,0.82061
1748276916181.0,0.82034,0.82058
1748276937619.0,0.82033,0.82057
1748276938396.0,0.82032,0.82056
1748276938520.0,0.82031,0.82055
1748276954379.0,0.8203,0.82054
1748276954508.0,0.82029,0.82053
1748276955004.0,0.8203,0.82054
1748276955543.0,0.82029,0.82053
1748276955667.0,0.8203,0.82054
1748276956519.0,0.82027,0.82051
1748276957143.0,0.82028,0.82052
1748276959146.0,0.82027,0.82051
1748276959274.0,0.82028,0.82052
1748276960061.0,0.8203,0.82054
1748276962552.0,0.82029,0.82053
1748276962671.0,0.82028,0.82052
1748276962920.0,0.82028,0.82052
1748276971085.0,0.82027,0.82051
1748276971203.0,0.82026,0.8205
1748276978020.0,0.82025,0.82049
1748276978382.0,0.82026,0.8205
1748276982097.0,0.82027,0.82051
1748276982221.0,0.82029,0.82053
1748276984222.0,0.82028,0.82052
1748276984471.0,0.82027,0.82051
1748276984596.0,0.82028,0.82052
1748276988883.0,0.82027,0.82051
1748276989133.0,0.82027,0.82051
1748276990148.0,0.82028,0.82052
1748276990498.0,0.82027,0.82051
1748276990747.0,0.82028,0.82052
1748277000075.0,0.8203,0.82054
1748277000712.0,0.82031,0.82055
1748277009516.0,0.82028,0.82052
1748277011015.0,0.82029,0.82053
1748277012066.0,0.82028,0.82052
1748277014022.0,0.82026,0.8205
1748277014122.0,0.82025,0.82049
1748277016194.0,0.8202,0.82044
1748277020901.0,0.82018,0.82042
1748277022073.0,0.82017,0.82041
1748277022195.0,0.82019,0.82043
1748277022569.0,0.8202,0.82044
1748277028552.0,0.82021,0.82045
1748277029082.0,0.82023,0.82047
1748277053271.0,0.82024,0.82048
1748277054022.0,0.82025,0.82049
1748277054274.0,0.8203,0.82054
1748277078592.0,0.82037,0.82061
1748277096317.0,0.82035,0.82059
1748277119793.0,0.82041,0.82065
1748277119917.0,0.82045,0.82069
1748277123073.0,0.82044,0.82068
1748277158189.0,0.82043,0.82067
1748277159559.0,0.82042,0.82066
1748277159680.0,0.82037,0.82061
1748277186978.0,0.82036,0.8206
1748277187228.0,0.82035,0.82059
1748277195774.0,0.82034,0.82058
1748277206812.0,0.82027,0.82051
1748277208835.0,0.82028,0.82052
1748277240139.0,0.82029,0.82053
1748277279763.0,0.8203,0.82054
1748277279903.0,0.82031,0.82055
1748277280856.0,0.8203,0.82054
1748277282016.0,0.82029,0.82053
1748277292095.0,0.8203,0.82054
1748277292212.0,0.82031,0.82055
1748277296906.0,0.8203,0.82054
1748277297502.0,0.82029,0.82053
1748277341155.0,0.82027,0.82051
1748277355406.0,0.82028,0.82052
1748277355519.0,0.8203,0.82054
1748277379185.0,0.82036,0.8206
1748277380386.0,0.82037,0.82061
1748277380503.0,0.82039,0.82063
1748277414366.0,0.82038,0.82062
1748277456086.0,0.82039,0.82063
1748277459246.0,0.82039,0.82063
1748277467443.0,0.8204,0.82064
1748277467557.0,0.82044,0.82068
1748277490926.0,0.82042,0.82066
1748277516174.0,0.8204,0.82064
1748277530948.0,0.82041,0.82065
1748277531395.0,0.82042,0.82066
1748277543161.0,0.8204,0.82064
1748277543274.0,0.82039,0.82063
1748277578675.0,0.8204,0.82064
1748277585829.0,0.82041,0.82065
1748277586214.0,0.8204,0.82064
1748277586463.0,0.82041,0.82065
1748277595182.0,0.8204,0.82064
1748277595307.0,0.82039,0.82063
1748277620933.0,0.8204,0.82064
1748277638049.0,0.82039,0.82063
1748277654013.0,0.82037,0.82061
1748277660330.0,0.82036,0.8206
1748277677328.0,0.82035,0.82059
1748277682491.0,0.82036,0.8206
1748277690666.0,0.82037,0.82061
1748277691028.0,0.82039,0.82063
1748277731794.0,0.8204,0.82064
1748277732044.0,0.82041,0.82065
1748277761086.0,0.82042,0.82066
1748277786998.0,0.82041,0.82065
1748277790072.0,0.8204,0.82064
1748277792041.0,0.82039,0.82063
1748277819233.0,0.82034,0.82058
1748277819481.0,0.82031,0.82055
1748277820419.0,0.8203,0.82054
1748277885888.0,0.82031,0.82055
1748277886380.0,0.82032,0.82056
1748277894639.0,0.82034,0.82058
1748277928333.0,0.82035,0.82059
1748277928455.0,0.82036,0.8206
1748277934169.0,0.82035,0.82059
1748277934293.0,0.82034,0.82058
1748277935972.0,0.82035,0.82059
1748277938380.0,0.82036,0.8206
1748277944269.0,0.82029,0.82053
1748277944516.0,0.8203,0.82054
1748277977899.0,0.82031,0.82055
1748277978023.0,0.82032,0.82056
1748277983961.0,0.82033,0.82057
1748277984522.0,0.82034,0.82058
1748277984647.0,0.82035,0.82059
1748277985342.0,0.82034,0.82058
1748278011801.0,0.82035,0.82059
1748278011901.0,0.82034,0.82058
1748278012045.0,0.82032,0.82056
1748278024474.0,0.8203,0.82054
1748278064304.0,0.82031,0.82055
1748278070780.0,0.8203,0.82054
1748278070868.0,0.82027,0.82051
1748278080140.0,0.82028,0.82052
1748278080251.0,0.82029,0.82053
1748278090061.0,0.82029,0.82053
1748278107001.0,0.82028,0.82052
1748278136281.0,0.82029,0.82053
1748278140869.0,0.82028,0.82052
1748278140989.0,0.82027,0.82051
1748278141832.0,0.82021,0.82045
1748278141957.0,0.82022,0.82046
1748278148271.0,0.8202,0.82044
1748278159468.0,0.82022,0.82046
1748278163355.0,0.82023,0.82047
1748278169212.0,0.82028,0.82052
1748278175382.0,0.8203,0.82054
1748278175855.0,0.82029,0.82053
1748278187178.0,0.82027,0.82051
1748278294846.0,0.82028,0.82052
1748278320224.0,0.82029,0.82053
1748278327175.0,0.8203,0.82054
1748278352169.0,0.82029,0.82053
1748278360346.0,0.82028,0.82052
1748278360597.0,0.8202,0.82044
1748278360726.0,0.82021,0.82045
1748278417556.0,0.82018,0.82042
1748278426862.0,0.82017,0.82041
1748278427117.0,0.82013,0.82037
1748278427238.0,0.82014,0.82038
1748278432520.0,0.82015,0.82039
1748278444746.0,0.82016,0.8204
1748278445605.0,0.82018,0.82042
1748278458171.0,0.8202,0.82044
1748278469334.0,0.82021,0.82045
1748278469458.0,0.82023,0.82047
1748278473803.0,0.82025,0.82049
1748278474055.0,0.82024,0.82048
1748278482478.0,0.82025,0.82049
1748278502141.0,0.82027,0.82051
1748278502391.0,0.82026,0.8205
1748278507067.0,0.82025,0.82049
1748278508029.0,0.82026,0.8205
1748278511167.0,0.82027,0.82051
1748278526776.0,0.82028,0.82052
1748278527731.0,0.82027,0.82051
1748278549779.0,0.82025,0.82049
1748278553556.0,0.82024,0.82048
1748278567061.0,0.82025,0.82049
1748278571458.0,0.82024,0.82048
1748278573453.0,0.82025,0.82049
1748278575452.0,0.82024,0.82048
1748278577454.0,0.82025,0.82049
1748278578454.0,0.82024,0.82048
1748278586817.0,0.82025,0.82049
1748278589204.0,0.82024,0.82048
1748278594334.0,0.82025,0.82049
1748278603251.0,0.82024,0.82048
1748278603497.0,0.82023,0.82047
1748278640752.0,0.82024,0.82048
1748278640868.0,0.82025,0.82049
1748278668104.0,0.82026,0.8205
1748278671578.0,0.82025,0.82049
1748278673636.0,0.82026,0.8205
1748278675481.0,0.82025,0.82049
1748278675602.0,0.82024,0.82048
1748278705719.0,0.82025,0.82049
1748278705842.0,0.82024,0.82048
1748278706138.0,0.82025,0.82049
1748278706396.0,0.82024,0.82048
1748278707007.0,0.82025,0.82049
1748278707256.0,0.82024,0.82048
1748278707506.0,0.82025,0.82049
1748278709567.0,0.82024,0.82048
1748278710067.0,0.82025,0.82049
1748278712522.0,0.82023,0.82047
1748278712772.0,0.82025,0.82049
1748278712897.0,0.82024,0.82048
1748278718898.0,0.82025,0.82049
1748278719021.0,0.82024,0.82048
1748278727974.0,0.82021,0.82045
1748278728224.0,0.82022,0.82046
1748278729156.0,0.82021,0.82045
1748278730453.0,0.8202,0.82044
1748278730887.0,0.82021,0.82045
1748278734668.0,0.8202,0.82044
1748278739792.0,0.82019,0.82043
1748278742132.0,0.82016,0.8204
1748278743567.0,0.82017,0.82041
1748278751289.0,0.8202,0.82044
1748278751858.0,0.82019,0.82043
1748278752107.0,0.8202,0.82044
1748278753752.0,0.82019,0.82043
1748278754148.0,0.8202,0.82044
1748278755558.0,0.82019,0.82043
1748278755932.0,0.8202,0.82044
1748278756398.0,0.82019,0.82043
1748278756899.0,0.8202,0.82044
1748278757024.0,0.82019,0.82043
1748278757147.0,0.8202,0.82044
1748278757273.0,0.82019,0.82043
1748278757523.0,0.8202,0.82044
1748278762758.0,0.82019,0.82043
1748278764517.0,0.8202,0.82044
1748278764642.0,0.82019,0.82043
1748278766137.0,0.8202,0.82044
1748278766576.0,0.82019,0.82043
1748278766952.0,0.8202,0.82044
1748278768571.0,0.82019,0.82043
1748278769076.0,0.8202,0.82044
1748278785609.0,0.82021,0.82045
1748278787983.0,0.8202,0.82044
1748278790489.0,0.82021,0.82045
1748278792606.0,0.82024,0.82048
1748278792984.0,0.82023,0.82047
1748278793112.0,0.82022,0.82046
1748278793735.0,0.82023,0.82047
1748278794011.0,0.82022,0.82046
1748278798487.0,0.82023,0.82047
1748278799059.0,0.82022,0.82046
1748278799192.0,0.82016,0.8204
1748278800076.0,0.82012,0.82036
1748278800202.0,0.82011,0.82035
1748278800580.0,0.8201,0.82034
1748278801883.0,0.82008,0.82032
1748278802134.0,0.82007,0.82031
1748278802257.0,0.82008,0.82032
1748278802383.0,0.82007,0.82031
1748278807019.0,0.82005,0.82029
1748278810053.0,0.82006,0.8203
1748278810359.0,0.82005,0.82029
1748278816564.0,0.82006,0.8203
1748278816690.0,0.8201,0.82034
1748278816816.0,0.82011,0.82035
1748278816940.0,0.8201,0.82034
1748278817488.0,0.82011,0.82035
1748278817612.0,0.8201,0.82034
1748278828572.0,0.82009,0.82033
1748278828690.0,0.82008,0.82032
1748278828939.0,0.82007,0.82031
1748278829973.0,0.82008,0.82032
1748278834083.0,0.82007,0.82031
1748278835083.0,0.82008,0.82032
1748278849077.0,0.82009,0.82033
1748278849327.0,0.82008,0.82032
1748278851142.0,0.82007,0.82031
1748278859771.0,0.82008,0.82032
1748278876847.0,0.82011,0.82035
1748278877093.0,0.8201,0.82034
1748278877218.0,0.82011,0.82035
1748278877342.0,0.8201,0.82034
1748278895958.0,0.82011,0.82035
1748278896332.0,0.82012,0.82036
1748278896457.0,0.82011,0.82035
1748278897315.0,0.82012,0.82036
1748278910968.0,0.82011,0.82035
1748278911217.0,0.82012,0.82036
1748278912117.0,0.82011,0.82035
1748278912388.0,0.82012,0.82036
1748278931347.0,0.82011,0.82035
1748278931472.0,0.8201,0.82034
1748278931596.0,0.82015,0.82039
1748278931722.0,0.82014,0.82038
1748278931972.0,0.82014,0.82038
1748278932780.0,0.82015,0.82039
1748278933029.0,0.82014,0.82038
1748278938861.0,0.82015,0.82039
1748278939114.0,0.82014,0.82038
1748278941176.0,0.82015,0.82039
1748278941425.0,0.82014,0.82038
1748278941942.0,0.82015,0.82039
1748278943459.0,0.82014,0.82038
1748278943990.0,0.82015,0.82039
1748278944114.0,0.82017,0.82041
1748278944240.0,0.82016,0.8204
1748278949342.0,0.82017,0.82041
1748278950367.0,0.82016,0.8204
1748278962188.0,0.82015,0.82039
1748278962317.0,0.82014,0.82038
1748278963690.0,0.82015,0.82039
1748278963942.0,0.82014,0.82038
1748278964063.0,0.82015,0.82039
1748278965091.0,0.82014,0.82038
1748278972181.0,0.82015,0.82039
1748278972305.0,0.82014,0.82038
1748278972555.0,0.82015,0.82039
1748278973347.0,0.82014,0.82038
1748278974338.0,0.82015,0.82039
1748278974462.0,0.82014,0.82038
1748278974587.0,0.82015,0.82039
1748278974836.0,0.82014,0.82038
1748278974961.0,0.82015,0.82039
1748278991188.0,0.82014,0.82038
1748278992967.0,0.82015,0.82039
1748278996550.0,0.82016,0.8204
1748278996673.0,0.82015,0.82039
1748279021640.0,0.82017,0.82041
1748279021894.0,0.8202,0.82044
1748279022134.0,0.82022,0.82046
1748279022615.0,0.82021,0.82045
1748279023011.0,0.82022,0.82046
1748279023754.0,0.82023,0.82047
1748279023879.0,0.82022,0.82046
1748279025173.0,0.82023,0.82047
1748279026842.0,0.82027,0.82051
1748279035656.0,0.82028,0.82052
1748279035781.0,0.82029,0.82053
1748279037250.0,0.82028,0.82052
1748279037877.0,0.82029,0.82053
1748279038004.0,0.82027,0.82051
1748279038377.0,0.82026,0.8205
1748279038928.0,0.82029,0.82053
1748279039052.0,0.82028,0.82052
1748279040502.0,0.82029,0.82053
1748279040627.0,0.82028,0.82052
1748279059308.0,0.82029,0.82053
1748279059432.0,0.82028,0.82052
1748279073137.0,0.82029,0.82053
1748279094209.0,0.8203,0.82054
1748279094339.0,0.82029,0.82053
1748279103151.0,0.8203,0.82054
1748279103262.0,0.82031,0.82055
1748279117614.0,0.8203,0.82054
1748279117716.0,0.82029,0.82053
1748279209784.0,0.82031,0.82055
1748279210662.0,0.8203,0.82054
1748279210789.0,0.82031,0.82055
1748279210913.0,0.8203,0.82054
1748279212490.0,0.82028,0.82052
1748279235703.0,0.82027,0.82051
1748279235829.0,0.82028,0.82052
1748279243883.0,0.82029,0.82053
1748279244927.0,0.8203,0.82054
1748279245301.0,0.82029,0.82053
1748279254231.0,0.8203,0.82054
1748279257876.0,0.82029,0.82053
1748279258126.0,0.8203,0.82054
1748279259328.0,0.82029,0.82053
1748279297988.0,0.8203,0.82054
1748279298237.0,0.82029,0.82053
1748279298810.0,0.82028,0.82052
1748279319476.0,0.82029,0.82053
1748279319725.0,0.82028,0.82052
1748279322882.0,0.82027,0.82051
1748279322999.0,0.82028,0.82052
1748279324471.0,0.8203,0.82054
1748279363774.0,0.82031,0.82055
1748279379425.0,0.8203,0.82054
1748279387112.0,0.82029,0.82053
1748279387363.0,0.82028,0.82052
1748279392625.0,0.82027,0.82051
1748279411249.0,0.82026,0.8205
1748279411374.0,0.82027,0.82051
1748279421752.0,0.82028,0.82052
1748279428628.0,0.82027,0.82051
1748279428753.0,0.82028,0.82052
1748279430621.0,0.82027,0.82051
1748279432348.0,0.82028,0.82052
1748279432637.0,0.82027,0.82051
1748279432763.0,0.82028,0.82052
1748279434375.0,0.82029,0.82053
1748279441999.0,0.82028,0.82052
1748279455445.0,0.82027,0.82051
1748279455567.0,0.82028,0.82052
1748279465407.0,0.82027,0.82051
1748279465532.0,0.82028,0.82052
1748279465657.0,0.82027,0.82051
1748279465781.0,0.82028,0.82052
1748279476945.0,0.82029,0.82053
1748279477184.0,0.82027,0.82051
1748279489124.0,0.82029,0.82053
1748279489249.0,0.82028,0.82052
1748279501343.0,0.82026,0.8205
1748279511143.0,0.82027,0.82051
1748279511267.0,0.82028,0.82052
1748279512147.0,0.82029,0.82053
1748279513167.0,0.8203,0.82054
1748279521596.0,0.82031,0.82055
1748279546608.0,0.82032,0.82056
1748279546732.0,0.82031,0.82055
1748279576008.0,0.82032,0.82056
1748279580137.0,0.82031,0.82055
1748279587452.0,0.82032,0.82056
1748279591553.0,0.82031,0.82055
1748279647774.0,0.82032,0.82056
1748279647895.0,0.82031,0.82055
1748279651537.0,0.82032,0.82056
1748279651663.0,0.82031,0.82055
1748279652366.0,0.82032,0.82056
1748279652486.0,0.82031,0.82055
1748279676803.0,0.8203,0.82054
1748279677294.0,0.82031,0.82055
1748279684404.0,0.8203,0.82054
1748279685957.0,0.82031,0.82055
1748279686080.0,0.8203,0.82054
1748279686403.0,0.82031,0.82055
1748279691933.0,0.8203,0.82054
1748279692401.0,0.82031,0.82055
1748279693812.0,0.8203,0.82054
1748279694062.0,0.82031,0.82055
1748279709591.0,0.82045,0.82069
1748279710448.0,0.82044,0.82068
1748279717338.0,0.82045,0.82069
1748279743208.0,0.82044,0.82068
1748279744130.0,0.82043,0.82067
1748279755198.0,0.82045,0.82069
1748279755929.0,0.82044,0.82068
1748279761462.0,0.82043,0.82067
1748279763677.0,0.82045,0.82069
1748279764179.0,0.82044,0.82068
1748279770050.0,0.82046,0.8207
1748279770191.0,0.82045,0.82069
1748279771974.0,0.82043,0.82067
1748279781171.0,0.8204,0.82064
1748279787287.0,0.82041,0.82065
1748279805214.0,0.82042,0.82066
1748279821128.0,0.82043,0.82067
1748279831374.0,0.82042,0.82066
1748279832842.0,0.82041,0.82065
1748279834276.0,0.8204,0.82064
1748279834402.0,0.82041,0.82065
1748279835574.0,0.8204,0.82064
1748279835825.0,0.82039,0.82063
1748279858326.0,0.8204,0.82064
1748279863072.0,0.82041,0.82065
1748279863774.0,0.8205,0.82074
1748279889166.0,0.82049,0.82073
1748279889291.0,0.82048,0.82072
1748279889541.0,0.82047,0.82071
1748279889791.0,0.82048,0.82072
1748279890852.0,0.82049,0.82073
1748279903605.0,0.82048,0.82072
1748279922314.0,0.82049,0.82073
1748279937466.0,0.82051,0.82075
1748279942014.0,0.82053,0.82077
1748279944491.0,0.82055,0.82079
1748279944956.0,0.82056,0.8208
1748279947637.0,0.82057,0.82081
1748279947734.0,0.82058,0.82082
1748279948135.0,0.82059,0.82083
1748279949431.0,0.8206,0.82084
1748279963138.0,0.82059,0.82083
1748279991609.0,0.82058,0.82082
1748279992012.0,0.82059,0.82083
1748280022620.0,0.82057,0.82081
1748280024453.0,0.82058,0.82082
1748280082208.0,0.82057,0.82081
1748280132774.0,0.82058,0.82082
1748280136184.0,0.82057,0.82081
1748280180776.0,0.82058,0.82082
1748280204638.0,0.82057,0.82081
1748280252503.0,0.82058,0.82082
1748280253624.0,0.82059,0.82083
1748280253747.0,0.82061,0.82085
1748280280696.0,0.8206,0.82084
1748280284334.0,0.82057,0.82081
1748280294874.0,0.82054,0.82078
1748280360376.0,0.82055,0.82079
1748280373483.0,0.82056,0.8208
1748280373603.0,0.82058,0.82082
1748280407299.0,0.82059,0.82083
1748280407422.0,0.82058,0.82082
1748280414318.0,0.82059,0.82083
1748280419418.0,0.82058,0.82082
1748280419543.0,0.82059,0.82083
1748280419796.0,0.82058,0.82082
1748280421638.0,0.82059,0.82083
1748280422617.0,0.82058,0.82082
1748280424747.0,0.82059,0.82083
1748280425026.0,0.82058,0.82082
1748280426989.0,0.82059,0.82083
1748280429126.0,0.82058,0.82082
1748280429253.0,0.82059,0.82083
1748280431337.0,0.82058,0.82082
1748280483339.0,0.82057,0.82081
1748280532973.0,0.82058,0.82082
1748280537777.0,0.82059,0.82083
1748280538196.0,0.82058,0.82082
1748280543458.0,0.82059,0.82083
1748280559938.0,0.8206,0.82084
1748280560061.0,0.82063,0.82087
1748280560990.0,0.82062,0.82086
1748280561114.0,0.82063,0.82087
1748280562891.0,0.82062,0.82086
1748280563142.0,0.82063,0.82087
1748280565418.0,0.82062,0.82086
1748280565696.0,0.82063,0.82087
1748280569798.0,0.82062,0.82086
1748280577068.0,0.82063,0.82087
1748280577777.0,0.82062,0.82086
1748280578141.0,0.82063,0.82087
1748280578438.0,0.82062,0.82086
1748280600253.0,0.82063,0.82087
1748280600848.0,0.82062,0.82086
1748280604197.0,0.82063,0.82087
1748280604805.0,0.82064,0.82088
1748280605127.0,0.82063,0.82087
1748280610567.0,0.82064,0.82088
1748280610690.0,0.82063,0.82087
1748280611661.0,0.82064,0.82088
1748280611904.0,0.82068,0.82092
1748280612023.0,0.82069,0.82093
1748280636966.0,0.8207,0.82094
1748280644868.0,0.82068,0.82092
1748280645728.0,0.82069,0.82093
1748280656804.0,0.82068,0.82092
1748280663269.0,0.82069,0.82093
1748280664244.0,0.82068,0.82092
1748280664534.0,0.82069,0.82093
1748280666243.0,0.82068,0.82092
1748280667804.0,0.82069,0.82093
1748280670805.0,0.82068,0.82092
1748280681392.0,0.82067,0.82091
1748280695443.0,0.82066,0.8209
1748280728345.0,0.82065,0.82089
1748280732406.0,0.82066,0.8209
1748280732530.0,0.82067,0.82091
1748280734044.0,0.82068,0.82092
1748280735808.0,0.82069,0.82093
1748280739842.0,0.82068,0.82092
1748280741249.0,0.82069,0.82093
1748280741594.0,0.82068,0.82092
1748280745672.0,0.82065,0.82089
1748280745921.0,0.82066,0.8209
1748280759704.0,0.82067,0.82091
1748280761509.0,0.82066,0.8209
1748280783279.0,0.82065,0.82089
1748280790933.0,0.82066,0.8209
1748280821119.0,0.82065,0.82089
1748280824304.0,0.82066,0.8209
1748280824851.0,0.82067,0.82091
1748280825101.0,0.82068,0.82092
1748280855079.0,0.82069,0.82093
1748280870475.0,0.82068,0.82092
1748280942549.0,0.82067,0.82091
1748281008345.0,0.82066,0.8209
1748281008449.0,0.82064,0.82088
1748281010939.0,0.82058,0.82082
1748281011187.0,0.82057,0.82081
1748281034300.0,0.82058,0.82082
1748281062013.0,0.82059,0.82083
1748281063918.0,0.82058,0.82082
1748281104866.0,0.82057,0.82081
1748281105119.0,0.82054,0.82078
1748281107535.0,0.8205,0.82074
1748281116836.0,0.82051,0.82075
1748281198653.0,0.82045,0.82069
1748281221867.0,0.82046,0.8207
1748281222118.0,0.82053,0.82077
1748281222242.0,0.82052,0.82076
1748281253227.0,0.82053,0.82077
1748281253687.0,0.82052,0.82076
1748281303734.0,0.82051,0.82075
1748281319898.0,0.82053,0.82077
1748281320023.0,0.82052,0.82076
1748281331183.0,0.82051,0.82075
1748281368983.0,0.82052,0.82076
1748281383306.0,0.82051,0.82075
1748281387682.0,0.82048,0.82072
1748281421159.0,0.82049,0.82073
1748281429904.0,0.82048,0.82072
1748281430029.0,0.82047,0.82071
1748281430601.0,0.82048,0.82072
1748281438274.0,0.82047,0.82071
1748281451512.0,0.82046,0.8207
1748281475221.0,0.82048,0.82072
1748281475346.0,0.82047,0.82071
1748281482281.0,0.82048,0.82072
1748281482532.0,0.82049,0.82073
1748281483425.0,0.82048,0.82072
1748281504174.0,0.82049,0.82073
1748281509510.0,0.82048,0.82072
1748281509630.0,0.82047,0.82071
1748281541304.0,0.82048,0.82072
1748281544447.0,0.82047,0.82071
1748281544697.0,0.82048,0.82072
1748281551165.0,0.82049,0.82073
1748281551291.0,0.82048,0.82072
1748281566753.0,0.82049,0.82073
1748281578325.0,0.82048,0.82072
1748281584741.0,0.82047,0.82071
1748281587107.0,0.82046,0.8207
1748281587217.0,0.82044,0.82068
1748281588325.0,0.82043,0.82067
1748281590292.0,0.82042,0.82066
1748281608463.0,0.82039,0.82063
1748281614048.0,0.8204,0.82064
1748281623668.0,0.82041,0.82065
1748281661898.0,0.8204,0.82064
1748281662022.0,0.82044,0.82068
1748281669094.0,0.82045,0.82069
1748281693064.0,0.82042,0.82066
1748281708535.0,0.82043,0.82067
1748281714492.0,0.82045,0.82069
1748281744460.0,0.82046,0.8207
1748281744588.0,0.82045,0.82069
1748281756909.0,0.82046,0.8207
1748281793138.0,0.82045,0.82069
1748281803997.0,0.82046,0.8207
1748281805848.0,0.82045,0.82069
1748281806347.0,0.82046,0.8207
1748281806471.0,0.82045,0.82069
1748281807348.0,0.82046,0.8207
1748281809608.0,0.82045,0.82069
1748281809857.0,0.82046,0.8207
1748281809984.0,0.82045,0.82069
1748281819928.0,0.82044,0.82068
1748281820053.0,0.82045,0.82069
1748281826847.0,0.82046,0.8207
1748281827094.0,0.82049,0.82073
1748281828146.0,0.82049,0.82073
1748281845033.0,0.8205,0.82074
1748281870194.0,0.82049,0.82073
1748281870319.0,0.82048,0.82072
1748281870445.0,0.82049,0.82073
1748281870569.0,0.82048,0.82072
1748281871507.0,0.82049,0.82073
1748281871632.0,0.82048,0.82072
1748281878654.0,0.82049,0.82073
1748281878898.0,0.8205,0.82074
1748281925417.0,0.82051,0.82075
1748281925698.0,0.8205,0.82074
1748281964911.0,0.82049,0.82073
1748281976297.0,0.8205,0.82074
1748281989627.0,0.82051,0.82075
1748281989752.0,0.8205,0.82074
1748282020828.0,0.82049,0.82073
1748282021890.0,0.8205,0.82074
1748282022002.0,0.82051,0.82075
1748282022126.0,0.8205,0.82074
1748282023689.0,0.82051,0.82075
1748282023814.0,0.82049,0.82073
1748282027508.0,0.82051,0.82075
1748282027756.0,0.82057,0.82081
1748282035562.0,0.82056,0.8208
1748282035846.0,0.82057,0.82081
1748282038106.0,0.82056,0.8208
1748282038828.0,0.82057,0.82081
1748282064924.0,0.82056,0.8208
1748282084921.0,0.82057,0.82081
1748282086924.0,0.82056,0.8208
1748282087923.0,0.82057,0.82081
1748282089034.0,0.82056,0.8208
1748282096105.0,0.82057,0.82081
1748282116709.0,0.82056,0.8208
1748282120757.0,0.82057,0.82081
1748282120880.0,0.82058,0.82082
1748282134084.0,0.82059,0.82083
1748282134190.0,0.8206,0.82084
1748282136705.0,0.82059,0.82083
1748282136830.0,0.8206,0.82084
1748282142671.0,0.82061,0.82085
1748282158506.0,0.82062,0.82086
1748282158638.0,0.82061,0.82085
1748282159237.0,0.82062,0.82086
1748282159836.0,0.82063,0.82087
1748282160949.0,0.82064,0.82088
1748282161065.0,0.82063,0.82087
1748282162302.0,0.82061,0.82085
1748282162427.0,0.8206,0.82084
1748282164152.0,0.82061,0.82085
1748282214853.0,0.82062,0.82086
1748282214969.0,0.82063,0.82087
1748282215096.0,0.82062,0.82086
1748282215819.0,0.82063,0.82087
1748282215942.0,0.82062,0.82086
1748282217018.0,0.82063,0.82087
1748282220609.0,0.82062,0.82086
1748282231398.0,0.82063,0.82087
1748282232049.0,0.82062,0.82086
1748282232489.0,0.82063,0.82087
1748282232612.0,0.82062,0.82086
1748282233049.0,0.82063,0.82087
1748282233298.0,0.82062,0.82086
1748282236076.0,0.82063,0.82087
1748282257601.0,0.82065,0.82089
1748282257725.0,0.82069,0.82093
1748282257980.0,0.82068,0.82092
1748282340063.0,0.82069,0.82093
1748282340314.0,0.82068,0.82092
1748282341483.0,0.82069,0.82093
1748282341608.0,0.82068,0.82092
1748282343958.0,0.8207,0.82094
1748282346357.0,0.82069,0.82093
1748282346482.0,0.8207,0.82094
1748282347563.0,0.82068,0.82092
1748282347697.0,0.82064,0.82088
1748282383799.0,0.82066,0.8209
1748282390247.0,0.82065,0.82089
1748282391358.0,0.82066,0.8209
1748282391482.0,0.82065,0.82089
1748282392368.0,0.82066,0.8209
1748282396286.0,0.82065,0.82089
1748282398329.0,0.82066,0.8209
1748282400204.0,0.82067,0.82091
1748282428864.0,0.82066,0.8209
1748282460789.0,0.82067,0.82091
1748282463822.0,0.82066,0.8209
1748282464392.0,0.82067,0.82091
1748282464517.0,0.82066,0.8209
1748282465131.0,0.82065,0.82089
1748282466203.0,0.82066,0.8209
1748282466323.0,0.82067,0.82091
1748282472419.0,0.82066,0.8209
1748282473037.0,0.82067,0.82091
1748282477848.0,0.82066,0.8209
1748282479468.0,0.82067,0.82091
1748282479716.0,0.82066,0.8209
1748282480308.0,0.82067,0.82091
1748282483861.0,0.82066,0.8209
1748282530777.0,0.82067,0.82091
1748282533686.0,0.82066,0.8209
1748282534458.0,0.82067,0.82091
1748282534582.0,0.82066,0.8209
1748282538863.0,0.82065,0.82089
1748282541949.0,0.82066,0.8209
1748282542079.0,0.82065,0.82089
1748282543498.0,0.82066,0.8209
1748282553677.0,0.82065,0.82089
1748282554738.0,0.82066,0.8209
1748282555568.0,0.82065,0.82089
1748282558589.0,0.82066,0.8209
1748282569317.0,0.82067,0.82091
1748282604088.0,0.8207,0.82094
1748282639158.0,0.82069,0.82093
1748282640253.0,0.82068,0.82092
1748282640497.0,0.82065,0.82089
1748282645369.0,0.82066,0.8209
1748282710343.0,0.82065,0.82089
1748282721193.0,0.82067,0.82091
1748282721313.0,0.82068,0.82092
1748282722298.0,0.82069,0.82093
1748282722429.0,0.82068,0.82092
1748282722548.0,0.82069,0.82093
1748282722675.0,0.82068,0.82092
1748282723129.0,0.82069,0.82093
1748282723253.0,0.82068,0.82092
1748282723502.0,0.82069,0.82093
1748282723628.0,0.82068,0.82092
1748282724346.0,0.82069,0.82093
1748282724472.0,0.82068,0.82092
1748282724721.0,0.82069,0.82093
1748282724853.0,0.8207,0.82094
1748282770622.0,0.82071,0.82095
1748282779846.0,0.8207,0.82094
1748282781378.0,0.82069,0.82093
1748282782215.0,0.82068,0.82092
1748282783166.0,0.82069,0.82093
1748282783290.0,0.82068,0.82092
1748282783415.0,0.82069,0.82093
1748282783540.0,0.82068,0.82092
1748282784127.0,0.82069,0.82093
1748282784253.0,0.8207,0.82094
1748282817578.0,0.82071,0.82095
1748282820269.0,0.8207,0.82094
1748282820389.0,0.82071,0.82095
1748282828354.0,0.82069,0.82093
1748282828451.0,0.82068,0.82092
1748282844448.0,0.82069,0.82093
1748282845368.0,0.82068,0.82092
1748282924634.0,0.82069,0.82093
1748282924730.0,0.82071,0.82095
1748282927407.0,0.8207,0.82094
1748282941423.0,0.82069,0.82093
1748282956366.0,0.8207,0.82094
1748282956491.0,0.82069,0.82093
1748282978597.0,0.8207,0.82094
1748282978722.0,0.82069,0.82093
1748282979602.0,0.82068,0.82092
1748282979726.0,0.82069,0.82093
1748282979852.0,0.82068,0.82092
1748282980656.0,0.82069,0.82093
1748282980781.0,0.82068,0.82092
1748282981677.0,0.82069,0.82093
1748282981925.0,0.82068,0.82092
1748282982717.0,0.82069,0.82093
1748282982843.0,0.82068,0.82092
1748282983758.0,0.82069,0.82093
1748282983882.0,0.82068,0.82092
1748282984787.0,0.82069,0.82093
1748282984912.0,0.82068,0.82092
1748282985828.0,0.82069,0.82093
1748282985953.0,0.82068,0.82092
1748282994848.0,0.82069,0.82093
1748282995097.0,0.82068,0.82092
1748283000938.0,0.82069,0.82093
1748283001186.0,0.82068,0.82092
1748283001437.0,0.82069,0.82093
1748283002228.0,0.82068,0.82092
1748283004348.0,0.82069,0.82093
1748283004666.0,0.82068,0.82092
