1748268000169.0,142.833,142.84
1748268000169.0,142.833,142.84
1748268000448.0,142.832,142.839
1748268000448.0,142.832,142.839
1748268000589.0,142.833,142.84
1748268000589.0,142.833,142.84
1748268000728.0,142.834,142.841
1748268000728.0,142.834,142.841
1748268001188.0,142.841,142.848
1748268001188.0,142.841,142.848
1748268001465.0,142.846,142.853
1748268001465.0,142.846,142.853
1748268001614.0,142.845,142.852
1748268001614.0,142.845,142.852
1748268001886.0,142.844,142.851
1748268001886.0,142.844,142.851
1748268002027.0,142.84,142.847
1748268002027.0,142.84,142.847
1748268002304.0,142.841,142.848
1748268002304.0,142.841,142.848
1748268003048.0,142.843,142.85
1748268003048.0,142.843,142.85
1748268003183.0,142.844,142.851
1748268003183.0,142.844,142.851
1748268004347.0,142.85,142.857
1748268004347.0,142.85,142.857
1748268006915.0,142.848,142.855
1748268006915.0,142.848,142.855
1748268011457.0,142.847,142.854
1748268011457.0,142.847,142.854
1748268020364.0,142.849,142.856
1748268020364.0,142.849,142.856
1748268022107.0,142.85,142.857
1748268022107.0,142.85,142.857
1748268023591.0,142.849,142.856
1748268023591.0,142.849,142.856
1748268024243.0,142.848,142.855
1748268024243.0,142.848,142.855
1748268027673.0,142.847,142.854
1748268027673.0,142.847,142.854
1748268028858.0,142.849,142.856
1748268028858.0,142.849,142.856
1748268032350.0,142.848,142.855
1748268032350.0,142.848,142.855
1748268034016.0,142.849,142.856
1748268034016.0,142.849,142.856
1748268034294.0,142.85,142.857
1748268034294.0,142.85,142.857
1748268035701.0,142.849,142.856
1748268035701.0,142.849,142.856
1748268038625.0,142.848,142.855
1748268038625.0,142.848,142.855
1748268039985.0,142.847,142.854
1748268039985.0,142.847,142.854
1748268041497.0,142.843,142.85
1748268041497.0,142.843,142.85
1748268043916.0,142.841,142.848
1748268043916.0,142.841,142.848
1748268044056.0,142.84,142.847
1748268044056.0,142.84,142.847
1748268044937.0,142.843,142.85
1748268044937.0,142.843,142.85
1748268045076.0,142.844,142.851
1748268045076.0,142.844,142.851
1748268045360.0,142.845,142.852
1748268045360.0,142.845,142.852
1748268050322.0,142.84,142.847
1748268050322.0,142.84,142.847
1748268055718.0,142.839,142.846
1748268055718.0,142.839,142.846
1748268056310.0,142.838,142.845
1748268056310.0,142.838,142.845
1748268059049.0,142.831,142.838
1748268059049.0,142.831,142.838
1748268059206.0,142.83,142.837
1748268059206.0,142.83,142.837
1748268059470.0,142.828,142.835
1748268059470.0,142.828,142.835
1748268059610.0,142.829,142.836
1748268059610.0,142.829,142.836
1748268060519.0,142.828,142.835
1748268060519.0,142.828,142.835
1748268061154.0,142.823,142.83
1748268061154.0,142.823,142.83
1748268063534.0,142.827,142.834
1748268063534.0,142.827,142.834
1748268063812.0,142.828,142.835
1748268063812.0,142.828,142.835
1748268063953.0,142.829,142.836
1748268063953.0,142.829,142.836
1748268068002.0,142.828,142.835
1748268068002.0,142.828,142.835
1748268069965.0,142.827,142.834
1748268069965.0,142.827,142.834
1748268071362.0,142.826,142.833
1748268071362.0,142.826,142.833
1748268076097.0,142.827,142.834
1748268076097.0,142.827,142.834
1748268079863.0,142.828,142.835
1748268079863.0,142.828,142.835
1748268082597.0,142.829,142.836
1748268082597.0,142.829,142.836
1748268084182.0,142.828,142.835
1748268084182.0,142.828,142.835
1748268086423.0,142.825,142.832
1748268086423.0,142.825,142.832
1748268087933.0,142.827,142.834
1748268087933.0,142.827,142.834
1748268091477.0,142.831,142.838
1748268091477.0,142.831,142.838
1748268091896.0,142.83,142.837
1748268091896.0,142.83,142.837
1748268103409.0,142.832,142.839
1748268103409.0,142.832,142.839
1748268104089.0,142.833,142.84
1748268104089.0,142.833,142.84
1748268109132.0,142.837,142.844
1748268109132.0,142.837,142.844
1748268109271.0,142.838,142.845
1748268109271.0,142.838,142.845
1748268112711.0,142.839,142.846
1748268112711.0,142.839,142.846
1748268113255.0,142.837,142.844
1748268113255.0,142.837,142.844
1748268113782.0,142.836,142.843
1748268113782.0,142.836,142.843
1748268115576.0,142.837,142.844
1748268115576.0,142.837,142.844
1748268131243.0,142.836,142.843
1748268131243.0,142.836,142.843
1748268132661.0,142.838,142.845
1748268132661.0,142.838,142.845
1748268133539.0,142.837,142.844
1748268133539.0,142.837,142.844
1748268133679.0,142.838,142.845
1748268133679.0,142.838,142.845
1748268137401.0,142.841,142.848
1748268137401.0,142.841,142.848
1748268138216.0,142.84,142.847
1748268138216.0,142.84,142.847
1748268140640.0,142.839,142.846
1748268140640.0,142.839,142.846
1748268141598.0,142.84,142.847
1748268141598.0,142.84,142.847
1748268150469.0,142.843,142.85
1748268150469.0,142.843,142.85
1748268151397.0,142.842,142.849
1748268151397.0,142.842,142.849
1748268152119.0,142.843,142.85
1748268152119.0,142.843,142.85
1748268152547.0,142.842,142.849
1748268152547.0,142.842,142.849
1748268153009.0,142.845,142.852
1748268153009.0,142.845,142.852
1748268153289.0,142.849,142.856
1748268153289.0,142.849,142.856
1748268153434.0,142.845,142.852
1748268153434.0,142.845,142.852
1748268157751.0,142.844,142.851
1748268157751.0,142.844,142.851
1748268160839.0,142.843,142.85
1748268160839.0,142.843,142.85
1748268165577.0,142.842,142.849
1748268165577.0,142.842,142.849
1748268169780.0,142.843,142.85
1748268169780.0,142.843,142.85
1748268170326.0,142.842,142.849
1748268170326.0,142.842,142.849
1748268174209.0,142.843,142.85
1748268174209.0,142.843,142.85
1748268176154.0,142.844,142.851
1748268176154.0,142.844,142.851
1748268177413.0,142.842,142.849
1748268177413.0,142.842,142.849
1748268180977.0,142.841,142.848
1748268180977.0,142.841,142.848
1748268181708.0,142.842,142.849
1748268181708.0,142.842,142.849
1748268182199.0,142.841,142.848
1748268182199.0,142.841,142.848
1748268182345.0,142.843,142.85
1748268182345.0,142.843,142.85
1748268183407.0,142.842,142.849
1748268183407.0,142.842,142.849
1748268183547.0,142.843,142.85
1748268183547.0,142.843,142.85
1748268190936.0,142.841,142.848
1748268190936.0,142.841,142.848
1748268192816.0,142.838,142.845
1748268192816.0,142.838,142.845
1748268194122.0,142.841,142.848
1748268194122.0,142.841,142.848
1748268195194.0,142.842,142.849
1748268195194.0,142.842,142.849
1748268196774.0,142.848,142.855
1748268196774.0,142.848,142.855
1748268198237.0,142.854,142.861
1748268198237.0,142.854,142.861
1748268199261.0,142.855,142.862
1748268199261.0,142.855,142.862
1748268204186.0,142.851,142.858
1748268204186.0,142.851,142.858
1748268206861.0,142.852,142.859
1748268206861.0,142.852,142.859
1748268208264.0,142.851,142.858
1748268208264.0,142.851,142.858
1748268209094.0,142.854,142.861
1748268209094.0,142.854,142.861
1748268209247.0,142.856,142.863
1748268209247.0,142.856,142.863
1748268214642.0,142.854,142.861
1748268214642.0,142.854,142.861
1748268216175.0,142.853,142.86
1748268216175.0,142.853,142.86
1748268217875.0,142.845,142.852
1748268217875.0,142.845,142.852
1748268220473.0,142.844,142.851
1748268220473.0,142.844,142.851
1748268221511.0,142.849,142.856
1748268221511.0,142.849,142.856
1748268226851.0,142.845,142.852
1748268226851.0,142.845,142.852
1748268227777.0,142.849,142.856
1748268227777.0,142.849,142.856
1748268229736.0,142.848,142.855
1748268229736.0,142.848,142.855
1748268232330.0,142.849,142.856
1748268232330.0,142.849,142.856
1748268240476.0,142.848,142.855
1748268240476.0,142.848,142.855
1748268243265.0,142.858,142.865
1748268243265.0,142.858,142.865
1748268243423.0,142.859,142.866
1748268243423.0,142.859,142.866
1748268251681.0,142.854,142.861
1748268251681.0,142.854,142.861
1748268251847.0,142.852,142.859
1748268251847.0,142.852,142.859
1748268253946.0,142.85,142.857
1748268253946.0,142.85,142.857
1748268254226.0,142.851,142.858
1748268254226.0,142.851,142.858
1748268255568.0,142.852,142.859
1748268255568.0,142.852,142.859
1748268259146.0,142.849,142.856
1748268259146.0,142.849,142.856
1748268268000.0,142.85,142.857
1748268268000.0,142.85,142.857
1748268271731.0,142.849,142.856
1748268271731.0,142.849,142.856
1748268272230.0,142.848,142.855
1748268272230.0,142.848,142.855
1748268272521.0,142.846,142.853
1748268272521.0,142.846,142.853
1748268272651.0,142.845,142.852
1748268272651.0,142.845,142.852
1748268273426.0,142.847,142.854
1748268273426.0,142.847,142.854
1748268276212.0,142.844,142.851
1748268276212.0,142.844,142.851
1748268277214.0,142.845,142.852
1748268277214.0,142.845,142.852
1748268277352.0,142.844,142.851
1748268277352.0,142.844,142.851
1748268278214.0,142.843,142.85
1748268278214.0,142.843,142.85
1748268278357.0,142.845,142.852
1748268278357.0,142.845,142.852
1748268279229.0,142.846,142.853
1748268279229.0,142.846,142.853
1748268282876.0,142.847,142.854
1748268282876.0,142.847,142.854
1748268283018.0,142.848,142.855
1748268283018.0,142.848,142.855
1748268284857.0,142.849,142.856
1748268284857.0,142.849,142.856
1748268289001.0,142.848,142.855
1748268289001.0,142.848,142.855
1748268293551.0,142.85,142.857
1748268293551.0,142.85,142.857
1748268300667.0,142.846,142.853
1748268300667.0,142.846,142.853
1748268300808.0,142.847,142.854
1748268300808.0,142.847,142.854
1748268306686.0,142.849,142.856
1748268306686.0,142.849,142.856
1748268309027.0,142.848,142.855
1748268309027.0,142.848,142.855
1748268311901.0,142.847,142.854
1748268311901.0,142.847,142.854
1748268313770.0,142.844,142.851
1748268313770.0,142.844,142.851
1748268317781.0,142.843,142.85
1748268317781.0,142.843,142.85
1748268317900.0,142.84,142.847
1748268317900.0,142.84,142.847
1748268320827.0,142.839,142.846
1748268320827.0,142.839,142.846
1748268321388.0,142.834,142.841
1748268321388.0,142.834,142.841
1748268321540.0,142.83,142.837
1748268321540.0,142.83,142.837
1748268325680.0,142.828,142.835
1748268325680.0,142.828,142.835
1748268329097.0,142.826,142.833
1748268329097.0,142.826,142.833
1748268330154.0,142.828,142.835
1748268330154.0,142.828,142.835
1748268331837.0,142.829,142.836
1748268331837.0,142.829,142.836
1748268332254.0,142.828,142.835
1748268332254.0,142.828,142.835
1748268344696.0,142.829,142.836
1748268344696.0,142.829,142.836
1748268346233.0,142.828,142.835
1748268346233.0,142.828,142.835
1748268350846.0,142.825,142.832
1748268350846.0,142.825,142.832
1748268351856.0,142.827,142.834
1748268351856.0,142.827,142.834
1748268353406.0,142.828,142.835
1748268353406.0,142.828,142.835
1748268355283.0,142.83,142.837
1748268355283.0,142.83,142.837
1748268359166.0,142.828,142.835
1748268359166.0,142.828,142.835
1748268361983.0,142.827,142.834
1748268361983.0,142.827,142.834
1748268363256.0,142.83,142.837
1748268363256.0,142.83,142.837
1748268369466.0,142.829,142.836
1748268369466.0,142.829,142.836
1748268370069.0,142.828,142.835
1748268370069.0,142.828,142.835
1748268370557.0,142.827,142.834
1748268370557.0,142.827,142.834
1748268372231.0,142.828,142.835
1748268372231.0,142.828,142.835
1748268381093.0,142.829,142.836
1748268381093.0,142.829,142.836
1748268385399.0,142.83,142.837
1748268385399.0,142.83,142.837
1748268385546.0,142.829,142.836
1748268385546.0,142.829,142.836
1748268385823.0,142.826,142.833
1748268385823.0,142.826,142.833
1748268386764.0,142.818,142.825
1748268386764.0,142.818,142.825
1748268395361.0,142.817,142.824
1748268395361.0,142.817,142.824
1748268396023.0,142.812,142.819
1748268396023.0,142.812,142.819
1748268398557.0,142.818,142.825
1748268398557.0,142.818,142.825
1748268398696.0,142.828,142.835
1748268398696.0,142.828,142.835
1748268399836.0,142.829,142.836
1748268399836.0,142.829,142.836
1748268400523.0,142.83,142.837
1748268400523.0,142.83,142.837
1748268401804.0,142.831,142.838
1748268401804.0,142.831,142.838
1748268404517.0,142.83,142.837
1748268404517.0,142.83,142.837
1748268406323.0,142.829,142.836
1748268406323.0,142.829,142.836
1748268406983.0,142.827,142.834
1748268406983.0,142.827,142.834
1748268409458.0,142.829,142.836
1748268409458.0,142.829,142.836
1748268410575.0,142.827,142.834
1748268410575.0,142.827,142.834
1748268413569.0,142.83,142.837
1748268413569.0,142.83,142.837
1748268414596.0,142.829,142.836
1748268414596.0,142.829,142.836
1748268416152.0,142.822,142.829
1748268416152.0,142.822,142.829
1748268420366.0,142.825,142.832
1748268420366.0,142.825,142.832
1748268420646.0,142.829,142.836
1748268420646.0,142.829,142.836
1748268421064.0,142.828,142.835
1748268421064.0,142.828,142.835
1748268422156.0,142.824,142.831
1748268422156.0,142.824,142.831
1748268423593.0,142.825,142.832
1748268423593.0,142.825,142.832
1748268425596.0,142.828,142.835
1748268425596.0,142.828,142.835
1748268433040.0,142.829,142.836
1748268433040.0,142.829,142.836
1748268440552.0,142.83,142.837
1748268440552.0,142.83,142.837
1748268442674.0,142.829,142.836
1748268442674.0,142.829,142.836
1748268448020.0,142.831,142.838
1748268448020.0,142.831,142.838
1748268449174.0,142.832,142.839
1748268449174.0,142.832,142.839
1748268451552.0,142.833,142.84
1748268451552.0,142.833,142.84
1748268452215.0,142.831,142.838
1748268452215.0,142.831,142.838
1748268454831.0,142.832,142.839
1748268454831.0,142.832,142.839
1748268455851.0,142.833,142.84
1748268455851.0,142.833,142.84
1748268457100.0,142.832,142.839
1748268457100.0,142.832,142.839
1748268459233.0,142.831,142.838
1748268459233.0,142.831,142.838
1748268460103.0,142.832,142.839
1748268460103.0,142.832,142.839
1748268461284.0,142.831,142.838
1748268461284.0,142.831,142.838
1748268462715.0,142.832,142.839
1748268462715.0,142.832,142.839
1748268463127.0,142.833,142.84
1748268463127.0,142.833,142.84
1748268473085.0,142.836,142.843
1748268473085.0,142.836,142.843
1748268473225.0,142.839,142.846
1748268473225.0,142.839,142.846
1748268476809.0,142.833,142.84
1748268476809.0,142.833,142.84
1748268482139.0,142.833,142.84
1748268482139.0,142.833,142.84
1748268492897.0,142.835,142.842
1748268492897.0,142.835,142.842
1748268493177.0,142.834,142.841
1748268493177.0,142.834,142.841
1748268494027.0,142.833,142.84
1748268494027.0,142.833,142.84
1748268496273.0,142.834,142.841
1748268496273.0,142.834,142.841
1748268496410.0,142.833,142.84
1748268496410.0,142.833,142.84
1748268504801.0,142.835,142.842
1748268504801.0,142.835,142.842
1748268510047.0,142.839,142.846
1748268510047.0,142.839,142.846
1748268510184.0,142.84,142.847
1748268510184.0,142.84,142.847
1748268510323.0,142.841,142.848
1748268510323.0,142.841,142.848
1748268511546.0,142.836,142.843
1748268511546.0,142.836,142.843
1748268514136.0,142.839,142.846
1748268514136.0,142.839,142.846
1748268515136.0,142.838,142.845
1748268515136.0,142.838,142.845
1748268516636.0,142.839,142.846
1748268516636.0,142.839,142.846
1748268519585.0,142.837,142.844
1748268519585.0,142.837,142.844
1748268521856.0,142.839,142.846
1748268521856.0,142.839,142.846
1748268526384.0,142.832,142.839
1748268526384.0,142.832,142.839
1748268526893.0,142.834,142.841
1748268526893.0,142.834,142.841
1748268527174.0,142.836,142.843
1748268527174.0,142.836,142.843
1748268531459.0,142.837,142.844
1748268531459.0,142.837,142.844
1748268534129.0,142.842,142.849
1748268534129.0,142.842,142.849
1748268534409.0,142.841,142.848
1748268534409.0,142.841,142.848
1748268534549.0,142.839,142.846
1748268534549.0,142.839,142.846
1748268534690.0,142.838,142.845
1748268534690.0,142.838,142.845
1748268536235.0,142.834,142.841
1748268536235.0,142.834,142.841
1748268552193.0,142.84,142.847
1748268552193.0,142.84,142.847
1748268553404.0,142.838,142.845
1748268553404.0,142.838,142.845
1748268553999.0,142.837,142.844
1748268553999.0,142.837,142.844
1748268555073.0,142.833,142.84
1748268555073.0,142.833,142.84
1748268556727.0,142.823,142.83
1748268556727.0,142.823,142.83
1748268556847.0,142.822,142.829
1748268556847.0,142.822,142.829
1748268557547.0,142.823,142.83
1748268557547.0,142.823,142.83
1748268559986.0,142.822,142.829
1748268559986.0,142.822,142.829
1748268560715.0,142.82,142.827
1748268560715.0,142.82,142.827
1748268560856.0,142.821,142.828
1748268560856.0,142.821,142.828
1748268562428.0,142.82,142.827
1748268562428.0,142.82,142.827
1748268564797.0,142.816,142.823
1748268564797.0,142.816,142.823
1748268565848.0,142.818,142.825
1748268565848.0,142.818,142.825
1748268566685.0,142.817,142.824
1748268566685.0,142.817,142.824
1748268567893.0,142.819,142.826
1748268567893.0,142.819,142.826
1748268570055.0,142.822,142.829
1748268570055.0,142.822,142.829
1748268570325.0,142.824,142.831
1748268570325.0,142.824,142.831
1748268571628.0,142.825,142.832
1748268571628.0,142.825,142.832
1748268572261.0,142.827,142.834
1748268572261.0,142.827,142.834
1748268577421.0,142.828,142.835
1748268577421.0,142.828,142.835
1748268579161.0,142.827,142.834
1748268579161.0,142.827,142.834
1748268579301.0,142.826,142.833
1748268579301.0,142.826,142.833
1748268582762.0,142.827,142.834
1748268582762.0,142.827,142.834
1748268583037.0,142.828,142.835
1748268583037.0,142.828,142.835
1748268584262.0,142.827,142.834
1748268584262.0,142.827,142.834
1748268589601.0,142.829,142.836
1748268589601.0,142.829,142.836
1748268589753.0,142.828,142.835
1748268589753.0,142.828,142.835
1748268593817.0,142.827,142.834
1748268593817.0,142.827,142.834
1748268596994.0,142.828,142.835
1748268596994.0,142.828,142.835
1748268598629.0,142.833,142.84
1748268598629.0,142.833,142.84
1748268599327.0,142.832,142.839
1748268599327.0,142.832,142.839
1748268600276.0,142.833,142.84
1748268600276.0,142.833,142.84
1748268601375.0,142.837,142.844
1748268601375.0,142.837,142.844
1748268601648.0,142.836,142.843
1748268601648.0,142.836,142.843
1748268604587.0,142.835,142.842
1748268604587.0,142.835,142.842
1748268604727.0,142.836,142.843
1748268604727.0,142.836,142.843
1748268605529.0,142.832,142.839
1748268605529.0,142.832,142.839
1748268606551.0,142.829,142.836
1748268606551.0,142.829,142.836
1748268606966.0,142.831,142.838
1748268606966.0,142.831,142.838
1748268609093.0,142.832,142.839
1748268609093.0,142.832,142.839
1748268616501.0,142.831,142.838
1748268616501.0,142.831,142.838
1748268620654.0,142.833,142.84
1748268620654.0,142.833,142.84
1748268624007.0,142.84,142.847
1748268624007.0,142.84,142.847
1748268630119.0,142.847,142.854
1748268630119.0,142.847,142.854
1748268635393.0,142.845,142.852
1748268635393.0,142.845,142.852
1748268636772.0,142.843,142.85
1748268636772.0,142.843,142.85
1748268639092.0,142.842,142.849
1748268639092.0,142.842,142.849
1748268647862.0,142.846,142.853
1748268647862.0,142.846,142.853
1748268648142.0,142.843,142.85
1748268648142.0,142.843,142.85
1748268652347.0,142.844,142.851
1748268652347.0,142.844,142.851
1748268654306.0,142.843,142.85
1748268654306.0,142.843,142.85
1748268663802.0,142.85,142.857
1748268663802.0,142.85,142.857
1748268664325.0,142.848,142.855
1748268664325.0,142.848,142.855
1748268664606.0,142.849,142.856
1748268664606.0,142.849,142.856
1748268665154.0,142.851,142.858
1748268665154.0,142.851,142.858
1748268668353.0,142.849,142.856
1748268668353.0,142.849,142.856
1748268669900.0,142.844,142.851
1748268669900.0,142.844,142.851
1748268673680.0,142.846,142.853
1748268673680.0,142.846,142.853
1748268694427.0,142.84,142.847
1748268694427.0,142.84,142.847
1748268696665.0,142.836,142.843
1748268696665.0,142.836,142.843
1748268696946.0,142.835,142.842
1748268696946.0,142.835,142.842
1748268697085.0,142.834,142.841
1748268697085.0,142.834,142.841
1748268700722.0,142.832,142.839
1748268700722.0,142.832,142.839
1748268701011.0,142.833,142.84
1748268701011.0,142.833,142.84
1748268701149.0,142.832,142.839
1748268701149.0,142.832,142.839
1748268708058.0,142.833,142.84
1748268708058.0,142.833,142.84
1748268708479.0,142.83,142.837
1748268708479.0,142.83,142.837
1748268710007.0,142.829,142.836
1748268710007.0,142.829,142.836
1748268712195.0,142.831,142.838
1748268712195.0,142.831,142.838
1748268716949.0,142.83,142.837
1748268716949.0,142.83,142.837
1748268718730.0,142.829,142.836
1748268718730.0,142.829,142.836
1748268722396.0,142.834,142.841
1748268722396.0,142.834,142.841
1748268731739.0,142.837,142.844
1748268731739.0,142.837,142.844
1748268733255.0,142.838,142.845
1748268733255.0,142.838,142.845
1748268738463.0,142.837,142.844
1748268738463.0,142.837,142.844
1748268742417.0,142.835,142.842
1748268742417.0,142.835,142.842
1748268744014.0,142.834,142.841
1748268744014.0,142.834,142.841
1748268746553.0,142.829,142.836
1748268746553.0,142.829,142.836
1748268747069.0,142.834,142.841
1748268747069.0,142.834,142.841
1748268747979.0,142.833,142.84
1748268747979.0,142.833,142.84
1748268748558.0,142.834,142.841
1748268748558.0,142.834,142.841
1748268751665.0,142.833,142.84
1748268751665.0,142.833,142.84
1748268751946.0,142.839,142.846
1748268751946.0,142.839,142.846
1748268754889.0,142.84,142.847
1748268754889.0,142.84,142.847
1748268756202.0,142.841,142.848
1748268756202.0,142.841,142.848
1748268759384.0,142.838,142.845
1748268759384.0,142.838,142.845
1748268759524.0,142.837,142.844
1748268759524.0,142.837,142.844
1748268759997.0,142.843,142.85
1748268759997.0,142.843,142.85
1748268768299.0,142.842,142.849
1748268768299.0,142.842,142.849
1748268786890.0,142.84,142.847
1748268786890.0,142.84,142.847
1748268792847.0,142.825,142.832
1748268792847.0,142.825,142.832
1748268793009.0,142.824,142.831
1748268793009.0,142.824,142.831
1748268794770.0,142.819,142.826
1748268794770.0,142.819,142.826
1748268795221.0,142.82,142.827
1748268795221.0,142.82,142.827
1748268798336.0,142.819,142.826
1748268798336.0,142.819,142.826
1748268800260.0,142.818,142.825
1748268800260.0,142.818,142.825
1748268804046.0,142.819,142.826
1748268804046.0,142.819,142.826
1748268804192.0,142.822,142.829
1748268804192.0,142.822,142.829
1748268804328.0,142.819,142.826
1748268804328.0,142.819,142.826
1748268805339.0,142.818,142.825
1748268805339.0,142.818,142.825
1748268806365.0,142.819,142.826
1748268806365.0,142.819,142.826
1748268810449.0,142.828,142.835
1748268810449.0,142.828,142.835
1748268811528.0,142.827,142.834
1748268811528.0,142.827,142.834
1748268813741.0,142.825,142.832
1748268813741.0,142.825,142.832
1748268818827.0,142.823,142.83
1748268818827.0,142.823,142.83
1748268823665.0,142.822,142.829
1748268823665.0,142.822,142.829
1748268825159.0,142.821,142.828
1748268825159.0,142.821,142.828
1748268825282.0,142.82,142.827
1748268825282.0,142.82,142.827
1748268826302.0,142.821,142.828
1748268826302.0,142.821,142.828
1748268827440.0,142.82,142.827
1748268827440.0,142.82,142.827
1748268828512.0,142.822,142.829
1748268828512.0,142.822,142.829
1748268828791.0,142.821,142.828
1748268828791.0,142.821,142.828
1748268830504.0,142.822,142.829
1748268830504.0,142.822,142.829
1748268834156.0,142.829,142.836
1748268834156.0,142.829,142.836
1748268834432.0,142.832,142.839
1748268834432.0,142.832,142.839
1748268837094.0,142.83,142.837
1748268837094.0,142.83,142.837
1748268839322.0,142.832,142.839
1748268839322.0,142.832,142.839
1748268843941.0,142.83,142.837
1748268843941.0,142.83,142.837
1748268844220.0,142.829,142.836
1748268844220.0,142.829,142.836
1748268849962.0,142.83,142.837
1748268849962.0,142.83,142.837
1748268855525.0,142.833,142.84
1748268855525.0,142.833,142.84
1748268856089.0,142.832,142.839
1748268856089.0,142.832,142.839
1748268857092.0,142.833,142.84
1748268857092.0,142.833,142.84
1748268859028.0,142.832,142.839
1748268859028.0,142.832,142.839
1748268862372.0,142.831,142.838
1748268862372.0,142.831,142.838
1748268872538.0,142.832,142.839
1748268872538.0,142.832,142.839
1748268875836.0,142.83,142.837
1748268875836.0,142.83,142.837
1748268878061.0,142.827,142.834
1748268878061.0,142.827,142.834
1748268878197.0,142.829,142.836
1748268878197.0,142.829,142.836
1748268879522.0,142.83,142.837
1748268879522.0,142.83,142.837
1748268880219.0,142.828,142.835
1748268880219.0,142.828,142.835
1748268881358.0,142.83,142.837
1748268881358.0,142.83,142.837
1748268881637.0,142.832,142.839
1748268881637.0,142.832,142.839
1748268881776.0,142.838,142.845
1748268881776.0,142.838,142.845
1748268882492.0,142.839,142.846
1748268882492.0,142.839,142.846
1748268882913.0,142.841,142.848
1748268882913.0,142.841,142.848
1748268883192.0,142.84,142.847
1748268883192.0,142.84,142.847
1748268886187.0,142.844,142.851
1748268886187.0,142.844,142.851
1748268886999.0,142.843,142.85
1748268886999.0,142.843,142.85
1748268887654.0,142.848,142.855
1748268887654.0,142.848,142.855
1748268887935.0,142.847,142.854
1748268887935.0,142.847,142.854
1748268890542.0,142.845,142.852
1748268890542.0,142.845,142.852
1748268891672.0,142.845,142.852
1748268891672.0,142.845,142.852
1748268892246.0,142.849,142.856
1748268892246.0,142.849,142.856
1748268892514.0,142.848,142.855
1748268892514.0,142.848,142.855
1748268892651.0,142.849,142.856
1748268892651.0,142.849,142.856
1748268895179.0,142.85,142.857
1748268895179.0,142.85,142.857
1748268896375.0,142.848,142.855
1748268896375.0,142.848,142.855
1748268897584.0,142.846,142.853
1748268897584.0,142.846,142.853
1748268898632.0,142.847,142.854
1748268898632.0,142.847,142.854
1748268903827.0,142.844,142.851
1748268903827.0,142.844,142.851
1748268911214.0,142.845,142.852
1748268911214.0,142.845,142.852
1748268912191.0,142.844,142.851
1748268912191.0,142.844,142.851
1748268912785.0,142.845,142.852
1748268912785.0,142.845,142.852
1748268912924.0,142.846,142.853
1748268912924.0,142.846,142.853
1748268923984.0,142.845,142.852
1748268923984.0,142.845,142.852
1748268924264.0,142.846,142.853
1748268924264.0,142.846,142.853
1748268924404.0,142.848,142.855
1748268924404.0,142.848,142.855
1748268933970.0,142.849,142.856
1748268933970.0,142.849,142.856
1748268934110.0,142.85,142.857
1748268934110.0,142.85,142.857
1748268940485.0,142.846,142.853
1748268940485.0,142.846,142.853
1748268952491.0,142.849,142.856
1748268952491.0,142.849,142.856
1748268955175.0,142.848,142.855
1748268955175.0,142.848,142.855
1748268956383.0,142.849,142.856
1748268956383.0,142.849,142.856
1748268956666.0,142.851,142.858
1748268956666.0,142.851,142.858
1748268957985.0,142.852,142.859
1748268957985.0,142.852,142.859
1748268959188.0,142.85,142.857
1748268959188.0,142.85,142.857
1748268974463.0,142.848,142.855
1748268974463.0,142.848,142.855
1748268975136.0,142.844,142.851
1748268975136.0,142.844,142.851
1748268976141.0,142.837,142.844
1748268976141.0,142.837,142.844
1748268977003.0,142.835,142.842
1748268977003.0,142.835,142.842
1748268978600.0,142.833,142.84
1748268978600.0,142.833,142.84
1748268979101.0,142.832,142.839
1748268979101.0,142.832,142.839
1748268979520.0,142.834,142.841
1748268979520.0,142.834,142.841
1748268982159.0,142.832,142.839
1748268982159.0,142.832,142.839
1748268982871.0,142.834,142.841
1748268982871.0,142.834,142.841
1748268983150.0,142.836,142.843
1748268983150.0,142.836,142.843
1748268985153.0,142.831,142.838
1748268985153.0,142.831,142.838
1748268991234.0,142.832,142.839
1748268991234.0,142.832,142.839
1748268991513.0,142.835,142.842
1748268991513.0,142.835,142.842
1748268991653.0,142.833,142.84
1748268991653.0,142.833,142.84
1748268992073.0,142.834,142.841
1748268992073.0,142.834,142.841
1748268996484.0,142.833,142.84
1748268996484.0,142.833,142.84
1748268996609.0,142.832,142.839
1748268996609.0,142.832,142.839
1748268999014.0,142.834,142.841
1748268999014.0,142.834,142.841
1748268999155.0,142.833,142.84
1748268999155.0,142.833,142.84
1748269000153.0,142.832,142.839
1748269000153.0,142.832,142.839
1748269002152.0,142.831,142.838
1748269002152.0,142.831,142.838
1748269004097.0,142.833,142.84
1748269004097.0,142.833,142.84
1748269004238.0,142.832,142.839
1748269004238.0,142.832,142.839
1748269006155.0,142.833,142.84
1748269006155.0,142.833,142.84
1748269006943.0,142.834,142.841
1748269006943.0,142.834,142.841
1748269007641.0,142.841,142.848
1748269007641.0,142.841,142.848
1748269007791.0,142.842,142.849
1748269007791.0,142.842,142.849
1748269008065.0,142.843,142.85
1748269008065.0,142.843,142.85
1748269019420.0,142.847,142.854
1748269019420.0,142.847,142.854
1748269019560.0,142.848,142.855
1748269019560.0,142.848,142.855
1748269022729.0,142.85,142.857
1748269022729.0,142.85,142.857
1748269026178.0,142.847,142.854
1748269026178.0,142.847,142.854
1748269026460.0,142.846,142.853
1748269026460.0,142.846,142.853
1748269026760.0,142.845,142.852
1748269026760.0,142.845,142.852
1748269033849.0,142.842,142.849
1748269033849.0,142.842,142.849
1748269035524.0,142.833,142.84
1748269035524.0,142.833,142.84
1748269036065.0,142.834,142.841
1748269036065.0,142.834,142.841
1748269036708.0,142.835,142.842
1748269036708.0,142.835,142.842
1748269039231.0,142.834,142.841
1748269039231.0,142.834,142.841
1748269039509.0,142.835,142.842
1748269039509.0,142.835,142.842
1748269041005.0,142.836,142.843
1748269041005.0,142.836,142.843
1748269045018.0,142.835,142.842
1748269045018.0,142.835,142.842
1748269052710.0,142.834,142.841
1748269052710.0,142.834,142.841
1748269053254.0,142.835,142.842
1748269053254.0,142.835,142.842
1748269062240.0,142.833,142.84
1748269062240.0,142.833,142.84
1748269071081.0,142.83,142.837
1748269071081.0,142.83,142.837
1748269071237.0,142.828,142.835
1748269071237.0,142.828,142.835
1748269075578.0,142.825,142.832
1748269075578.0,142.825,142.832
1748269075999.0,142.823,142.83
1748269075999.0,142.823,142.83
1748269080200.0,142.82,142.827
1748269080200.0,142.82,142.827
1748269081836.0,142.817,142.824
1748269081836.0,142.817,142.824
1748269087617.0,142.819,142.826
1748269087617.0,142.819,142.826
1748269089565.0,142.821,142.828
1748269089565.0,142.821,142.828
1748269092156.0,142.82,142.827
1748269092156.0,142.82,142.827
1748269104026.0,142.818,142.825
1748269104026.0,142.818,142.825
1748269111561.0,142.819,142.826
1748269111561.0,142.819,142.826
1748269118302.0,142.818,142.825
1748269118302.0,142.818,142.825
1748269120279.0,142.813,142.82
1748269120279.0,142.813,142.82
1748269120549.0,142.812,142.819
1748269120549.0,142.812,142.819
1748269124065.0,142.814,142.821
1748269124065.0,142.814,142.821
1748269124668.0,142.813,142.82
1748269124668.0,142.813,142.82
1748269125588.0,142.812,142.819
1748269125588.0,142.812,142.819
1748269126702.0,142.816,142.823
1748269126702.0,142.816,142.823
1748269127590.0,142.815,142.822
1748269127590.0,142.815,142.822
1748269128674.0,142.816,142.823
1748269128674.0,142.816,142.823
1748269132535.0,142.817,142.824
1748269132535.0,142.817,142.824
1748269132686.0,142.816,142.823
1748269132686.0,142.816,142.823
1748269133895.0,142.819,142.826
1748269133895.0,142.819,142.826
1748269137099.0,142.817,142.824
1748269137099.0,142.817,142.824
1748269137613.0,142.819,142.826
1748269137613.0,142.819,142.826
1748269139866.0,142.821,142.828
1748269139866.0,142.821,142.828
1748269140959.0,142.82,142.827
1748269140959.0,142.82,142.827
1748269144135.0,142.819,142.826
1748269144135.0,142.819,142.826
1748269144923.0,142.817,142.824
1748269144923.0,142.817,142.824
1748269145512.0,142.816,142.823
1748269145512.0,142.816,142.823
1748269145933.0,142.81,142.817
1748269145933.0,142.81,142.817
1748269146796.0,142.812,142.819
1748269146796.0,142.812,142.819
1748269147957.0,142.811,142.818
1748269147957.0,142.811,142.818
1748269149994.0,142.812,142.819
1748269149994.0,142.812,142.819
1748269150131.0,142.813,142.82
1748269150131.0,142.813,142.82
1748269150270.0,142.812,142.819
1748269150270.0,142.812,142.819
1748269150967.0,142.811,142.818
1748269150967.0,142.811,142.818
1748269151246.0,142.812,142.819
1748269151246.0,142.812,142.819
1748269152470.0,142.816,142.823
1748269152470.0,142.816,142.823
1748269152750.0,142.814,142.821
1748269152750.0,142.814,142.821
1748269155815.0,142.816,142.823
1748269155815.0,142.816,142.823
1748269156517.0,142.817,142.824
1748269156517.0,142.817,142.824
1748269156795.0,142.82,142.827
1748269156795.0,142.82,142.827
1748269156939.0,142.819,142.826
1748269156939.0,142.819,142.826
1748269164459.0,142.827,142.834
1748269164459.0,142.827,142.834
1748269164877.0,142.825,142.832
1748269164877.0,142.825,142.832
1748269167445.0,142.824,142.831
1748269167445.0,142.824,142.831
1748269167718.0,142.823,142.83
1748269167718.0,142.823,142.83
1748269173990.0,142.825,142.832
1748269173990.0,142.825,142.832
1748269174267.0,142.827,142.834
1748269174267.0,142.827,142.834
1748269174406.0,142.825,142.832
1748269174406.0,142.825,142.832
1748269176117.0,142.82,142.827
1748269176117.0,142.82,142.827
1748269184388.0,142.819,142.826
1748269184388.0,142.819,142.826
1748269194610.0,142.818,142.825
1748269194610.0,142.818,142.825
1748269209149.0,142.819,142.826
1748269209149.0,142.819,142.826
1748269209428.0,142.817,142.824
1748269209428.0,142.817,142.824
1748269210942.0,142.818,142.825
1748269210942.0,142.818,142.825
1748269212067.0,142.817,142.824
1748269212067.0,142.817,142.824
1748269212347.0,142.814,142.821
1748269212347.0,142.814,142.821
1748269216081.0,142.812,142.819
1748269216081.0,142.812,142.819
1748269223841.0,142.804,142.811
1748269223841.0,142.804,142.811
1748269227276.0,142.803,142.81
1748269227276.0,142.803,142.81
1748269227712.0,142.804,142.811
1748269227712.0,142.804,142.811
1748269234252.0,142.803,142.81
1748269234252.0,142.803,142.81
1748269241196.0,142.806,142.813
1748269241196.0,142.806,142.813
1748269241345.0,142.807,142.814
1748269241345.0,142.807,142.814
1748269243248.0,142.804,142.811
1748269243248.0,142.804,142.811
1748269245374.0,142.806,142.813
1748269245374.0,142.806,142.813
1748269253074.0,142.805,142.812
1748269253074.0,142.805,142.812
1748269257865.0,142.809,142.816
1748269257865.0,142.809,142.816
1748269262705.0,142.818,142.825
1748269262705.0,142.818,142.825
1748269262989.0,142.816,142.823
1748269262989.0,142.816,142.823
1748269263858.0,142.815,142.822
1748269263858.0,142.815,142.822
1748269267829.0,142.809,142.816
1748269267829.0,142.809,142.816
1748269269132.0,142.806,142.813
1748269269132.0,142.806,142.813
1748269272710.0,142.802,142.809
1748269272710.0,142.802,142.809
1748269273551.0,142.804,142.811
1748269273551.0,142.804,142.811
1748269274364.0,142.802,142.809
1748269274364.0,142.802,142.809
1748269281757.0,142.804,142.811
1748269281757.0,142.804,142.811
1748269281917.0,142.807,142.814
1748269281917.0,142.807,142.814
1748269286708.0,142.806,142.813
1748269286708.0,142.806,142.813
1748269287622.0,142.808,142.815
1748269287622.0,142.808,142.815
1748269293326.0,142.8,142.807
1748269293326.0,142.8,142.807
1748269293466.0,142.798,142.805
1748269293466.0,142.798,142.805
1748269294308.0,142.794,142.801
1748269294308.0,142.794,142.801
1748269294452.0,142.795,142.802
1748269294452.0,142.795,142.802
1748269295100.0,142.797,142.804
1748269295100.0,142.797,142.804
1748269295524.0,142.795,142.802
1748269295524.0,142.795,142.802
1748269299191.0,142.798,142.805
1748269299191.0,142.798,142.805
1748269302937.0,142.797,142.804
1748269302937.0,142.797,142.804
1748269303549.0,142.798,142.805
1748269303549.0,142.798,142.805
1748269309646.0,142.799,142.806
1748269309646.0,142.799,142.806
1748269311994.0,142.8,142.807
1748269311994.0,142.8,142.807
1748269319354.0,142.802,142.809
1748269319354.0,142.802,142.809
1748269321694.0,142.801,142.808
1748269321694.0,142.801,142.808
1748269322113.0,142.802,142.809
1748269322113.0,142.802,142.809
1748269324310.0,142.799,142.806
1748269324310.0,142.799,142.806
1748269324790.0,142.802,142.809
1748269324790.0,142.802,142.809
1748269327451.0,142.799,142.806
1748269327451.0,142.799,142.806
1748269329482.0,142.801,142.808
1748269329482.0,142.801,142.808
1748269333772.0,142.8,142.807
1748269333772.0,142.8,142.807
1748269335576.0,142.799,142.806
1748269335576.0,142.799,142.806
1748269337155.0,142.798,142.805
1748269337155.0,142.798,142.805
1748269338154.0,142.799,142.806
1748269338154.0,142.799,142.806
1748269339158.0,142.798,142.805
1748269339158.0,142.798,142.805
1748269340149.0,142.799,142.806
1748269340149.0,142.799,142.806
1748269346497.0,142.792,142.812
1748269346497.0,142.792,142.812
1748269350160.0,142.791,142.813
1748269350160.0,142.791,142.813
1748269350713.0,142.793,142.815
1748269350713.0,142.793,142.815
1748269351137.0,142.792,142.813
1748269351137.0,142.792,142.813
1748269354763.0,142.794,142.814
1748269354763.0,142.794,142.814
1748269355770.0,142.796,142.816
1748269355770.0,142.796,142.816
1748269357631.0,142.793,142.813
1748269357631.0,142.793,142.813
1748269361445.0,142.792,142.811
1748269361445.0,142.792,142.811
1748269362711.0,142.797,142.807
1748269362711.0,142.797,142.807
1748269368060.0,142.793,142.81
1748269368060.0,142.793,142.81
1748269370866.0,142.797,142.807
1748269370866.0,142.797,142.807
1748269372899.0,142.793,142.81
1748269372899.0,142.793,142.81
1748269374237.0,142.803,142.82
1748269374237.0,142.803,142.82
1748269374660.0,142.801,142.817
1748269374660.0,142.801,142.817
1748269375308.0,142.802,142.819
1748269375308.0,142.802,142.819
1748269376171.0,142.805,142.815
1748269376171.0,142.805,142.815
1748269376755.0,142.803,
1748269376755.0,142.803,
1748269377177.0,142.804,142.814
1748269377177.0,142.804,142.814
1748269379500.0,142.805,142.815
1748269379500.0,142.805,142.815
1748269380653.0,142.809,142.816
1748269380653.0,142.809,142.816
1748269382653.0,142.808,142.815
1748269382653.0,142.808,142.815
1748269384268.0,142.804,142.811
1748269384268.0,142.804,142.811
1748269386156.0,142.807,142.814
1748269386156.0,142.807,142.814
1748269386573.0,142.809,142.816
1748269386573.0,142.809,142.816
1748269387156.0,142.81,142.817
1748269387156.0,142.81,142.817
1748269387296.0,142.811,142.818
1748269387296.0,142.811,142.818
1748269388166.0,142.81,142.817
1748269388166.0,142.81,142.817
1748269388987.0,142.811,142.818
1748269388987.0,142.811,142.818
1748269390902.0,142.81,142.817
1748269390902.0,142.81,142.817
1748269394402.0,142.804,142.811
1748269394402.0,142.804,142.811
1748269397954.0,142.806,142.813
1748269397954.0,142.806,142.813
1748269400208.0,142.803,142.81
1748269400208.0,142.803,142.81
1748269401053.0,142.8,142.807
1748269401053.0,142.8,142.807
1748269404136.0,142.799,142.806
1748269404136.0,142.799,142.806
1748269405126.0,142.8,142.807
1748269405126.0,142.8,142.807
1748269406292.0,142.799,142.806
1748269406292.0,142.799,142.806
1748269410495.0,142.795,142.802
1748269410495.0,142.795,142.802
1748269413988.0,142.796,142.803
1748269413988.0,142.796,142.803
1748269417365.0,142.797,142.804
1748269417365.0,142.797,142.804
1748269419488.0,142.798,142.805
1748269419488.0,142.798,142.805
1748269419626.0,142.797,142.804
1748269419626.0,142.797,142.804
1748269420951.0,142.796,142.803
1748269420951.0,142.796,142.803
1748269422678.0,142.798,142.805
1748269422678.0,142.798,142.805
1748269423998.0,142.8,142.807
1748269423998.0,142.8,142.807
1748269424138.0,142.799,142.806
1748269424138.0,142.799,142.806
1748269425812.0,142.8,142.807
1748269425812.0,142.8,142.807
1748269428207.0,142.799,142.806
1748269428207.0,142.799,142.806
1748269429154.0,142.797,142.804
1748269429154.0,142.797,142.804
1748269430720.0,142.796,142.803
1748269430720.0,142.796,142.803
1748269432133.0,142.798,142.805
1748269432133.0,142.798,142.805
1748269433896.0,142.796,142.803
1748269433896.0,142.796,142.803
1748269442052.0,142.798,142.805
1748269442052.0,142.798,142.805
1748269449556.0,142.802,142.809
1748269449556.0,142.802,142.809
1748269450134.0,142.803,142.81
1748269450134.0,142.803,142.81
1748269451631.0,142.804,142.811
1748269451631.0,142.804,142.811
1748269452148.0,142.808,142.815
1748269452148.0,142.808,142.815
1748269452806.0,142.804,142.811
1748269452806.0,142.804,142.811
1748269457883.0,142.806,142.813
1748269457883.0,142.806,142.813
1748269459896.0,142.808,142.815
1748269459896.0,142.808,142.815
1748269466242.0,142.807,142.814
1748269466242.0,142.807,142.814
1748269467392.0,142.808,142.815
1748269467392.0,142.808,142.815
1748269468155.0,142.809,142.816
1748269468155.0,142.809,142.816
1748269469945.0,142.814,142.821
1748269469945.0,142.814,142.821
1748269470083.0,142.813,142.82
1748269470083.0,142.813,142.82
1748269483081.0,142.815,142.822
1748269483081.0,142.815,142.822
1748269483358.0,142.813,142.82
1748269483358.0,142.813,142.82
1748269484585.0,142.814,142.821
1748269484585.0,142.814,142.821
1748269485760.0,142.816,142.823
1748269485760.0,142.816,142.823
1748269489809.0,142.818,142.825
1748269489809.0,142.818,142.825
1748269490741.0,142.817,142.824
1748269490741.0,142.817,142.824
1748269494502.0,142.82,142.827
1748269494502.0,142.82,142.827
1748269495196.0,142.823,142.83
1748269495196.0,142.823,142.83
1748269495616.0,142.822,142.829
1748269495616.0,142.822,142.829
1748269500185.0,142.819,142.826
1748269500185.0,142.819,142.826
1748269501025.0,142.817,142.824
1748269501025.0,142.817,142.824
1748269502152.0,142.818,142.825
1748269502152.0,142.818,142.825
1748269502304.0,142.816,142.823
1748269502304.0,142.816,142.823
1748269502712.0,142.818,142.825
1748269502712.0,142.818,142.825
1748269511225.0,142.819,142.826
1748269511225.0,142.819,142.826
1748269516679.0,142.817,142.824
1748269516679.0,142.817,142.824
1748269517261.0,142.814,142.821
1748269517261.0,142.814,142.821
1748269518481.0,142.818,142.825
1748269518481.0,142.818,142.825
1748269518620.0,142.816,142.823
1748269518620.0,142.816,142.823
1748269520791.0,142.806,142.813
1748269520791.0,142.806,142.813
1748269520948.0,142.805,142.812
1748269520948.0,142.805,142.812
1748269526728.0,142.807,142.814
1748269526728.0,142.807,142.814
1748269534025.0,142.815,142.822
1748269534025.0,142.815,142.822
1748269534164.0,142.814,142.821
1748269534164.0,142.814,142.821
1748269550558.0,142.813,142.82
1748269550558.0,142.813,142.82
1748269550833.0,142.814,142.821
1748269550833.0,142.814,142.821
1748269557013.0,142.816,142.823
1748269557013.0,142.816,142.823
1748269570416.0,142.814,142.821
1748269570416.0,142.814,142.821
1748269572190.0,142.813,142.82
1748269572190.0,142.813,142.82
1748269574275.0,142.814,142.821
1748269574275.0,142.814,142.821
1748269576099.0,142.816,142.823
1748269576099.0,142.816,142.823
1748269576240.0,142.817,142.824
1748269576240.0,142.817,142.824
1748269582700.0,142.806,142.813
1748269582700.0,142.806,142.813
1748269583543.0,142.807,142.814
1748269583543.0,142.807,142.814
1748269594636.0,142.808,142.815
1748269594636.0,142.808,142.815
1748269599617.0,142.801,142.808
1748269599617.0,142.801,142.808
1748269606577.0,142.803,142.81
1748269606577.0,142.803,142.81
1748269610155.0,142.802,142.809
1748269610155.0,142.802,142.809
1748269611153.0,142.803,142.81
1748269611153.0,142.803,142.81
1748269612154.0,142.802,142.809
1748269612154.0,142.802,142.809
1748269612728.0,142.803,142.81
1748269612728.0,142.803,142.81
1748269616997.0,142.806,142.813
1748269616997.0,142.806,142.813
1748269624969.0,142.805,142.812
1748269624969.0,142.805,142.812
1748269626494.0,142.802,142.809
1748269626494.0,142.802,142.809
1748269627092.0,142.803,142.81
1748269627092.0,142.803,142.81
1748269630572.0,142.802,142.809
1748269630572.0,142.802,142.809
1748269631066.0,142.801,142.808
1748269631066.0,142.801,142.808
1748269634875.0,142.799,142.806
1748269634875.0,142.799,142.806
1748269639939.0,142.801,142.808
1748269639939.0,142.801,142.808
1748269640362.0,142.799,142.806
1748269640362.0,142.799,142.806
1748269641310.0,142.801,142.808
1748269641310.0,142.801,142.808
1748269644205.0,142.799,142.806
1748269644205.0,142.799,142.806
1748269649159.0,142.8,142.807
1748269649159.0,142.8,142.807
1748269655029.0,142.808,142.815
1748269655029.0,142.808,142.815
1748269665790.0,142.817,142.824
1748269665790.0,142.817,142.824
1748269668608.0,142.814,142.821
1748269668608.0,142.814,142.821
1748269673772.0,142.815,142.822
1748269673772.0,142.815,142.822
1748269675447.0,142.813,142.82
1748269675447.0,142.813,142.82
1748269676445.0,142.814,142.821
1748269676445.0,142.814,142.821
1748269676586.0,142.812,142.819
1748269676586.0,142.812,142.819
1748269679292.0,142.814,142.821
1748269679292.0,142.814,142.821
1748269689812.0,142.813,142.82
1748269689812.0,142.813,142.82
1748269691038.0,142.814,142.821
1748269691038.0,142.814,142.821
1748269693247.0,142.81,142.817
1748269693247.0,142.81,142.817
1748269693987.0,142.812,142.819
1748269693987.0,142.812,142.819
1748269694124.0,142.813,142.82
1748269694124.0,142.813,142.82
1748269695210.0,142.814,142.821
1748269695210.0,142.814,142.821
1748269696058.0,142.813,142.82
1748269696058.0,142.813,142.82
1748269705184.0,142.812,142.819
1748269705184.0,142.812,142.819
1748269706434.0,142.814,142.821
1748269706434.0,142.814,142.821
1748269711787.0,142.813,142.82
1748269711787.0,142.813,142.82
1748269717515.0,142.81,142.817
1748269717515.0,142.81,142.817
1748269718153.0,142.809,142.816
1748269718153.0,142.809,142.816
1748269720161.0,142.81,142.817
1748269720161.0,142.81,142.817
1748269721130.0,142.809,142.816
1748269721130.0,142.809,142.816
1748269724794.0,142.81,142.817
1748269724794.0,142.81,142.817
1748269725075.0,142.809,142.816
1748269725075.0,142.809,142.816
1748269725636.0,142.811,142.818
1748269725636.0,142.811,142.818
1748269727154.0,142.812,142.819
1748269727154.0,142.812,142.819
1748269730489.0,142.809,142.816
1748269730489.0,142.809,142.816
1748269735024.0,142.808,142.815
1748269735024.0,142.808,142.815
1748269739919.0,142.81,142.817
1748269739919.0,142.81,142.817
1748269740482.0,142.812,142.819
1748269740482.0,142.812,142.819
1748269752156.0,142.811,142.818
1748269752156.0,142.811,142.818
1748269754384.0,142.816,142.823
1748269754384.0,142.816,142.823
1748269759113.0,142.813,142.82
1748269759113.0,142.813,142.82
1748269762333.0,142.811,142.818
1748269762333.0,142.811,142.818
1748269764162.0,142.81,142.817
1748269764162.0,142.81,142.817
1748269767206.0,142.809,142.816
1748269767206.0,142.809,142.816
1748269768809.0,142.806,142.813
1748269768809.0,142.806,142.813
1748269769085.0,142.805,142.812
1748269769085.0,142.805,142.812
1748269769367.0,142.806,142.813
1748269769367.0,142.806,142.813
1748269769505.0,142.808,142.815
1748269769505.0,142.808,142.815
1748269778658.0,142.809,142.816
1748269778658.0,142.809,142.816
1748269780550.0,142.81,142.817
1748269780550.0,142.81,142.817
1748269785545.0,142.805,142.812
1748269785545.0,142.805,142.812
1748269786108.0,142.808,142.815
1748269786108.0,142.808,142.815
1748269788278.0,142.806,142.813
1748269788278.0,142.806,142.813
1748269791485.0,142.806,142.813
1748269791485.0,142.806,142.813
1748269792073.0,142.805,142.812
1748269792073.0,142.805,142.812
1748269794171.0,142.807,142.814
1748269794171.0,142.807,142.814
1748269795293.0,142.805,142.812
1748269795293.0,142.805,142.812
1748269797074.0,142.807,142.814
1748269797074.0,142.807,142.814
1748269797354.0,142.801,142.808
1748269797354.0,142.801,142.808
1748269800257.0,142.799,142.806
1748269800257.0,142.799,142.806
1748269810737.0,142.798,142.805
1748269810737.0,142.798,142.805
1748269813100.0,142.797,142.804
1748269813100.0,142.797,142.804
1748269813762.0,142.798,142.805
1748269813762.0,142.798,142.805
1748269819280.0,142.8,142.807
1748269819280.0,142.8,142.807
1748269821653.0,142.795,142.802
1748269821653.0,142.795,142.802
1748269824247.0,142.797,142.804
1748269824247.0,142.797,142.804
1748269826425.0,142.796,142.803
1748269826425.0,142.796,142.803
1748269826842.0,142.807,142.814
1748269826842.0,142.807,142.814
1748269827126.0,142.806,142.813
1748269827126.0,142.806,142.813
1748269827852.0,142.805,142.812
1748269827852.0,142.805,142.812
1748269829590.0,142.804,142.811
1748269829590.0,142.804,142.811
1748269832312.0,142.803,142.81
1748269832312.0,142.803,142.81
1748269833673.0,142.802,142.809
1748269833673.0,142.802,142.809
1748269834157.0,142.801,142.808
1748269834157.0,142.801,142.808
1748269834820.0,142.8,142.807
1748269834820.0,142.8,142.807
1748269835836.0,142.798,142.805
1748269835836.0,142.798,142.805
1748269839882.0,142.799,142.806
1748269839882.0,142.799,142.806
1748269849386.0,142.793,142.8
1748269849386.0,142.793,142.8
1748269850989.0,142.795,142.802
1748269850989.0,142.795,142.802
1748269851269.0,142.798,142.805
1748269851269.0,142.798,142.805
1748269851690.0,142.796,142.803
1748269851690.0,142.796,142.803
1748269852109.0,142.788,142.795
1748269852109.0,142.788,142.795
1748269853341.0,142.79,142.797
1748269853341.0,142.79,142.797
1748269855087.0,142.795,142.802
1748269855087.0,142.795,142.802
1748269856053.0,142.796,142.803
1748269856053.0,142.796,142.803
1748269856943.0,142.794,142.801
1748269856943.0,142.794,142.801
1748269858030.0,142.793,142.8
1748269858030.0,142.793,142.8
1748269859079.0,142.794,142.801
1748269859079.0,142.794,142.801
1748269860398.0,142.791,142.798
1748269860398.0,142.791,142.798
1748269861333.0,142.789,142.796
1748269861333.0,142.789,142.796
1748269862426.0,142.797,142.804
1748269862426.0,142.797,142.804
1748269862706.0,142.796,142.803
1748269862706.0,142.796,142.803
1748269863093.0,142.795,142.802
1748269863093.0,142.795,142.802
1748269863652.0,142.793,142.8
1748269863652.0,142.793,142.8
1748269863931.0,142.795,142.802
1748269863931.0,142.795,142.802
1748269867142.0,142.797,142.804
1748269867142.0,142.797,142.804
1748269869631.0,142.796,142.803
1748269869631.0,142.796,142.803
1748269873898.0,142.797,142.804
1748269873898.0,142.797,142.804
1748269875911.0,142.795,142.802
1748269875911.0,142.795,142.802
1748269879153.0,142.796,142.803
1748269879153.0,142.796,142.803
1748269880240.0,142.797,142.804
1748269880240.0,142.797,142.804
1748269883922.0,142.796,142.803
1748269883922.0,142.796,142.803
1748269886277.0,142.797,142.804
1748269886277.0,142.797,142.804
1748269889728.0,142.795,142.802
1748269889728.0,142.795,142.802
1748269892485.0,142.796,142.803
1748269892485.0,142.796,142.803
1748269893041.0,142.795,142.802
1748269893041.0,142.795,142.802
1748269894157.0,142.796,142.803
1748269894157.0,142.796,142.803
1748269897268.0,142.798,142.805
1748269897268.0,142.798,142.805
1748269902186.0,142.805,142.812
1748269902186.0,142.805,142.812
1748269902606.0,142.806,142.813
1748269902606.0,142.806,142.813
1748269904117.0,142.805,142.812
1748269904117.0,142.805,142.812
1748269905222.0,142.815,142.822
1748269905222.0,142.815,142.822
1748269905642.0,142.814,142.821
1748269905642.0,142.814,142.821
1748269906440.0,142.815,142.822
1748269906440.0,142.815,142.822
1748269909173.0,142.814,142.821
1748269909173.0,142.814,142.821
1748269911003.0,142.801,142.808
1748269911003.0,142.801,142.808
1748269912582.0,142.807,142.814
1748269912582.0,142.807,142.814
1748269913190.0,142.805,142.812
1748269913190.0,142.805,142.812
1748269922481.0,142.808,142.815
1748269922481.0,142.808,142.815
1748269924382.0,142.809,142.816
1748269924382.0,142.809,142.816
1748269925070.0,142.81,142.817
1748269925070.0,142.81,142.817
1748269925350.0,142.807,142.814
1748269925350.0,142.807,142.814
1748269927051.0,142.808,142.815
1748269927051.0,142.808,142.815
1748269927193.0,142.807,142.814
1748269927193.0,142.807,142.814
1748269930386.0,142.806,142.813
1748269930386.0,142.806,142.813
1748269943255.0,142.808,142.815
1748269943255.0,142.808,142.815
1748269948585.0,142.805,142.812
1748269948585.0,142.805,142.812
1748269949687.0,142.802,142.809
1748269949687.0,142.802,142.809
1748269950519.0,142.8,142.807
1748269950519.0,142.8,142.807
1748269952505.0,142.801,142.808
1748269952505.0,142.801,142.808
1748269954143.0,142.796,142.803
1748269954143.0,142.796,142.803
1748269954431.0,142.797,142.804
1748269954431.0,142.797,142.804
1748269955571.0,142.796,142.803
1748269955571.0,142.796,142.803
1748269956210.0,142.795,142.802
1748269956210.0,142.795,142.802
1748269956955.0,142.796,142.803
1748269956955.0,142.796,142.803
1748269960092.0,142.793,142.8
1748269960092.0,142.793,142.8
1748269962414.0,142.794,142.801
1748269962414.0,142.794,142.801
1748269962974.0,142.792,142.799
1748269962974.0,142.792,142.799
1748269966349.0,142.793,142.8
1748269966349.0,142.793,142.8
1748269967284.0,142.791,142.798
1748269967284.0,142.791,142.798
1748269967560.0,142.79,142.797
1748269967560.0,142.79,142.797
1748269968821.0,142.794,142.801
1748269968821.0,142.794,142.801
1748269969659.0,142.792,142.799
1748269969659.0,142.792,142.799
1748269973677.0,142.794,142.801
1748269973677.0,142.794,142.801
1748269980342.0,142.792,142.799
1748269980342.0,142.792,142.799
1748269980480.0,142.789,142.796
1748269980480.0,142.789,142.796
1748269980620.0,142.79,142.797
1748269980620.0,142.79,142.797
1748269983741.0,142.792,142.799
1748269983741.0,142.792,142.799
1748269989122.0,142.793,142.8
1748269989122.0,142.793,142.8
1748269989975.0,142.794,142.801
1748269989975.0,142.794,142.801
1748269990115.0,142.796,142.803
1748269990115.0,142.796,142.803
1748269992185.0,142.793,142.8
1748269992185.0,142.793,142.8
1748269992465.0,142.794,142.801
1748269992465.0,142.794,142.801
1748269992745.0,142.796,142.803
1748269992745.0,142.796,142.803
1748270000228.0,142.8,142.807
1748270000228.0,142.8,142.807
1748270002229.0,142.798,142.805
1748270002229.0,142.798,142.805
1748270005081.0,142.799,142.806
1748270005081.0,142.799,142.806
1748270006448.0,142.8,142.807
1748270006448.0,142.8,142.807
1748270015408.0,142.799,142.806
1748270015408.0,142.799,142.806
1748270016677.0,142.798,142.805
1748270016677.0,142.798,142.805
1748270023903.0,142.799,142.806
1748270023903.0,142.799,142.806
1748270029876.0,142.798,142.805
1748270029876.0,142.798,142.805
1748270031430.0,142.797,142.804
1748270031430.0,142.797,142.804
1748270031850.0,142.795,142.802
1748270031850.0,142.795,142.802
1748270037355.0,142.794,142.801
1748270037355.0,142.794,142.801
1748270039764.0,142.796,142.803
1748270039764.0,142.796,142.803
1748270041418.0,142.791,142.798
1748270041418.0,142.791,142.798
1748270041560.0,142.792,142.799
1748270041560.0,142.792,142.799
1748270044220.0,142.793,142.8
1748270044220.0,142.793,142.8
1748270052766.0,142.792,142.799
1748270052766.0,142.792,142.799
1748270061491.0,142.793,142.8
1748270061491.0,142.793,142.8
1748270064696.0,142.792,142.799
1748270064696.0,142.792,142.799
1748270066863.0,142.789,142.796
1748270066863.0,142.789,142.796
1748270069091.0,142.788,142.795
1748270069091.0,142.788,142.795
1748270084627.0,142.794,142.801
1748270084627.0,142.794,142.801
1748270086584.0,142.793,142.8
1748270086584.0,142.793,142.8
1748270093257.0,142.791,142.798
1748270093257.0,142.791,142.798
1748270093713.0,142.793,142.8
1748270093713.0,142.793,142.8
1748270098257.0,142.79,142.797
1748270098257.0,142.79,142.797
1748270098722.0,142.791,142.798
1748270098722.0,142.791,142.798
1748270100341.0,142.788,142.795
1748270100341.0,142.788,142.795
1748270100802.0,142.787,142.794
1748270100802.0,142.787,142.794
1748270101970.0,142.783,142.79
1748270101970.0,142.783,142.79
1748270109519.0,142.784,142.791
1748270109519.0,142.784,142.791
1748270112502.0,142.782,142.789
1748270112502.0,142.782,142.789
1748270113342.0,142.783,142.79
1748270113342.0,142.783,142.79
1748270113625.0,142.79,142.797
1748270113625.0,142.79,142.797
1748270115352.0,142.788,142.795
1748270115352.0,142.788,142.795
1748270117154.0,142.786,142.793
1748270117154.0,142.786,142.793
1748270121329.0,142.787,142.794
1748270121329.0,142.787,142.794
1748270124163.0,142.788,142.795
1748270124163.0,142.788,142.795
1748270125154.0,142.787,142.794
1748270125154.0,142.787,142.794
1748270125435.0,142.786,142.793
1748270125435.0,142.786,142.793
1748270127530.0,142.784,142.791
1748270127530.0,142.784,142.791
1748270129874.0,142.78,142.787
1748270129874.0,142.78,142.787
1748270130011.0,142.782,142.789
1748270130011.0,142.782,142.789
1748270134148.0,142.784,142.791
1748270134148.0,142.784,142.791
1748270141736.0,142.779,142.786
1748270141736.0,142.779,142.786
1748270142431.0,142.78,142.787
1748270142431.0,142.78,142.787
1748270143394.0,142.778,142.785
1748270143394.0,142.778,142.785
1748270153307.0,142.788,142.795
1748270153307.0,142.788,142.795
1748270155286.0,142.789,142.796
1748270155286.0,142.789,142.796
1748270161618.0,142.793,142.8
1748270161618.0,142.793,142.8
1748270163138.0,142.796,142.803
1748270163138.0,142.796,142.803
1748270163629.0,142.795,142.802
1748270163629.0,142.795,142.802
1748270165441.0,142.793,142.8
1748270165441.0,142.793,142.8
1748270170512.0,142.794,142.801
1748270170512.0,142.794,142.801
1748270174152.0,142.795,142.802
1748270174152.0,142.795,142.802
1748270174574.0,142.799,142.806
1748270174574.0,142.799,142.806
1748270179434.0,142.804,142.811
1748270179434.0,142.804,142.811
1748270182375.0,142.802,142.809
1748270182375.0,142.802,142.809
1748270182799.0,142.8,142.807
1748270182799.0,142.8,142.807
1748270185171.0,142.803,142.81
1748270185171.0,142.803,142.81
1748270186453.0,142.802,142.809
1748270186453.0,142.802,142.809
1748270188188.0,142.801,142.808
1748270188188.0,142.801,142.808
1748270188331.0,142.8,142.807
1748270188331.0,142.8,142.807
1748270190881.0,142.799,142.806
1748270190881.0,142.799,142.806
1748270195935.0,142.802,142.809
1748270195935.0,142.802,142.809
1748270198390.0,142.801,142.808
1748270198390.0,142.801,142.808
1748270212299.0,142.802,142.809
1748270212299.0,142.802,142.809
1748270214998.0,142.801,142.808
1748270214998.0,142.801,142.808
1748270216221.0,142.804,142.811
1748270216221.0,142.804,142.811
1748270218549.0,142.802,142.809
1748270218549.0,142.802,142.809
1748270220239.0,142.81,142.817
1748270220239.0,142.81,142.817
1748270221811.0,142.807,142.814
1748270221811.0,142.807,142.814
1748270222091.0,142.808,142.815
1748270222091.0,142.808,142.815
1748270224330.0,142.806,142.813
1748270224330.0,142.806,142.813
1748270233435.0,142.807,142.814
1748270233435.0,142.807,142.814
1748270234141.0,142.802,142.809
1748270234141.0,142.802,142.809
1748270237134.0,142.803,142.81
1748270237134.0,142.803,142.81
1748270237899.0,142.801,142.808
1748270237899.0,142.801,142.808
1748270238757.0,142.8,142.807
1748270238757.0,142.8,142.807
1748270250071.0,142.794,142.801
1748270250071.0,142.794,142.801
1748270250491.0,142.796,142.803
1748270250491.0,142.796,142.803
1748270250775.0,142.794,142.801
1748270250775.0,142.794,142.801
1748270268611.0,142.793,142.8
1748270268611.0,142.793,142.8
1748270268891.0,142.794,142.801
1748270268891.0,142.794,142.801
1748270273045.0,142.792,142.799
1748270273045.0,142.792,142.799
1748270274945.0,142.796,142.803
1748270274945.0,142.796,142.803
1748270280162.0,142.789,142.796
1748270280162.0,142.789,142.796
1748270280329.0,142.788,142.795
1748270280329.0,142.788,142.795
1748270281256.0,142.785,142.792
1748270281256.0,142.785,142.792
1748270283257.0,142.78,142.787
1748270283257.0,142.78,142.787
1748270285982.0,142.779,142.786
1748270285982.0,142.779,142.786
1748270287106.0,142.783,142.79
1748270287106.0,142.783,142.79
1748270295565.0,142.782,142.789
1748270295565.0,142.782,142.789
1748270296528.0,142.783,142.79
1748270296528.0,142.783,142.79
1748270302399.0,142.784,142.791
1748270302399.0,142.784,142.791
1748270302713.0,142.783,142.79
1748270302713.0,142.783,142.79
1748270302978.0,142.786,142.793
1748270302978.0,142.786,142.793
1748270303866.0,142.785,142.792
1748270303866.0,142.785,142.792
1748270306520.0,142.786,142.793
1748270306520.0,142.786,142.793
1748270308481.0,142.795,142.802
1748270308481.0,142.795,142.802
1748270308621.0,142.793,142.8
1748270308621.0,142.793,142.8
1748270308759.0,142.792,142.799
1748270308759.0,142.792,142.799
1748270312554.0,142.793,142.8
1748270312554.0,142.793,142.8
1748270314227.0,142.795,142.802
1748270314227.0,142.795,142.802
1748270314510.0,142.794,142.801
1748270314510.0,142.794,142.801
1748270315620.0,142.793,142.8
1748270315620.0,142.793,142.8
1748270315756.0,142.792,142.799
1748270315756.0,142.792,142.799
1748270316351.0,142.791,142.798
1748270316351.0,142.791,142.798
1748270317146.0,142.793,142.8
1748270317146.0,142.793,142.8
1748270317687.0,142.792,142.799
1748270317687.0,142.792,142.799
1748270321011.0,142.791,142.798
1748270321011.0,142.791,142.798
1748270325697.0,142.792,142.799
1748270325697.0,142.792,142.799
1748270329607.0,142.791,142.798
1748270329607.0,142.791,142.798
1748270330031.0,142.792,142.799
1748270330031.0,142.792,142.799
1748270336315.0,142.79,142.797
1748270336315.0,142.79,142.797
1748270342705.0,142.785,142.792
1748270342705.0,142.785,142.792
1748270343677.0,142.781,142.788
1748270343677.0,142.781,142.788
1748270346165.0,142.78,142.787
1748270346165.0,142.78,142.787
1748270346586.0,142.783,142.79
1748270346586.0,142.783,142.79
1748270354580.0,142.782,142.789
1748270354580.0,142.782,142.789
1748270357028.0,142.783,142.79
1748270357028.0,142.783,142.79
1748270357808.0,142.776,142.783
1748270357808.0,142.776,142.783
1748270361316.0,142.783,142.79
1748270361316.0,142.783,142.79
1748270363816.0,142.784,142.791
1748270363816.0,142.784,142.791
1748270364236.0,142.785,142.792
1748270364236.0,142.785,142.792
1748270364655.0,142.786,142.793
1748270364655.0,142.786,142.793
1748270366353.0,142.788,142.795
1748270366353.0,142.788,142.795
1748270370923.0,142.786,142.793
1748270370923.0,142.786,142.793
1748270372903.0,142.787,142.794
1748270372903.0,142.787,142.794
1748270374046.0,142.791,142.798
1748270374046.0,142.791,142.798
1748270374188.0,142.792,142.799
1748270374188.0,142.792,142.799
1748270376128.0,142.794,142.801
1748270376128.0,142.794,142.801
1748270376793.0,142.792,142.799
1748270376793.0,142.792,142.799
1748270383259.0,142.789,142.796
1748270383259.0,142.789,142.796
1748270387115.0,142.785,142.792
1748270387115.0,142.785,142.792
1748270387393.0,142.78,142.787
1748270387393.0,142.78,142.787
1748270387812.0,142.779,142.786
1748270387812.0,142.779,142.786
1748270396262.0,142.78,142.787
1748270396262.0,142.78,142.787
1748270400340.0,142.779,142.786
1748270400340.0,142.779,142.786
1748270403516.0,142.778,142.785
1748270403516.0,142.778,142.785
1748270403797.0,142.777,142.784
1748270403797.0,142.777,142.784
1748270411371.0,142.778,142.785
1748270411371.0,142.778,142.785
1748270411505.0,142.779,142.786
1748270411505.0,142.779,142.786
1748270413915.0,142.778,142.785
1748270413915.0,142.778,142.785
1748270414415.0,142.779,142.786
1748270414415.0,142.779,142.786
1748270416033.0,142.787,142.794
1748270416033.0,142.787,142.794
1748270421931.0,142.788,142.795
1748270421931.0,142.788,142.795
1748270423273.0,142.789,142.796
1748270423273.0,142.789,142.796
1748270426128.0,142.788,142.795
1748270426128.0,142.788,142.795
1748270427006.0,142.789,142.796
1748270427006.0,142.789,142.796
1748270433878.0,142.794,142.801
1748270433878.0,142.794,142.801
1748270434131.0,142.796,142.803
1748270434131.0,142.796,142.803
1748270435652.0,142.797,142.804
1748270435652.0,142.797,142.804
1748270437954.0,142.798,142.805
1748270437954.0,142.798,142.805
1748270438078.0,142.799,142.806
1748270438078.0,142.799,142.806
1748270441082.0,142.8,142.807
1748270441082.0,142.8,142.807
1748270441362.0,142.799,142.806
1748270441362.0,142.799,142.806
1748270442458.0,142.798,142.805
1748270442458.0,142.798,142.805
1748270443016.0,142.794,142.801
1748270443016.0,142.794,142.801
1748270447385.0,142.792,142.799
1748270447385.0,142.792,142.799
1748270448557.0,142.792,142.799
1748270448557.0,142.792,142.799
1748270450100.0,142.784,142.791
1748270450100.0,142.784,142.791
1748270451734.0,142.783,142.79
1748270451734.0,142.783,142.79
1748270451874.0,142.782,142.789
1748270451874.0,142.782,142.789
1748270454225.0,142.78,142.787
1748270454225.0,142.78,142.787
1748270454923.0,142.783,142.79
1748270454923.0,142.783,142.79
1748270456999.0,142.78,142.787
1748270456999.0,142.78,142.787
1748270461469.0,142.778,142.785
1748270461469.0,142.778,142.785
1748270472509.0,142.787,142.794
1748270472509.0,142.787,142.794
1748270476920.0,142.788,142.795
1748270476920.0,142.788,142.795
1748270477922.0,142.787,142.794
1748270477922.0,142.787,142.794
1748270478070.0,142.79,142.797
1748270478070.0,142.79,142.797
1748270479002.0,142.789,142.796
1748270479002.0,142.789,142.796
1748270487040.0,142.791,142.798
1748270487040.0,142.791,142.798
1748270494351.0,142.792,142.799
1748270494351.0,142.792,142.799
1748270494770.0,142.791,142.798
1748270494770.0,142.791,142.798
1748270496581.0,142.789,142.796
1748270496581.0,142.789,142.796
1748270507191.0,142.792,142.799
1748270507191.0,142.792,142.799
1748270508732.0,142.788,142.795
1748270508732.0,142.788,142.795
1748270510896.0,142.788,142.795
1748270510896.0,142.788,142.795
1748270518076.0,142.789,142.796
1748270518076.0,142.789,142.796
1748270518969.0,142.79,142.797
1748270518969.0,142.79,142.797
1748270520368.0,142.788,142.795
1748270520368.0,142.788,142.795
1748270520509.0,142.789,142.796
1748270520509.0,142.789,142.796
1748270524635.0,142.787,142.794
1748270524635.0,142.787,142.794
1748270527886.0,142.789,142.796
1748270527886.0,142.789,142.796
1748270528165.0,142.787,142.794
1748270528165.0,142.787,142.794
1748270531536.0,142.788,142.795
1748270531536.0,142.788,142.795
1748270532302.0,142.792,142.799
1748270532302.0,142.792,142.799
1748270533736.0,142.789,142.796
1748270533736.0,142.789,142.796
1748270536612.0,142.788,142.795
1748270536612.0,142.788,142.795
1748270540745.0,142.79,142.797
1748270540745.0,142.79,142.797
1748270544424.0,142.788,142.795
1748270544424.0,142.788,142.795
1748270547192.0,142.786,142.793
1748270547192.0,142.786,142.793
1748270548504.0,142.782,142.789
1748270548504.0,142.782,142.789
1748270548643.0,142.78,142.787
1748270548643.0,142.78,142.787
1748270549061.0,142.778,142.794
1748270549061.0,142.778,142.794
1748270550667.0,142.777,142.792
1748270550667.0,142.777,142.792
1748270557576.0,142.773,142.789
1748270557576.0,142.773,142.789
1748270558496.0,142.767,142.783
1748270558496.0,142.767,142.783
1748270558640.0,142.769,142.784
1748270558640.0,142.769,142.784
1748270558775.0,142.772,142.782
1748270558775.0,142.772,142.782
1748270560060.0,142.774,142.781
1748270560060.0,142.774,142.781
1748270564774.0,142.773,142.78
1748270564774.0,142.773,142.78
1748270565054.0,142.774,142.781
1748270565054.0,142.774,142.781
1748270567488.0,142.773,142.78
1748270567488.0,142.773,142.78
1748270573117.0,142.768,142.775
1748270573117.0,142.768,142.775
1748270573397.0,142.769,142.776
1748270573397.0,142.769,142.776
1748270581251.0,142.768,142.775
1748270581251.0,142.768,142.775
1748270585127.0,142.767,142.774
1748270585127.0,142.767,142.774
1748270588843.0,142.768,142.775
1748270588843.0,142.768,142.775
1748270592609.0,142.77,142.777
1748270592609.0,142.77,142.777
1748270593224.0,142.769,142.776
1748270593224.0,142.769,142.776
1748270598762.0,142.765,142.781
1748270598762.0,142.765,142.781
1748270601128.0,142.766,142.782
1748270601128.0,142.766,142.782
1748270601271.0,142.765,142.781
1748270601271.0,142.765,142.781
1748270605554.0,142.76,142.776
1748270605554.0,142.76,142.776
1748270610018.0,142.761,142.777
1748270610018.0,142.761,142.777
1748270617130.0,142.765,142.78
1748270617130.0,142.765,142.78
1748270621255.0,142.77,
1748270621255.0,142.77,
1748270625470.0,142.774,142.784
1748270625470.0,142.774,142.784
1748270637726.0,142.776,142.786
1748270637726.0,142.776,142.786
1748270646611.0,142.777,142.787
1748270646611.0,142.777,142.787
1748270647600.0,142.779,142.789
1748270647600.0,142.779,142.789
1748270649466.0,142.776,142.792
1748270649466.0,142.776,142.792
1748270651497.0,142.774,142.795
1748270651497.0,142.774,142.795
1748270652339.0,142.775,142.796
1748270652339.0,142.775,142.796
1748270652723.0,142.769,142.789
1748270652723.0,142.769,142.789
1748270662530.0,142.77,
1748270662530.0,142.77,
1748270675307.0,,142.788
1748270675307.0,,142.788
1748270679594.0,142.771,142.789
1748270679594.0,142.771,142.789
1748270680766.0,,142.788
1748270680766.0,,142.788
1748270682108.0,142.778,142.796
1748270682108.0,142.778,142.796
1748270687177.0,142.78,142.797
1748270687177.0,142.78,142.797
1748270692233.0,142.781,
1748270692233.0,142.781,
1748270693804.0,142.784,142.794
1748270693804.0,142.784,142.794
1748270694228.0,142.778,142.788
1748270694228.0,142.778,142.788
1748270695227.0,142.779,142.789
1748270695227.0,142.779,142.789
1748270695646.0,142.78,142.79
1748270695646.0,142.78,142.79
1748270698195.0,142.781,142.788
1748270698195.0,142.781,142.788
1748270699870.0,142.782,142.789
1748270699870.0,142.782,142.789
1748270700433.0,142.781,142.788
1748270700433.0,142.781,142.788
1748270700569.0,142.78,142.787
1748270700569.0,142.78,142.787
1748270712752.0,142.776,142.783
1748270712752.0,142.776,142.783
1748270716667.0,142.772,142.779
1748270716667.0,142.772,142.779
1748270716945.0,142.775,142.782
1748270716945.0,142.775,142.782
1748270720533.0,142.778,142.785
1748270720533.0,142.778,142.785
1748270722511.0,142.783,142.79
1748270722511.0,142.783,142.79
1748270722931.0,142.782,142.789
1748270722931.0,142.782,142.789
1748270733396.0,142.784,142.791
1748270733396.0,142.784,142.791
1748270733677.0,142.782,142.789
1748270733677.0,142.782,142.789
1748270739348.0,142.781,142.788
1748270739348.0,142.781,142.788
1748270765110.0,142.779,142.786
1748270765110.0,142.779,142.786
1748270777957.0,142.78,142.787
1748270777957.0,142.78,142.787
1748270780710.0,142.779,142.786
1748270780710.0,142.779,142.786
1748270781130.0,142.778,142.785
1748270781130.0,142.778,142.785
1748270782168.0,142.775,142.782
1748270782168.0,142.775,142.782
1748270784251.0,142.777,142.784
1748270784251.0,142.777,142.784
1748270787469.0,142.778,142.785
1748270787469.0,142.778,142.785
1748270802586.0,142.777,142.784
1748270802586.0,142.777,142.784
1748270804532.0,142.775,142.782
1748270804532.0,142.775,142.782
1748270806366.0,142.778,142.785
1748270806366.0,142.778,142.785
1748270806507.0,142.779,142.786
1748270806507.0,142.779,142.786
1748270813822.0,142.782,142.789
1748270813822.0,142.782,142.789
1748270817368.0,142.779,142.786
1748270817368.0,142.779,142.786
1748270817647.0,142.783,142.79
1748270817647.0,142.783,142.79
1748270832409.0,142.781,142.788
1748270832409.0,142.781,142.788
1748270837227.0,142.782,142.789
1748270837227.0,142.782,142.789
1748270845217.0,142.781,142.788
1748270845217.0,142.781,142.788
1748270846099.0,142.782,142.789
1748270846099.0,142.782,142.789
1748270856291.0,142.781,142.788
1748270856291.0,142.781,142.788
1748270856570.0,142.778,142.785
1748270856570.0,142.778,142.785
1748270857805.0,142.78,142.787
1748270857805.0,142.78,142.787
1748270858078.0,142.781,142.788
1748270858078.0,142.781,142.788
1748270860547.0,142.779,142.786
1748270860547.0,142.779,142.786
1748270863556.0,142.78,142.787
1748270863556.0,142.78,142.787
1748270866021.0,142.781,142.788
1748270866021.0,142.781,142.788
1748270868128.0,142.78,142.787
1748270868128.0,142.78,142.787
1748270868548.0,142.786,142.793
1748270868548.0,142.786,142.793
1748270878409.0,142.787,142.794
1748270878409.0,142.787,142.794
1748270879958.0,142.789,142.796
1748270879958.0,142.789,142.796
1748270880236.0,142.787,142.794
1748270880236.0,142.787,142.794
1748270881535.0,142.786,142.793
1748270881535.0,142.786,142.793
1748270890399.0,142.781,142.788
1748270890399.0,142.781,142.788
1748270894037.0,142.782,142.789
1748270894037.0,142.782,142.789
1748270897355.0,142.781,142.788
1748270897355.0,142.781,142.788
1748270899602.0,142.78,142.787
1748270899602.0,142.78,142.787
1748270900266.0,142.781,142.788
1748270900266.0,142.781,142.788
1748270901888.0,142.779,142.786
1748270901888.0,142.779,142.786
1748270916407.0,142.778,142.785
1748270916407.0,142.778,142.785
1748270921974.0,142.776,142.783
1748270921974.0,142.776,142.783
1748270925782.0,142.774,142.781
1748270925782.0,142.774,142.781
1748270925923.0,142.775,142.782
1748270925923.0,142.775,142.782
1748270934679.0,142.774,142.781
1748270934679.0,142.774,142.781
1748270938078.0,142.769,142.776
1748270938078.0,142.769,142.776
1748270939789.0,142.773,142.78
1748270939789.0,142.773,142.78
1748270940070.0,142.775,142.782
1748270940070.0,142.775,142.782
1748270940517.0,142.776,142.783
1748270940517.0,142.776,142.783
1748270941359.0,142.779,142.786
1748270941359.0,142.779,142.786
1748270941639.0,142.778,142.785
1748270941639.0,142.778,142.785
1748270945309.0,142.777,142.784
1748270945309.0,142.777,142.784
1748270946293.0,142.779,142.786
1748270946293.0,142.779,142.786
1748270947446.0,142.785,142.792
1748270947446.0,142.785,142.792
1748270953998.0,142.783,142.79
1748270953998.0,142.783,142.79
1748270955725.0,142.782,142.789
1748270955725.0,142.782,142.789
1748270958397.0,142.789,142.796
1748270958397.0,142.789,142.796
1748270959040.0,142.788,142.795
1748270959040.0,142.788,142.795
1748270959320.0,142.787,142.794
1748270959320.0,142.787,142.794
1748270963467.0,142.782,142.789
1748270963467.0,142.782,142.789
1748270965121.0,142.772,142.779
1748270965121.0,142.772,142.779
1748270965268.0,142.771,142.778
1748270965268.0,142.771,142.778
1748270967586.0,142.772,142.779
1748270967586.0,142.772,142.779
1748270969355.0,142.774,142.781
1748270969355.0,142.774,142.781
1748270970351.0,142.773,142.78
1748270970351.0,142.773,142.78
1748270971371.0,142.772,142.779
1748270971371.0,142.772,142.779
1748270971510.0,142.773,142.78
1748270971510.0,142.773,142.78
1748270979610.0,142.759,142.766
1748270979610.0,142.759,142.766
1748270980030.0,142.758,142.765
1748270980030.0,142.758,142.765
1748270981619.0,142.752,142.759
1748270981619.0,142.752,142.759
1748270985263.0,142.751,142.758
1748270985263.0,142.751,142.758
1748270985824.0,142.753,142.76
1748270985824.0,142.753,142.76
1748270988344.0,142.755,142.762
1748270988344.0,142.755,142.762
1748270992658.0,142.763,142.77
1748270992658.0,142.763,142.77
1748270994937.0,142.762,142.769
1748270994937.0,142.762,142.769
1748270995674.0,142.756,142.763
1748270995674.0,142.756,142.763
1748270997377.0,142.755,142.762
1748270997377.0,142.755,142.762
1748271000194.0,142.751,142.758
1748271000194.0,142.751,142.758
1748271004389.0,142.749,142.756
1748271004389.0,142.749,142.756
1748271004809.0,142.751,142.758
1748271004809.0,142.751,142.758
1748271009655.0,142.753,142.76
1748271009655.0,142.753,142.76
1748271011657.0,142.756,142.763
1748271011657.0,142.756,142.763
1748271015233.0,142.755,142.762
1748271015233.0,142.755,142.762
1748271026218.0,142.752,142.759
1748271026218.0,142.752,142.759
1748271032336.0,142.751,142.758
1748271032336.0,142.751,142.758
1748271032477.0,142.75,142.757
1748271032477.0,142.75,142.757
1748271032616.0,142.749,142.756
1748271032616.0,142.749,142.756
1748271046908.0,142.748,142.755
1748271046908.0,142.748,142.755
1748271047191.0,142.749,142.756
1748271047191.0,142.749,142.756
1748271047332.0,142.757,142.764
1748271047332.0,142.757,142.764
1748271047747.0,142.754,142.761
1748271047747.0,142.754,142.761
1748271050944.0,142.756,142.763
1748271050944.0,142.756,142.763
1748271053565.0,142.762,142.769
1748271053565.0,142.762,142.769
1748271054132.0,142.769,142.776
1748271054132.0,142.769,142.776
1748271056924.0,142.766,142.773
1748271056924.0,142.766,142.773
1748271059980.0,142.768,142.775
1748271059980.0,142.768,142.775
1748271060400.0,142.766,142.773
1748271060400.0,142.766,142.773
1748271062986.0,142.768,142.775
1748271062986.0,142.768,142.775
1748271069977.0,142.765,142.772
1748271069977.0,142.765,142.772
1748271070101.0,142.761,142.768
1748271070101.0,142.761,142.768
1748271070240.0,142.76,142.767
1748271070240.0,142.76,142.767
1748271071224.0,142.762,142.769
1748271071224.0,142.762,142.769
1748271075578.0,142.76,142.767
1748271075578.0,142.76,142.767
1748271076807.0,142.761,142.768
1748271076807.0,142.761,142.768
1748271077975.0,142.76,142.767
1748271077975.0,142.76,142.767
1748271078891.0,142.762,142.769
1748271078891.0,142.762,142.769
1748271080036.0,142.765,142.772
1748271080036.0,142.765,142.772
1748271080466.0,142.774,142.781
1748271080466.0,142.774,142.781
1748271083554.0,142.778,142.785
1748271083554.0,142.778,142.785
1748271083702.0,142.777,142.784
1748271083702.0,142.777,142.784
1748271083833.0,142.776,142.783
1748271083833.0,142.776,142.783
1748271086449.0,142.773,142.78
1748271086449.0,142.773,142.78
1748271087009.0,142.774,142.781
1748271087009.0,142.774,142.781
1748271091489.0,142.764,142.771
1748271091489.0,142.764,142.771
1748271101866.0,142.765,142.772
1748271101866.0,142.765,142.772
1748271108466.0,142.767,142.774
1748271108466.0,142.767,142.774
1748271109737.0,142.762,142.769
1748271109737.0,142.762,142.769
1748271111084.0,142.765,142.772
1748271111084.0,142.765,142.772
1748271120550.0,142.768,142.775
1748271120550.0,142.768,142.775
1748271120689.0,142.766,142.773
1748271120689.0,142.766,142.773
1748271121456.0,142.767,142.774
1748271121456.0,142.767,142.774
1748271126480.0,142.768,142.775
1748271126480.0,142.768,142.775
1748271127427.0,142.77,142.777
1748271127427.0,142.77,142.777
1748271127567.0,142.769,142.776
1748271127567.0,142.769,142.776
1748271128556.0,142.768,142.775
1748271128556.0,142.768,142.775
1748271129653.0,142.766,142.773
1748271129653.0,142.766,142.773
1748271138834.0,142.769,142.776
1748271138834.0,142.769,142.776
1748271149430.0,142.771,142.778
1748271149430.0,142.771,142.778
1748271149567.0,142.77,142.777
1748271149567.0,142.77,142.777
1748271152428.0,142.776,142.783
1748271152428.0,142.776,142.783
1748271153371.0,142.774,142.781
1748271153371.0,142.774,142.781
1748271154378.0,142.767,142.774
1748271154378.0,142.767,142.774
1748271165348.0,142.76,142.767
1748271165348.0,142.76,142.767
1748271166222.0,142.761,142.768
1748271166222.0,142.761,142.768
1748271167437.0,142.76,142.767
1748271167437.0,142.76,142.767
1748271171256.0,142.757,142.764
1748271171256.0,142.757,142.764
1748271176799.0,142.758,142.765
1748271176799.0,142.758,142.765
1748271178675.0,142.754,142.761
1748271178675.0,142.754,142.761
1748271180869.0,142.752,142.759
1748271180869.0,142.752,142.759
1748271183366.0,142.753,142.76
1748271183366.0,142.753,142.76
1748271186972.0,142.757,142.764
1748271186972.0,142.757,142.764
1748271199208.0,142.758,142.765
1748271199208.0,142.758,142.765
1748271200143.0,142.764,142.771
1748271200143.0,142.764,142.771
1748271208546.0,142.765,142.772
1748271208546.0,142.765,142.772
1748271211396.0,142.764,142.771
1748271211396.0,142.764,142.771
1748271212625.0,142.765,142.772
1748271212625.0,142.765,142.772
1748271214326.0,142.766,142.773
1748271214326.0,142.766,142.773
1748271216486.0,142.765,142.772
1748271216486.0,142.765,142.772
1748271228715.0,142.768,142.775
1748271228715.0,142.768,142.775
1748271229819.0,142.769,142.776
1748271229819.0,142.769,142.776
1748271231788.0,142.768,142.775
1748271231788.0,142.768,142.775
1748271233256.0,142.769,142.776
1748271233256.0,142.769,142.776
1748271234096.0,142.768,142.775
1748271234096.0,142.768,142.775
1748271234998.0,142.766,142.773
1748271234998.0,142.766,142.773
1748271238257.0,142.768,142.775
1748271238257.0,142.768,142.775
1748271259578.0,142.769,142.776
1748271259578.0,142.769,142.776
1748271269064.0,142.77,142.777
1748271269064.0,142.77,142.777
1748271271049.0,142.768,142.775
1748271271049.0,142.768,142.775
1748271275260.0,142.765,142.772
1748271275260.0,142.765,142.772
1748271282958.0,142.767,142.774
1748271282958.0,142.767,142.774
1748271283657.0,142.768,142.775
1748271283657.0,142.768,142.775
1748271290001.0,142.769,142.776
1748271290001.0,142.769,142.776
1748271296228.0,142.773,142.78
1748271296228.0,142.773,142.78
1748271297304.0,142.771,142.778
1748271297304.0,142.771,142.778
1748271297594.0,142.77,142.777
1748271297594.0,142.77,142.777
1748271297727.0,142.769,142.776
1748271297727.0,142.769,142.776
1748271298495.0,142.765,142.772
1748271298495.0,142.765,142.772
1748271298655.0,142.768,142.775
1748271298655.0,142.768,142.775
1748271303846.0,142.767,142.774
1748271303846.0,142.767,142.774
1748271305281.0,142.773,142.78
1748271305281.0,142.773,142.78
1748271306069.0,142.771,142.778
1748271306069.0,142.771,142.778
1748271307020.0,142.772,142.779
1748271307020.0,142.772,142.779
1748271308154.0,142.771,142.778
1748271308154.0,142.771,142.778
1748271309432.0,142.772,142.779
1748271309432.0,142.772,142.779
1748271310019.0,142.771,142.778
1748271310019.0,142.771,142.778
1748271310301.0,142.77,142.777
1748271310301.0,142.77,142.777
1748271310446.0,142.771,142.778
1748271310446.0,142.771,142.778
1748271311931.0,142.776,142.783
1748271311931.0,142.776,142.783
1748271312073.0,142.777,142.784
1748271312073.0,142.777,142.784
1748271315065.0,142.782,142.789
1748271315065.0,142.782,142.789
1748271315346.0,142.783,142.79
1748271315346.0,142.783,142.79
1748271315629.0,142.78,142.787
1748271315629.0,142.78,142.787
1748271317768.0,142.778,142.785
1748271317768.0,142.778,142.785
1748271320821.0,142.781,142.788
1748271320821.0,142.781,142.788
1748271324052.0,142.781,142.788
1748271324052.0,142.781,142.788
1748271326606.0,142.778,142.785
1748271326606.0,142.778,142.785
1748271326747.0,142.779,142.786
1748271326747.0,142.779,142.786
1748271330892.0,142.781,142.788
1748271330892.0,142.781,142.788
1748271331173.0,142.78,142.787
1748271331173.0,142.78,142.787
1748271332213.0,142.779,142.786
1748271332213.0,142.779,142.786
1748271334132.0,142.781,142.788
1748271334132.0,142.781,142.788
1748271336325.0,142.779,142.786
1748271336325.0,142.779,142.786
1748271344847.0,142.784,142.791
1748271344847.0,142.784,142.791
1748271344981.0,142.782,142.789
1748271344981.0,142.782,142.789
1748271345730.0,142.779,142.786
1748271345730.0,142.779,142.786
1748271347905.0,142.782,142.789
1748271347905.0,142.782,142.789
1748271350295.0,142.786,142.793
1748271350295.0,142.786,142.793
1748271358909.0,142.785,142.792
1748271358909.0,142.785,142.792
1748271359638.0,142.784,142.791
1748271359638.0,142.784,142.791
1748271362634.0,142.783,142.79
1748271362634.0,142.783,142.79
1748271363254.0,142.782,142.789
1748271363254.0,142.782,142.789
1748271364010.0,142.783,142.79
1748271364010.0,142.783,142.79
1748271365954.0,142.784,142.791
1748271365954.0,142.784,142.791
1748271366228.0,142.785,142.792
1748271366228.0,142.785,142.792
1748271367627.0,142.783,142.79
1748271367627.0,142.783,142.79
1748271368053.0,142.78,142.787
1748271368053.0,142.78,142.787
1748271368327.0,142.781,142.788
1748271368327.0,142.781,142.788
1748271368755.0,142.785,142.792
1748271368755.0,142.785,142.792
1748271369453.0,142.786,142.793
1748271369453.0,142.786,142.793
1748271370056.0,142.788,142.795
1748271370056.0,142.788,142.795
1748271370994.0,142.789,142.796
1748271370994.0,142.789,142.796
1748271371497.0,142.787,142.794
1748271371497.0,142.787,142.794
1748271376403.0,142.79,142.797
1748271376403.0,142.79,142.797
1748271377804.0,142.788,142.795
1748271377804.0,142.788,142.795
1748271379338.0,142.787,142.794
1748271379338.0,142.787,142.794
1748271381240.0,142.792,142.799
1748271381240.0,142.792,142.799
1748271382046.0,142.794,142.801
1748271382046.0,142.794,142.801
1748271384115.0,142.792,142.799
1748271384115.0,142.792,142.799
1748271385147.0,142.79,142.797
1748271385147.0,142.79,142.797
1748271385848.0,142.789,142.796
1748271385848.0,142.789,142.796
1748271389838.0,142.785,142.792
1748271389838.0,142.785,142.792
1748271390988.0,142.787,142.794
1748271390988.0,142.787,142.794
1748271391407.0,142.786,142.793
1748271391407.0,142.786,142.793
1748271394505.0,142.788,142.795
1748271394505.0,142.788,142.795
1748271396377.0,142.787,142.794
1748271396377.0,142.787,142.794
1748271397042.0,142.79,142.797
1748271397042.0,142.79,142.797
1748271399635.0,142.791,142.798
1748271399635.0,142.791,142.798
1748271400154.0,142.79,142.797
1748271400154.0,142.79,142.797
1748271410397.0,142.781,142.788
1748271410397.0,142.781,142.788
1748271410571.0,142.778,142.785
1748271410571.0,142.778,142.785
1748271411130.0,142.779,142.786
1748271411130.0,142.779,142.786
1748271411274.0,142.778,142.785
1748271411274.0,142.778,142.785
1748271420043.0,142.777,142.784
1748271420043.0,142.777,142.784
1748271427403.0,142.778,142.785
1748271427403.0,142.778,142.785
1748271432373.0,142.777,142.784
1748271432373.0,142.777,142.784
1748271433583.0,142.778,142.785
1748271433583.0,142.778,142.785
1748271433728.0,142.767,142.774
1748271433728.0,142.767,142.774
1748271433864.0,142.768,142.775
1748271433864.0,142.768,142.775
1748271434001.0,142.766,142.773
1748271434001.0,142.766,142.773
1748271434142.0,142.763,142.77
1748271434142.0,142.763,142.77
1748271434422.0,142.76,142.767
1748271434422.0,142.76,142.767
1748271434561.0,142.762,142.769
1748271434561.0,142.762,142.769
1748271434702.0,142.764,142.771
1748271434702.0,142.764,142.771
1748271435122.0,142.762,142.769
1748271435122.0,142.762,142.769
1748271435543.0,142.763,142.77
1748271435543.0,142.763,142.77
1748271436828.0,142.762,142.769
1748271436828.0,142.762,142.769
1748271439341.0,142.76,142.767
1748271439341.0,142.76,142.767
1748271440492.0,142.759,142.766
1748271440492.0,142.759,142.766
1748271441534.0,142.757,142.764
1748271441534.0,142.757,142.764
1748271442966.0,142.756,142.763
1748271442966.0,142.756,142.763
1748271443246.0,142.757,142.764
1748271443246.0,142.757,142.764
1748271445184.0,142.759,142.766
1748271445184.0,142.759,142.766
1748271446981.0,142.758,142.765
1748271446981.0,142.758,142.765
1748271447121.0,142.756,142.763
1748271447121.0,142.756,142.763
1748271447750.0,142.757,142.764
1748271447750.0,142.757,142.764
1748271450182.0,142.758,142.765
1748271450182.0,142.758,142.765
1748271451546.0,142.756,142.763
1748271451546.0,142.756,142.763
1748271451969.0,142.758,142.765
1748271451969.0,142.758,142.765
1748271455721.0,142.757,142.764
1748271455721.0,142.757,142.764
1748271456695.0,142.758,142.765
1748271456695.0,142.758,142.765
1748271459227.0,142.757,142.764
1748271459227.0,142.757,142.764
1748271459648.0,142.757,142.764
1748271459648.0,142.757,142.764
1748271464454.0,142.758,142.765
1748271464454.0,142.758,142.765
1748271467496.0,142.762,142.769
1748271467496.0,142.762,142.769
1748271467628.0,142.763,142.77
1748271467628.0,142.763,142.77
1748271468189.0,142.764,142.771
1748271468189.0,142.764,142.771
1748271473242.0,142.763,142.77
1748271473242.0,142.763,142.77
1748271477177.0,142.766,142.773
1748271477177.0,142.766,142.773
1748271477317.0,142.765,142.772
1748271477317.0,142.765,142.772
1748271477458.0,142.766,142.773
1748271477458.0,142.766,142.773
1748271478232.0,142.765,142.772
1748271478232.0,142.765,142.772
1748271479116.0,142.766,142.773
1748271479116.0,142.766,142.773
1748271479269.0,142.767,142.774
1748271479269.0,142.767,142.774
1748271482053.0,142.766,142.773
1748271482053.0,142.766,142.773
1748271482190.0,142.764,142.771
1748271482190.0,142.764,142.771
1748271483043.0,142.765,142.772
1748271483043.0,142.765,142.772
1748271484393.0,142.763,142.77
1748271484393.0,142.763,142.77
1748271485163.0,142.762,142.769
1748271485163.0,142.762,142.769
1748271485303.0,142.759,142.766
1748271485303.0,142.759,142.766
1748271487242.0,142.76,142.767
1748271487242.0,142.76,142.767
1748271487523.0,142.764,142.771
1748271487523.0,142.764,142.771
1748271490098.0,142.763,142.77
1748271490098.0,142.763,142.77
1748271491822.0,142.764,142.771
1748271491822.0,142.764,142.771
1748271492243.0,142.767,142.774
1748271492243.0,142.767,142.774
1748271492390.0,142.768,142.775
1748271492390.0,142.768,142.775
1748271493722.0,142.767,142.774
1748271493722.0,142.767,142.774
1748271503661.0,142.769,142.776
1748271503661.0,142.769,142.776
1748271503805.0,142.772,142.779
1748271503805.0,142.772,142.779
1748271504359.0,142.774,142.781
1748271504359.0,142.774,142.781
1748271504500.0,142.769,142.776
1748271504500.0,142.769,142.776
1748271504640.0,142.768,142.775
1748271504640.0,142.768,142.775
1748271505854.0,142.774,142.781
1748271505854.0,142.774,142.781
1748271505993.0,142.776,142.783
1748271505993.0,142.776,142.783
1748271506130.0,142.777,142.784
1748271506130.0,142.777,142.784
1748271506412.0,142.78,142.787
1748271506412.0,142.78,142.787
1748271508664.0,142.779,142.786
1748271508664.0,142.779,142.786
1748271509225.0,142.777,142.784
1748271509225.0,142.777,142.784
1748271509786.0,142.774,142.781
1748271509786.0,142.774,142.781
1748271510065.0,142.777,142.784
1748271510065.0,142.777,142.784
1748271513254.0,142.778,142.785
1748271513254.0,142.778,142.785
1748271517362.0,142.781,142.788
1748271517362.0,142.781,142.788
1748271518064.0,142.782,142.789
1748271518064.0,142.782,142.789
1748271518483.0,142.783,142.79
1748271518483.0,142.783,142.79
1748271519261.0,142.784,142.791
1748271519261.0,142.784,142.791
1748271519682.0,142.782,142.789
1748271519682.0,142.782,142.789
1748271522585.0,142.783,142.79
1748271522585.0,142.783,142.79
1748271523258.0,142.787,142.794
1748271523258.0,142.787,142.794
1748271524170.0,142.788,142.795
1748271524170.0,142.788,142.795
1748271524945.0,142.789,142.796
1748271524945.0,142.789,142.796
1748271526429.0,142.791,142.798
1748271526429.0,142.791,142.798
1748271526568.0,142.79,142.797
1748271526568.0,142.79,142.797
1748271528245.0,142.791,142.798
1748271528245.0,142.791,142.798
1748271530151.0,142.793,142.8
1748271530151.0,142.793,142.8
1748271530285.0,142.795,142.802
1748271530285.0,142.795,142.802
1748271530431.0,142.796,142.803
1748271530431.0,142.796,142.803
1748271530561.0,142.797,142.804
1748271530561.0,142.797,142.804
1748271530980.0,142.796,142.803
1748271530980.0,142.796,142.803
1748271531261.0,142.799,142.806
1748271531261.0,142.799,142.806
1748271531822.0,142.798,142.805
1748271531822.0,142.798,142.805
1748271532966.0,142.792,142.799
1748271532966.0,142.792,142.799
1748271534285.0,142.794,142.801
1748271534285.0,142.794,142.801
1748271535563.0,142.792,142.799
1748271535563.0,142.792,142.799
1748271537327.0,142.789,142.796
1748271537327.0,142.789,142.796
1748271539404.0,142.791,142.798
1748271539404.0,142.791,142.798
1748271539684.0,142.79,142.797
1748271539684.0,142.79,142.797
1748271540356.0,142.793,142.8
1748271540356.0,142.793,142.8
1748271540776.0,142.792,142.799
1748271540776.0,142.792,142.799
1748271541285.0,142.793,142.8
1748271541285.0,142.793,142.8
1748271545160.0,142.788,142.795
1748271545160.0,142.788,142.795
1748271545719.0,142.783,142.79
1748271545719.0,142.783,142.79
1748271546950.0,142.786,142.793
1748271546950.0,142.786,142.793
1748271547092.0,142.787,142.794
1748271547092.0,142.787,142.794
1748271549219.0,142.789,142.796
1748271549219.0,142.789,142.796
1748271557258.0,142.79,142.797
1748271557258.0,142.79,142.797
1748271560294.0,142.792,142.799
1748271560294.0,142.792,142.799
1748271560434.0,142.791,142.798
1748271560434.0,142.791,142.798
1748271560853.0,142.79,142.797
1748271560853.0,142.79,142.797
1748271561466.0,142.789,142.796
1748271561466.0,142.789,142.796
1748271563619.0,142.786,142.793
1748271563619.0,142.786,142.793
1748271564323.0,142.788,142.795
1748271564323.0,142.788,142.795
1748271564604.0,142.786,142.793
1748271564604.0,142.786,142.793
1748271565509.0,142.788,142.795
1748271565509.0,142.788,142.795
1748271570089.0,142.792,142.799
1748271570089.0,142.792,142.799
1748271570510.0,142.789,142.796
1748271570510.0,142.789,142.796
1748271571619.0,142.788,142.795
1748271571619.0,142.788,142.795
1748271572840.0,142.787,142.794
1748271572840.0,142.787,142.794
1748271574138.0,142.788,142.795
1748271574138.0,142.788,142.795
1748271577327.0,142.789,142.796
1748271577327.0,142.789,142.796
1748271578228.0,142.788,142.795
1748271578228.0,142.788,142.795
1748271578508.0,142.786,142.793
1748271578508.0,142.786,142.793
1748271578787.0,142.787,142.794
1748271578787.0,142.787,142.794
1748271580342.0,142.788,142.795
1748271580342.0,142.788,142.795
1748271583257.0,142.787,142.794
1748271583257.0,142.787,142.794
1748271583397.0,142.788,142.795
1748271583397.0,142.788,142.795
1748271583921.0,142.79,142.797
1748271583921.0,142.79,142.797
1748271586655.0,142.791,142.798
1748271586655.0,142.791,142.798
1748271592197.0,142.783,142.79
1748271592197.0,142.783,142.79
1748271592613.0,142.78,142.787
1748271592613.0,142.78,142.787
1748271592893.0,142.781,142.788
1748271592893.0,142.781,142.788
1748271593320.0,142.782,142.789
1748271593320.0,142.782,142.789
1748271594388.0,142.783,142.79
1748271594388.0,142.783,142.79
1748271595218.0,142.782,142.789
1748271595218.0,142.782,142.789
1748271596332.0,142.784,142.791
1748271596332.0,142.784,142.791
1748271598630.0,142.782,142.789
1748271598630.0,142.782,142.789
1748271599449.0,142.783,142.79
1748271599449.0,142.783,142.79
1748271600006.0,142.782,142.789
1748271600006.0,142.782,142.789
1748271600139.0,142.778,142.785
1748271600139.0,142.778,142.785
1748271600558.0,142.779,142.786
1748271600558.0,142.779,142.786
1748271600838.0,142.777,142.784
1748271600838.0,142.777,142.784
1748271601117.0,142.778,142.785
1748271601117.0,142.778,142.785
1748271602097.0,142.779,142.786
1748271602097.0,142.779,142.786
1748271602237.0,142.778,142.785
1748271602237.0,142.778,142.785
1748271603317.0,142.774,142.781
1748271603317.0,142.774,142.781
1748271603454.0,142.775,142.782
1748271603454.0,142.775,142.782
1748271603737.0,142.778,142.785
1748271603737.0,142.778,142.785
1748271604596.0,142.774,142.781
1748271604596.0,142.774,142.781
1748271605857.0,142.776,142.783
1748271605857.0,142.776,142.783
1748271605998.0,142.777,142.784
1748271605998.0,142.777,142.784
1748271607231.0,142.778,142.785
1748271607231.0,142.778,142.785
1748271611116.0,142.779,142.786
1748271611116.0,142.779,142.786
1748271613424.0,142.78,142.787
1748271613424.0,142.78,142.787
1748271615415.0,142.782,142.789
1748271615415.0,142.782,142.789
1748271615869.0,142.781,142.788
1748271615869.0,142.781,142.788
1748271617434.0,142.779,142.786
1748271617434.0,142.779,142.786
1748271619740.0,142.778,142.785
1748271619740.0,142.778,142.785
1748271621992.0,142.78,142.787
1748271621992.0,142.78,142.787
1748271624760.0,142.779,142.786
1748271624760.0,142.779,142.786
1748271627331.0,142.777,142.784
1748271627331.0,142.777,142.784
1748271629853.0,142.778,142.785
1748271629853.0,142.778,142.785
1748271629989.0,142.777,142.784
1748271629989.0,142.777,142.784
1748271632369.0,142.779,142.786
1748271632369.0,142.779,142.786
1748271632791.0,142.78,142.787
1748271632791.0,142.78,142.787
1748271633752.0,142.779,142.786
1748271633752.0,142.779,142.786
1748271635256.0,142.776,142.783
1748271635256.0,142.776,142.783
1748271637520.0,142.777,142.784
1748271637520.0,142.777,142.784
1748271638021.0,142.776,142.783
1748271638021.0,142.776,142.783
1748271638448.0,142.774,142.781
1748271638448.0,142.774,142.781
1748271639108.0,142.776,142.783
1748271639108.0,142.776,142.783
1748271641435.0,142.778,142.785
1748271641435.0,142.778,142.785
1748271645982.0,142.778,142.785
1748271645982.0,142.778,142.785
1748271646123.0,142.777,142.784
1748271646123.0,142.777,142.784
1748271646544.0,142.777,142.784
1748271646544.0,142.777,142.784
1748271648764.0,142.779,142.786
1748271648764.0,142.779,142.786
1748271649739.0,142.777,142.784
1748271649739.0,142.777,142.784
1748271650016.0,142.779,142.786
1748271650016.0,142.779,142.786
1748271653239.0,142.78,142.787
1748271653239.0,142.78,142.787
1748271653653.0,142.777,142.784
1748271653653.0,142.777,142.784
1748271653934.0,142.779,142.786
1748271653934.0,142.779,142.786
1748271654213.0,142.777,142.784
1748271654213.0,142.777,142.784
1748271654353.0,142.775,142.782
1748271654353.0,142.775,142.782
1748271655795.0,142.773,142.78
1748271655795.0,142.773,142.78
1748271656256.0,142.768,142.775
1748271656256.0,142.768,142.775
1748271657295.0,142.771,142.778
1748271657295.0,142.771,142.778
1748271659158.0,142.769,142.776
1748271659158.0,142.769,142.776
1748271659583.0,142.772,142.779
1748271659583.0,142.772,142.779
1748271660417.0,142.773,142.78
1748271660417.0,142.773,142.78
1748271661047.0,142.774,142.781
1748271661047.0,142.774,142.781
1748271661327.0,142.776,142.783
1748271661327.0,142.776,142.783
1748271661467.0,142.779,142.786
1748271661467.0,142.779,142.786
1748271661750.0,142.778,142.785
1748271661750.0,142.778,142.785
1748271662308.0,142.776,142.783
1748271662308.0,142.776,142.783
1748271662587.0,142.778,142.785
1748271662587.0,142.778,142.785
1748271663287.0,142.777,142.784
1748271663287.0,142.777,142.784
1748271663926.0,142.776,142.783
1748271663926.0,142.776,142.783
1748271667161.0,142.778,142.785
1748271667161.0,142.778,142.785
1748271668535.0,142.777,142.784
1748271668535.0,142.777,142.784
1748271668815.0,142.778,142.785
1748271668815.0,142.778,142.785
1748271668958.0,142.777,142.784
1748271668958.0,142.777,142.784
1748271671487.0,142.778,142.785
1748271671487.0,142.778,142.785
1748271671627.0,142.78,142.787
1748271671627.0,142.78,142.787
1748271671768.0,142.781,142.788
1748271671768.0,142.781,142.788
1748271673032.0,142.782,142.789
1748271673032.0,142.782,142.789
1748271677499.0,142.781,142.788
1748271677499.0,142.781,142.788
1748271678653.0,142.78,142.787
1748271678653.0,142.78,142.787
1748271679533.0,142.779,142.786
1748271679533.0,142.779,142.786
1748271680391.0,142.78,142.787
1748271680391.0,142.78,142.787
1748271680529.0,142.779,142.786
1748271680529.0,142.779,142.786
1748271682487.0,142.78,142.787
1748271682487.0,142.78,142.787
1748271685468.0,142.778,142.785
1748271685468.0,142.778,142.785
1748271686588.0,142.779,142.786
1748271686588.0,142.779,142.786
1748271686866.0,142.782,142.789
1748271686866.0,142.782,142.789
1748271687011.0,142.784,142.791
1748271687011.0,142.784,142.791
1748271687285.0,142.783,142.79
1748271687285.0,142.783,142.79
1748271687425.0,142.782,142.789
1748271687425.0,142.782,142.789
1748271688456.0,142.783,142.79
1748271688456.0,142.783,142.79
1748271688594.0,142.788,142.795
1748271688594.0,142.788,142.795
1748271689478.0,142.787,142.794
1748271689478.0,142.787,142.794
1748271690672.0,142.788,142.795
1748271690672.0,142.788,142.795
1748271693490.0,142.79,142.797
1748271693490.0,142.79,142.797
1748271693770.0,142.795,142.802
1748271693770.0,142.795,142.802
1748271694507.0,142.797,142.804
1748271694507.0,142.797,142.804
1748271694648.0,142.799,142.806
1748271694648.0,142.799,142.806
1748271695487.0,142.798,142.805
1748271695487.0,142.798,142.805
1748271696327.0,142.795,142.802
1748271696327.0,142.795,142.802
1748271696747.0,142.793,142.8
1748271696747.0,142.793,142.8
1748271697702.0,142.795,142.802
1748271697702.0,142.795,142.802
1748271699167.0,142.798,142.805
1748271699167.0,142.798,142.805
1748271699731.0,142.797,142.804
1748271699731.0,142.797,142.804
1748271699870.0,142.798,142.805
1748271699870.0,142.798,142.805
1748271700992.0,142.796,142.803
1748271700992.0,142.796,142.803
1748271702252.0,142.797,142.804
1748271702252.0,142.797,142.804
1748271704455.0,142.796,142.803
1748271704455.0,142.796,142.803
1748271705146.0,142.798,142.805
1748271705146.0,142.798,142.805
1748271705433.0,142.8,142.807
1748271705433.0,142.8,142.807
1748271705705.0,142.799,142.806
1748271705705.0,142.799,142.806
1748271706549.0,142.798,142.805
1748271706549.0,142.798,142.805
1748271707402.0,142.8,142.807
1748271707402.0,142.8,142.807
1748271712133.0,142.793,142.8
1748271712133.0,142.793,142.8
1748271715645.0,142.79,142.797
1748271715645.0,142.79,142.797
1748271715911.0,142.789,142.796
1748271715911.0,142.789,142.796
1748271717472.0,142.781,142.788
1748271717472.0,142.781,142.788
1748271717622.0,142.784,142.791
1748271717622.0,142.784,142.791
1748271717751.0,142.783,142.79
1748271717751.0,142.783,142.79
1748271719067.0,142.788,142.795
1748271719067.0,142.788,142.795
1748271719485.0,142.787,142.794
1748271719485.0,142.787,142.794
1748271720203.0,142.788,142.795
1748271720203.0,142.788,142.795
1748271720345.0,142.789,142.796
1748271720345.0,142.789,142.796
1748271721048.0,142.788,142.795
1748271721048.0,142.788,142.795
1748271721624.0,142.782,142.789
1748271721624.0,142.782,142.789
1748271722596.0,142.784,142.791
1748271722596.0,142.784,142.791
1748271723183.0,142.786,142.793
1748271723183.0,142.786,142.793
1748271724163.0,142.783,142.79
1748271724163.0,142.783,142.79
1748271725409.0,142.782,142.789
1748271725409.0,142.782,142.789
1748271726085.0,142.786,142.793
1748271726085.0,142.786,142.793
1748271728118.0,142.787,142.794
1748271728118.0,142.787,142.794
1748271729640.0,142.786,142.793
1748271729640.0,142.786,142.793
1748271731633.0,142.787,142.794
1748271731633.0,142.787,142.794
1748271731913.0,142.788,142.795
1748271731913.0,142.788,142.795
1748271733646.0,142.787,142.794
1748271733646.0,142.787,142.794
1748271733785.0,142.788,142.795
1748271733785.0,142.788,142.795
1748271735087.0,142.789,142.796
1748271735087.0,142.789,142.796
1748271736520.0,142.783,142.79
1748271736520.0,142.783,142.79
1748271736794.0,142.782,142.789
1748271736794.0,142.782,142.789
1748271737074.0,142.78,142.787
1748271737074.0,142.78,142.787
1748271737354.0,142.781,142.788
1748271737354.0,142.781,142.788
1748271737496.0,142.782,142.789
1748271737496.0,142.782,142.789
1748271737914.0,142.78,142.787
1748271737914.0,142.78,142.787
1748271740068.0,142.779,142.786
1748271740068.0,142.779,142.786
1748271740202.0,142.78,142.787
1748271740202.0,142.78,142.787
1748271742995.0,142.773,142.78
1748271742995.0,142.773,142.78
1748271743274.0,142.776,142.783
1748271743274.0,142.776,142.783
1748271743420.0,142.777,142.784
1748271743420.0,142.777,142.784
1748271743553.0,142.776,142.783
1748271743553.0,142.776,142.783
1748271744601.0,142.777,142.784
1748271744601.0,142.777,142.784
1748271745071.0,142.778,142.785
1748271745071.0,142.778,142.785
1748271745632.0,142.776,142.783
1748271745632.0,142.776,142.783
1748271746627.0,142.775,142.782
1748271746627.0,142.775,142.782
1748271748560.0,142.774,142.781
