1748268000160.0,1.13815,1.13824
1748268000378.0,1.13816,1.13825
1748268000599.0,1.13815,1.13824
1748268000929.0,1.13814,1.13823
1748268001149.0,1.13812,1.13821
1748268001262.0,1.13809,1.13818
1748268002028.0,1.1381,1.13819
1748268002249.0,1.13808,1.13817
1748268003025.0,1.13807,1.13816
1748268003661.0,1.13806,1.13815
1748268003989.0,1.13808,1.13814
1748268004320.0,1.13805,1.13811
1748268004762.0,1.13806,1.13812
1748268005800.0,1.13805,1.13811
1748268009017.0,1.13806,1.13812
1748268010407.0,1.13805,1.13811
1748268011536.0,1.13806,1.13812
1748268012794.0,1.13805,1.13811
1748268020330.0,1.13803,1.13809
1748268025401.0,1.13805,1.13811
1748268025619.0,1.13806,1.13812
1748268028783.0,1.13803,1.13809
1748268028892.0,1.13804,1.1381
1748268033927.0,1.13802,1.13808
1748268039937.0,1.13803,1.13809
1748268042270.0,1.13806,1.13812
1748268043140.0,1.13805,1.13811
1748268045860.0,1.13804,1.1381
1748268046343.0,1.13803,1.13809
1748268053346.0,1.13804,1.1381
1748268056222.0,1.13806,1.13812
1748268056332.0,1.13808,1.13814
1748268059109.0,1.13816,1.13822
1748268059454.0,1.13817,1.13823
1748268061026.0,1.13818,1.13824
1748268071335.0,1.13823,1.13829
1748268075403.0,1.1382,
1748268079238.0,1.13821,1.1383
1748268080409.0,1.1382,1.13829
1748268080629.0,1.13819,1.13828
1748268081876.0,1.1382,1.13829
1748268082523.0,1.13819,1.13828
1748268086221.0,1.13818,1.13827
1748268088004.0,1.13819,1.13828
1748268091176.0,1.13818,1.13827
1748268091506.0,1.1381,1.13816
1748268091726.0,1.13811,1.13817
1748268091950.0,1.13812,1.13818
1748268100815.0,1.13811,1.13817
1748268103810.0,1.13809,1.13818
1748268106332.0,1.1381,1.13819
1748268106441.0,1.13808,1.13814
1748268106567.0,1.13809,1.13815
1748268109114.0,1.1381,1.13816
1748268112608.0,1.13809,1.13815
1748268113283.0,1.13809,1.13815
1748268113719.0,1.1381,1.13816
1748268115508.0,1.13808,1.13814
1748268119662.0,1.13809,1.13815
1748268122464.0,1.13808,1.13814
1748268132099.0,1.13809,1.13815
1748268134004.0,1.13808,1.13814
1748268137748.0,1.13809,1.13815
1748268140478.0,1.1381,1.13816
1748268140807.0,1.13809,1.13815
1748268141501.0,1.13808,1.13814
1748268150430.0,1.13804,1.1381
1748268152982.0,1.13797,1.13803
1748268157721.0,1.13799,1.13805
1748268159925.0,1.13798,1.13804
1748268160807.0,1.13805,1.13811
1748268161026.0,1.13806,1.13812
1748268161256.0,1.13805,1.13811
1748268162302.0,1.13806,1.13812
1748268174067.0,1.13804,1.1381
1748268174176.0,1.13803,1.13809
1748268177386.0,1.13805,1.13811
1748268177889.0,1.13806,1.13812
1748268178252.0,1.13807,1.13813
1748268192792.0,1.13812,1.13818
1748268193028.0,1.13811,1.13817
1748268193129.0,1.13809,1.13815
1748268194097.0,1.13808,1.13814
1748268198136.0,1.13807,1.13813
1748268198216.0,1.13806,1.13812
1748268200204.0,1.13805,1.13811
1748268204231.0,1.13807,1.13813
1748268204450.0,1.13808,1.13814
1748268208320.0,1.13809,1.13815
1748268208980.0,1.13805,1.13811
1748268209075.0,1.138,1.13806
1748268214203.0,1.13802,1.13808
1748268214313.0,1.13801,1.13807
1748268217814.0,1.13803,1.13809
1748268221365.0,1.138,
1748268221475.0,1.13795,1.13804
1748268221579.0,1.13796,1.13805
1748268222245.0,1.13795,1.13804
1748268224140.0,1.13796,1.13805
1748268227755.0,1.13794,1.13803
1748268232916.0,1.13795,1.13804
1748268243248.0,1.13793,1.13802
1748268243340.0,1.13789,1.13798
1748268244155.0,1.1379,1.13799
1748268245234.0,1.13792,1.13801
1748268248871.0,1.13792,1.13801
1748268251594.0,1.13797,1.13806
1748268251839.0,1.13799,1.13808
1748268258999.0,1.138,1.13806
1748268259105.0,1.13802,1.13808
1748268267954.0,1.13798,1.13804
1748268272592.0,1.138,1.13806
1748268273414.0,1.13798,1.13804
1748268293404.0,1.13797,1.13803
1748268293515.0,1.13794,1.138
1748268300124.0,1.13793,1.13799
1748268300585.0,1.13794,1.138
1748268300807.0,1.13793,1.13799
1748268306615.0,1.1379,1.13796
1748268307386.0,1.13789,1.13795
1748268307799.0,1.13788,1.13794
1748268317839.0,1.13793,1.13799
1748268320693.0,1.13794,1.138
1748268321594.0,1.13796,1.13802
1748268322583.0,1.13798,1.13804
1748268330007.0,1.13797,1.13803
1748268331884.0,1.13796,1.13802
1748268338462.0,1.13795,1.13801
1748268349412.0,1.13796,1.13802
1748268350768.0,1.13798,1.13804
1748268353279.0,1.13799,1.13805
1748268353382.0,1.13797,1.13803
1748268355235.0,1.13795,1.13801
1748268355453.0,1.13794,1.138
1748268355563.0,1.13793,1.13799
1748268361966.0,1.13794,1.138
1748268363478.0,1.13793,1.13799
1748268385363.0,1.13791,1.13797
1748268385579.0,1.13792,1.13798
1748268386731.0,1.13794,1.13803
1748268389558.0,1.13792,1.13801
1748268398640.0,1.13781,1.1379
1748268400538.0,1.13782,1.13791
1748268400757.0,1.13781,1.1379
1748268402487.0,1.13782,1.13791
1748268408435.0,1.13783,1.13792
1748268408653.0,1.13782,1.13791
1748268413425.0,1.13781,1.1379
1748268413543.0,1.13778,1.13787
1748268414558.0,1.1378,1.13789
1748268416065.0,1.13782,1.13791
1748268420302.0,1.13778,1.13787
1748268420530.0,1.13777,1.13786
1748268422136.0,1.13778,1.13787
1748268423719.0,1.13777,1.13786
1748268427484.0,1.13776,1.13785
1748268428879.0,1.13774,1.13783
1748268434045.0,1.13775,1.13784
1748268437582.0,1.13774,1.13783
1748268440413.0,1.13772,1.13781
1748268440519.0,1.13774,1.1378
1748268447376.0,1.13775,1.13781
1748268451507.0,1.13773,1.13779
1748268452127.0,1.13774,1.1378
1748268455837.0,1.13773,1.13779
1748268456058.0,1.13774,1.1378
1748268456952.0,1.13775,1.13781
1748268462536.0,1.13776,1.13782
1748268462647.0,1.13778,1.13784
1748268462754.0,1.13774,1.1378
1748268465096.0,1.13774,1.1378
1748268469784.0,1.13773,1.13779
1748268473161.0,1.13771,1.13777
1748268473263.0,1.13768,1.13774
1748268473482.0,1.13769,1.13775
1748268476829.0,1.13773,1.13779
1748268478761.0,1.13772,1.13781
1748268480396.0,1.13771,1.1378
1748268481894.0,1.13773,1.13782
1748268486875.0,1.13772,1.13781
1748268492931.0,1.13769,1.13778
1748268493041.0,1.1377,1.13779
1748268494949.0,1.13771,1.13777
1748268496445.0,1.13773,1.13779
1748268502516.0,1.13771,1.13777
1748268510083.0,1.13764,1.1377
1748268510193.0,1.13768,1.13774
1748268511559.0,1.13771,1.13784
1748268511777.0,1.13773,1.13782
1748268512135.0,1.13772,1.13781
1748268514120.0,1.13769,1.13778
1748268514230.0,1.13767,1.13776
1748268514339.0,1.13769,1.13778
1748268515111.0,1.13772,
1748268515437.0,1.13769,1.13775
1748268516313.0,1.13771,1.13777
1748268526333.0,1.13773,1.13779
1748268526965.0,1.13769,1.13775
1748268527294.0,1.1377,1.13776
1748268534089.0,1.13769,1.13775
1748268534772.0,1.1377,1.13776
1748268552290.0,1.13768,1.13774
1748268553974.0,1.13772,1.13778
1748268554987.0,1.13776,1.13782
1748268555317.0,1.13777,1.13783
1748268556732.0,1.13784,1.1379
1748268557041.0,1.13785,1.13791
1748268557264.0,1.13784,1.1379
1748268560068.0,1.13787,1.13793
1748268560475.0,1.13788,1.13794
1748268564802.0,1.1379,1.13796
1748268565383.0,1.13791,1.13797
1748268565602.0,1.13791,1.13797
1748268565822.0,1.13788,1.13794
1748268566701.0,1.13792,1.13798
1748268567496.0,1.13791,1.13797
1748268569194.0,1.13789,1.13795
1748268569936.0,1.13783,1.13789
1748268572239.0,1.1378,1.13786
1748268577378.0,1.13779,1.13785
1748268579159.0,1.1378,1.13786
1748268579266.0,1.13781,1.13787
1748268580958.0,1.13782,1.13788
1748268582978.0,1.13781,1.13787
1748268583086.0,1.1378,1.13786
1748268585412.0,1.13781,1.13787
1748268589671.0,1.1378,1.13786
1748268589892.0,1.13779,1.13785
1748268593683.0,1.1378,1.13786
1748268598597.0,1.13774,1.1378
1748268598818.0,1.13775,1.13781
1748268601359.0,1.13774,1.1378
1748268605363.0,1.13775,1.13781
1748268606527.0,1.13776,1.13782
1748268624037.0,1.13773,1.13779
1748268625352.0,1.13774,1.1378
1748268648321.0,1.13775,1.13781
1748268651492.0,1.13776,1.13782
1748268656331.0,1.13776,1.13785
1748268660217.0,1.13777,1.13786
1748268663717.0,1.13772,1.13781
1748268664845.0,1.13769,1.13778
1748268669767.0,1.1377,1.13779
1748268669882.0,1.13772,1.13781
1748268673581.0,1.13771,1.1378
1748268676335.0,1.13772,1.13781
1748268681650.0,1.13773,1.13782
1748268684289.0,1.13772,1.13781
1748268686471.0,1.13771,1.1378
1748268690377.0,1.13772,1.13778
1748268691443.0,1.13774,1.1378
1748268694004.0,1.13773,1.13779
1748268694110.0,1.13774,1.1378
1748268696643.0,1.13779,1.13785
1748268696974.0,1.1378,1.13786
1748268698120.0,1.13781,1.13787
1748268700999.0,1.13783,1.13789
1748268709853.0,1.13784,1.1379
1748268714326.0,1.13783,1.13789
1748268731685.0,1.13778,1.13784
1748268742388.0,1.13782,1.13788
1748268744593.0,1.13784,1.1379
1748268746422.0,1.13785,1.13791
1748268746525.0,1.13787,1.13793
1748268746966.0,1.13785,1.13791
1748268748538.0,1.13784,1.1379
1748268751923.0,1.13782,1.13788
1748268753624.0,1.13781,1.13787
1748268754699.0,1.1378,1.13786
1748268756976.0,1.13781,1.13787
1748268759981.0,1.13779,1.13785
1748268760311.0,1.1378,1.13786
1748268776541.0,1.13781,1.13787
1748268776650.0,1.13782,1.13788
1748268782260.0,1.13781,1.13787
1748268782480.0,1.13782,1.13788
1748268792875.0,1.13793,1.13799
1748268794743.0,1.13796,1.13802
1748268794843.0,1.13798,1.13804
1748268800600.0,1.13796,1.13805
1748268804279.0,1.13799,1.13808
1748268804389.0,1.138,1.13809
1748268804718.0,1.13799,1.13808
1748268810225.0,1.13796,1.13802
1748268810337.0,1.13793,1.13799
1748268811918.0,1.13794,1.138
1748268813712.0,1.13801,1.13807
1748268818927.0,1.13799,1.13808
1748268819341.0,1.138,1.13809
1748268825183.0,1.13802,1.13811
1748268827404.0,1.13804,1.13813
1748268828503.0,1.13803,1.13812
1748268828725.0,1.13804,1.13813
1748268829581.0,1.13803,1.13812
1748268834220.0,1.13799,1.13808
1748268834661.0,1.13798,1.13807
1748268837069.0,1.138,1.13809
1748268837398.0,1.13798,1.13807
1748268839290.0,1.13797,1.13806
1748268843930.0,1.13799,1.13808
1748268847398.0,1.13801,1.1381
1748268849815.0,1.138,1.13809
1748268849923.0,1.13797,1.13806
1748268875803.0,1.13798,1.13807
1748268875908.0,1.13797,1.13806
1748268876906.0,1.138,1.13809
1748268877922.0,1.13801,1.1381
1748268878033.0,1.13803,1.13812
1748268879420.0,1.13802,1.13811
1748268880362.0,1.13803,1.13812
1748268881322.0,1.13802,1.13811
1748268881666.0,1.138,1.13809
1748268881762.0,1.13799,1.13808
1748268886135.0,1.13798,1.13807
1748268887628.0,1.13795,1.13804
1748268891461.0,1.13794,1.13803
1748268891668.0,1.13792,1.13801
1748268892001.0,1.13791,1.138
1748268892247.0,1.13789,1.13798
1748268894545.0,1.1379,1.13799
1748268896442.0,1.13791,1.138
1748268897565.0,1.13792,1.13801
1748268900327.0,1.13793,1.13802
1748268924335.0,1.13792,1.13801
1748268925904.0,1.13793,1.13802
1748268940441.0,1.13797,1.13806
1748268956774.0,1.13796,1.13805
1748268958071.0,1.13792,1.13801
1748268961939.0,1.13796,1.13805
1748268974397.0,1.13797,1.13806
1748268975063.0,1.138,1.13812
1748268976128.0,1.13808,1.13817
1748268976355.0,1.13808,1.13817
1748268976905.0,1.1381,1.13819
1748268978574.0,1.13811,1.1382
1748268985015.0,1.13812,1.13821
1748268985121.0,1.13813,1.13822
1748268985496.0,1.13811,1.1382
1748268987307.0,1.13812,1.13821
1748268988560.0,1.13814,1.13823
1748268991281.0,1.13816,1.13825
1748268991390.0,1.13814,1.13823
1748268996014.0,1.13816,1.13825
1748269000329.0,1.13817,1.13826
1748269007517.0,1.13816,1.13825
1748269007627.0,1.13811,1.1382
1748269009377.0,1.13812,1.13821
1748269010571.0,1.1381,1.13816
1748269012922.0,1.13809,1.13815
1748269018187.0,1.13811,1.13817
1748269018960.0,1.13809,1.13815
1748269022689.0,1.13806,1.13812
1748269026086.0,1.13807,1.13816
1748269026416.0,1.13809,1.13815
1748269026748.0,1.13812,1.13818
1748269035504.0,1.13813,1.13819
1748269035582.0,1.13819,1.13825
1748269039186.0,1.13818,1.13824
1748269039519.0,1.13819,1.13825
1748269053234.0,1.13818,1.13824
1748269062573.0,1.13813,1.13819
1748269062900.0,1.13815,1.13821
1748269071034.0,1.13818,1.13824
1748269071144.0,1.13821,1.13827
1748269075531.0,1.13824,1.1383
1748269075971.0,1.13825,1.13831
1748269076554.0,1.13824,1.1383
1748269079909.0,1.13823,1.13829
1748269080018.0,1.13825,1.13831
1748269080237.0,1.13827,1.13833
1748269081694.0,1.13828,1.13834
1748269087481.0,1.13827,1.13833
1748269089385.0,1.13826,1.13835
1748269089496.0,1.13823,1.13832
1748269089828.0,1.13822,1.13831
1748269098502.0,1.13823,1.13832
1748269103841.0,1.13825,1.13834
1748269118258.0,1.13827,1.13836
1748269120343.0,1.13832,1.13841
1748269126672.0,1.1383,1.13839
1748269127571.0,1.13831,1.1384
1748269129602.0,1.13829,1.13838
1748269129699.0,1.1383,1.13839
1748269132664.0,1.13831,1.1384
1748269133885.0,1.1383,1.13839
1748269139770.0,1.13829,1.13838
1748269140924.0,1.13831,1.1384
1748269141035.0,1.13829,1.13838
1748269142170.0,1.13831,1.1384
1748269142280.0,1.1383,1.13839
1748269144171.0,1.13831,1.1384
1748269145392.0,1.13832,1.13841
1748269145987.0,1.13843,
1748269146208.0,1.13841,1.13847
1748269146335.0,1.1384,1.13846
1748269146648.0,1.13839,1.13845
1748269146757.0,1.13838,1.13844
1748269147828.0,1.13839,1.13845
1748269149961.0,1.13838,1.13844
1748269152445.0,1.13839,1.13845
1748269155888.0,1.13836,1.13842
1748269156226.0,1.13835,1.13841
1748269156791.0,1.13834,1.1384
1748269157132.0,1.13833,1.13839
1748269157977.0,1.13832,1.13838
1748269159687.0,1.13831,1.13837
1748269164416.0,1.1383,1.13836
1748269164964.0,1.13829,1.13835
1748269167522.0,1.1383,1.13836
1748269176105.0,1.13831,1.13837
1748269184353.0,1.13833,1.13839
1748269184540.0,1.13832,1.13838
1748269184648.0,1.1383,1.13836
1748269194573.0,1.13832,1.13838
1748269195795.0,1.13831,1.13837
1748269206126.0,1.13832,1.13838
1748269207347.0,1.13831,1.13837
1748269209354.0,1.13832,1.13838
1748269212360.0,1.13836,1.13842
1748269212468.0,1.13835,1.13841
1748269213385.0,1.13837,1.13843
1748269215956.0,1.13838,1.13844
1748269223930.0,1.1384,1.13846
1748269224149.0,1.13839,1.13845
1748269224262.0,1.1384,1.13846
1748269227150.0,1.13841,1.13847
1748269227261.0,1.1384,1.13846
1748269234042.0,1.13837,1.13843
1748269241067.0,1.13835,1.13841
1748269241165.0,1.13837,1.13843
1748269243228.0,1.13839,1.13845
1748269247434.0,1.13838,1.13844
1748269248175.0,1.13839,1.13845
1748269251516.0,1.13838,1.13844
1748269254770.0,1.13839,1.13845
1748269257827.0,1.13832,1.13841
1748269258046.0,1.13831,1.1384
1748269262664.0,1.13827,1.13836
1748269263812.0,1.13829,1.13838
1748269267805.0,1.13834,1.1384
1748269272731.0,1.13837,1.13843
1748269273424.0,1.13836,1.13842
1748269274299.0,1.13837,1.13843
1748269276235.0,1.13838,1.13844
1748269277503.0,1.13837,1.13843
1748269278716.0,1.13835,1.13841
1748269281833.0,1.13832,1.13838
1748269281944.0,1.13831,1.13837
1748269284167.0,1.13832,1.13838
1748269287591.0,1.13831,1.13837
1748269293372.0,1.13832,1.13838
1748269294263.0,1.13835,1.13841
1748269296444.0,1.13836,1.13842
1748269309611.0,1.13837,1.13843
1748269312470.0,1.13834,1.1384
1748269316137.0,1.13835,1.13841
1748269319259.0,1.13829,1.13835
1748269319365.0,1.13828,1.13834
1748269320101.0,1.13829,1.13835
1748269324779.0,1.13824,1.1383
1748269329560.0,1.13822,1.13828
1748269333745.0,1.13824,1.1383
1748269336381.0,1.13827,1.13833
1748269336740.0,1.13828,1.13834
1748269337805.0,1.13826,1.13832
1748269338740.0,1.13829,1.13835
1748269340565.0,1.13828,1.13834
1748269341179.0,1.13829,1.13835
1748269350149.0,1.13827,1.13833
1748269350945.0,1.13827,1.13833
1748269351271.0,1.13825,1.13831
1748269354341.0,1.13824,1.1383
1748269355737.0,1.13823,1.13829
1748269372438.0,1.13822,1.13828
1748269374279.0,1.13814,1.1382
1748269374629.0,1.13816,1.13822
1748269375269.0,1.13814,1.1382
1748269376786.0,1.13813,1.13819
1748269377177.0,1.13814,1.1382
1748269379412.0,1.13813,1.13819
1748269384236.0,1.13819,1.13825
1748269384876.0,1.13818,1.13824
1748269386151.0,1.13814,1.1382
1748269386597.0,1.13813,1.13819
1748269387833.0,1.13811,1.13817
1748269390767.0,1.13812,1.13818
1748269394559.0,1.13821,1.13827
1748269394669.0,1.13823,1.13829
1748269400176.0,1.13828,1.13834
1748269400725.0,1.13826,1.13832
1748269400945.0,1.13828,1.13834
1748269404117.0,1.1383,1.13836
1748269406200.0,1.13831,1.13837
1748269406294.0,1.1383,1.13836
1748269410470.0,,1.1384
1748269411726.0,1.1383,1.13839
1748269413488.0,1.13832,1.13838
1748269413973.0,1.13828,1.13834
1748269418167.0,1.13829,1.13835
1748269418907.0,1.13828,1.13834
1748269419753.0,1.13829,1.13835
1748269422248.0,1.13828,1.13834
1748269424038.0,1.13823,1.13829
1748269424147.0,1.13825,1.13831
1748269428053.0,1.13826,1.13832
1748269428375.0,1.13826,1.13832
1748269428486.0,1.13827,1.13833
1748269431038.0,1.13828,1.13834
1748269432287.0,1.13827,1.13833
1748269436215.0,1.13827,1.13833
1748269437212.0,1.13828,1.13834
1748269449517.0,1.13825,1.13831
1748269450129.0,1.13824,1.1383
1748269452014.0,1.13823,1.13829
1748269452118.0,1.1382,1.13826
1748269452800.0,,1.13833
1748269466314.0,1.13826,1.13835
1748269467358.0,1.13824,1.13833
1748269473003.0,1.13823,1.13832
1748269483194.0,1.13826,1.13835
1748269483413.0,1.1383,1.13839
1748269483528.0,1.13829,1.13838
1748269489737.0,1.13828,1.13837
1748269491518.0,1.13829,1.13838
1748269493572.0,1.13828,1.13837
1748269494648.0,1.13823,1.13829
1748269495106.0,1.13822,1.13828
1748269498010.0,1.13821,1.13827
1748269500159.0,1.13825,1.13831
1748269502232.0,1.13827,1.13833
1748269511060.0,1.13826,1.13832
1748269517231.0,1.13828,1.13834
1748269520838.0,1.13834,1.13843
1748269521055.0,1.13832,1.13841
1748269522881.0,1.13834,1.13843
1748269523487.0,1.13833,1.13839
1748269524150.0,1.13834,1.1384
1748269524255.0,1.13835,1.13841
1748269530602.0,1.13834,1.1384
1748269533667.0,1.13832,1.13838
1748269533889.0,1.13826,1.13832
1748269534567.0,1.13825,1.13831
1748269543744.0,1.13824,1.13833
1748269550534.0,1.13826,1.13835
1748269556954.0,1.13825,1.13834
1748269557393.0,1.13826,1.13835
1748269582378.0,1.13827,1.13836
1748269582486.0,1.13838,1.13847
1748269584470.0,1.13839,1.13848
1748269584856.0,1.13838,1.13847
1748269599585.0,1.13841,1.1385
1748269602947.0,1.1384,1.13849
1748269606539.0,1.13838,1.13847
1748269612687.0,1.13835,1.13844
1748269620321.0,1.13836,1.13845
1748269626481.0,1.13837,1.13846
1748269639857.0,1.13836,1.13845
1748269641361.0,1.13832,1.13838
1748269644050.0,1.13834,1.1384
1748269652721.0,1.13833,1.13839
1748269654760.0,1.13827,1.13833
1748269655338.0,1.13826,1.13832
1748269655777.0,1.13827,1.13833
1748269659847.0,1.13825,1.13834
1748269660774.0,1.13824,1.13833
1748269663375.0,1.13825,1.13834
1748269665713.0,1.13818,1.13827
1748269665942.0,1.1382,1.13829
1748269666372.0,1.13821,1.1383
1748269668578.0,1.13823,1.13832
1748269668908.0,1.13824,1.13833
1748269673590.0,1.13822,1.13831
1748269675421.0,1.13824,1.13833
1748269685626.0,1.13823,1.13832
1748269693238.0,1.13824,1.13833
1748269695073.0,1.13823,1.13832
1748269695181.0,1.13822,1.13831
1748269696201.0,1.13823,1.13832
1748269706306.0,1.13822,1.13831
1748269721018.0,1.13824,1.1383
1748269726360.0,1.13819,1.13828
1748269730462.0,1.13823,1.13832
1748269738481.0,1.13825,1.13831
1748269739884.0,1.13824,1.1383
1748269740460.0,1.13821,1.13827
1748269740565.0,1.1382,1.13826
1748269741026.0,1.13819,1.13828
1748269741307.0,1.13821,1.1383
1748269751549.0,1.13823,1.13829
1748269754251.0,1.13821,1.13827
1748269758941.0,1.13824,1.1383
1748269767054.0,1.13825,1.13831
1748269768762.0,1.13827,1.13836
1748269769091.0,1.13828,1.13837
1748269769861.0,1.13827,1.13836
1748269770082.0,,1.13833
1748269785513.0,1.13831,1.13837
1748269785735.0,1.1383,1.13836
1748269785855.0,1.13828,1.13834
1748269786943.0,1.13827,1.13833
1748269788208.0,1.13829,1.13835
1748269790039.0,1.13828,1.13834
1748269791505.0,1.1383,1.13836
1748269791915.0,1.13828,1.13834
1748269795620.0,1.13829,1.13835
1748269797401.0,1.13831,1.13837
1748269800164.0,1.13834,1.1384
1748269813071.0,1.13835,1.13841
1748269813681.0,1.13834,1.1384
1748269821732.0,1.13839,1.13845
1748269826382.0,1.13841,1.13847
1748269826714.0,1.1384,1.13846
1748269830747.0,1.1384,1.13846
1748269834837.0,1.13841,1.13847
1748269835801.0,1.13842,1.13848
1748269836240.0,1.13843,1.13849
1748269849411.0,1.13842,1.13848
1748269849643.0,1.1384,1.13846
1748269851172.0,1.13838,1.13844
1748269851794.0,1.13841,1.1385
1748269853422.0,,1.13845
1748269853641.0,1.13841,1.13847
1748269854362.0,1.13839,1.13845
1748269854920.0,1.13838,1.13844
1748269862392.0,1.13831,1.13837
1748269862502.0,1.13828,1.13834
1748269862721.0,1.13829,1.13835
1748269863056.0,1.13832,1.13838
1748269863626.0,,1.13841
1748269863847.0,1.13831,1.13837
1748269865392.0,1.1383,1.13836
1748269865736.0,1.13831,1.13837
1748269866947.0,1.13832,1.13838
1748269867274.0,1.13829,1.13835
1748269869454.0,1.13832,1.13838
1748269870001.0,1.1383,1.13839
1748269871921.0,1.13829,1.13838
1748269872140.0,1.13827,1.13836
1748269876036.0,1.13826,1.13835
1748269880218.0,1.13825,1.13834
1748269882868.0,1.13826,1.13835
1748269883816.0,1.1383,1.13836
1748269884033.0,1.13829,1.13835
1748269889685.0,1.13833,1.13839
1748269889906.0,1.13832,1.13838
1748269891005.0,1.13831,1.13837
1748269892966.0,1.13832,1.13838
1748269893628.0,1.13831,1.13837
1748269897241.0,1.13829,1.13838
1748269902123.0,1.13822,1.13831
1748269902238.0,1.13821,1.1383
1748269905191.0,1.13815,1.13824
1748269905410.0,1.13817,1.13826
1748269906470.0,1.13813,1.13822
1748269909141.0,1.13814,1.13823
1748269910960.0,1.13818,1.13827
1748269912171.0,1.13817,1.13826
1748269913903.0,1.13816,1.13825
1748269920897.0,1.13817,1.13826
1748269922366.0,1.13815,1.13824
1748269925413.0,1.13816,1.13825
1748269927994.0,1.13814,1.13823
1748269930293.0,1.13815,1.13824
1748269932966.0,1.13816,1.13825
1748269948622.0,1.13819,1.13828
1748269949768.0,1.13822,1.13831
1748269952718.0,1.13821,1.1383
1748269954069.0,1.1383,1.13839
1748269954512.0,1.13832,
1748269958790.0,1.13833,1.13839
1748269962383.0,1.13829,1.13835
1748269962856.0,1.13828,1.13834
1748269967371.0,1.13832,1.13838
1748269967789.0,1.1383,1.13839
1748269968637.0,1.13826,1.13835
1748269968859.0,1.13827,1.13836
1748269973190.0,1.13826,1.13835
1748269975251.0,1.13827,1.13836
1748269976744.0,1.13829,1.13835
1748269980445.0,1.13831,1.13837
1748269980536.0,1.1383,1.13836
1748269981918.0,1.13833,1.13839
1748269983717.0,1.13826,1.13835
1748269990102.0,1.13825,1.13834
1748269992151.0,1.13827,1.13836
1748269997330.0,1.13828,1.13834
1748270000147.0,1.13823,1.13829
1748270002156.0,1.13825,1.13834
1748270004151.0,1.13824,1.13833
1748270016622.0,1.13826,1.13835
1748270016845.0,1.13827,1.13833
1748270025136.0,1.13829,1.13835
1748270029944.0,1.1383,1.13836
1748270031853.0,1.13832,1.13838
1748270036212.0,1.13833,1.13839
1748270041339.0,1.13839,1.13845
1748270041448.0,1.13836,1.13842
1748270044091.0,1.13835,1.13841
1748270044192.0,1.13834,1.1384
1748270050209.0,1.13833,1.13839
1748270052439.0,1.13834,1.1384
1748270061641.0,1.13832,1.13838
1748270064665.0,1.13834,1.1384
1748270066800.0,1.13838,1.13844
1748270069057.0,1.13839,1.13848
1748270074900.0,1.13838,1.13847
1748270076979.0,1.13837,1.13846
1748270082051.0,1.13838,1.13847
1748270084594.0,1.13835,1.13844
1748270086529.0,1.13837,1.13846
1748270098221.0,1.13841,1.1385
1748270098662.0,1.1384,1.13849
1748270098884.0,1.13841,1.1385
1748270100368.0,1.13842,1.13851
1748270104481.0,1.13844,1.13853
1748270105229.0,1.13843,1.13852
1748270109215.0,1.13841,1.1385
1748270113514.0,1.13838,1.13844
1748270129827.0,1.13843,1.13849
1748270130046.0,1.1384,1.13846
1748270130411.0,1.13841,1.13847
1748270133423.0,1.13842,1.13848
1748270134050.0,1.13834,1.1384
1748270134719.0,1.13835,1.13841
1748270136155.0,1.13833,1.13839
1748270141712.0,1.13838,1.13844
1748270152987.0,1.1383,1.13836
1748270153315.0,1.1383,1.13836
1748270155201.0,1.13829,1.13835
1748270161598.0,1.13828,1.13834
1748270163113.0,1.13826,1.13832
1748270170401.0,1.13824,1.1383
1748270172605.0,1.13823,1.13829
1748270174500.0,1.13817,1.13826
1748270175584.0,1.13818,1.13824
1748270179390.0,1.13812,1.13818
1748270182453.0,1.13811,1.13817
1748270182783.0,1.13812,1.13818
1748270183951.0,1.13811,1.13817
1748270188135.0,1.13812,1.13818
1748270188833.0,1.13811,1.13817
1748270190836.0,1.13813,1.13819
1748270195902.0,1.13812,1.13818
1748270198355.0,1.1381,1.13816
1748270203037.0,1.13811,1.13817
1748270207152.0,1.1381,1.13816
1748270208453.0,1.13811,1.13817
1748270209757.0,1.1381,1.13816
1748270214899.0,1.13812,1.13818
1748270215244.0,1.13811,1.13817
1748270218549.0,1.13813,1.13819
1748270220322.0,1.138,1.13812
1748270221782.0,1.13803,1.13814
1748270222002.0,,1.13812
1748270224364.0,1.13804,1.13813
1748270224442.0,1.13802,1.13816
1748270224777.0,,1.13817
1748270225568.0,1.13803,
1748270230520.0,1.13804,1.13816
1748270233408.0,1.13806,1.13815
1748270234107.0,1.13807,1.13816
1748270242586.0,1.13808,1.13817
1748270250443.0,1.13803,1.13815
1748270250768.0,1.13806,
1748270252764.0,1.13808,1.13817
1748270260516.0,1.13807,1.13816
1748270264462.0,1.13808,1.13817
1748270276535.0,1.13807,1.13816
1748270280149.0,1.1381,1.13819
1748270281223.0,1.13813,1.13822
1748270282354.0,1.13819,1.13825
1748270283237.0,1.13821,1.13827
1748270284007.0,1.1382,1.13829
1748270284116.0,1.13819,1.13828
1748270285953.0,1.1382,1.13829
1748270286061.0,1.13819,1.13828
1748270287063.0,1.13818,1.13827
1748270289356.0,1.13817,1.13826
1748270293922.0,1.13818,1.13827
1748270298431.0,1.13817,1.13826
1748270302779.0,1.13812,1.13821
1748270308516.0,1.13807,1.13816
1748270308738.0,1.13806,1.13815
1748270312526.0,1.13803,1.13812
1748270314384.0,1.13802,1.13811
1748270317101.0,1.138,1.13809
1748270317210.0,1.13799,1.13808
1748270317651.0,1.138,1.13809
1748270319348.0,1.13801,1.1381
1748270319719.0,1.13802,1.13808
1748270320888.0,1.13803,1.13809
1748270323692.0,1.13804,1.1381
1748270326640.0,1.13803,1.13809
1748270338875.0,1.13802,1.13808
1748270339209.0,1.13799,1.13808
1748270340220.0,1.13798,1.13807
1748270340325.0,1.13799,1.13808
1748270342692.0,1.13801,1.1381
1748270343721.0,1.13806,1.13815
1748270345891.0,1.13808,1.13817
1748270346587.0,1.13807,1.13816
1748270354630.0,1.13807,1.13816
1748270357776.0,1.1381,1.13819
1748270358773.0,1.13811,1.13817
1748270360793.0,1.13812,1.13818
1748270361016.0,1.13809,1.13815
1748270363774.0,1.13808,1.13814
1748270373973.0,1.13803,1.13812
1748270374208.0,1.13802,1.13811
1748270376032.0,1.13799,1.13808
1748270376110.0,1.13803,1.13809
1748270379117.0,1.138,1.13806
1748270379736.0,1.13801,1.13807
1748270383247.0,1.13804,1.1381
1748270387065.0,1.13811,1.13817
1748270387397.0,1.13817,1.13823
1748270387839.0,1.13818,1.13824
1748270391856.0,1.1382,1.13826
1748270392402.0,1.1382,1.13826
1748270400313.0,1.13822,1.13828
1748270403665.0,1.13823,1.13829
1748270405749.0,1.13821,1.1383
1748270408062.0,1.13822,1.13831
1748270409108.0,1.13821,1.1383
1748270411266.0,1.13818,1.13827
1748270411483.0,1.13817,1.13826
1748270415929.0,1.13813,1.13822
1748270416039.0,1.13811,1.1382
1748270417132.0,1.13808,1.13817
1748270418073.0,1.13809,1.13818
1748270418292.0,1.13808,1.13817
1748270421893.0,1.13807,1.13816
1748270423342.0,1.13806,1.13815
1748270433434.0,1.13807,1.13816
1748270433892.0,1.13804,1.13813
1748270437971.0,1.13801,1.1381
1748270438521.0,1.13801,1.1381
1748270440363.0,1.13802,1.13811
1748270442523.0,1.13803,1.13812
1748270442980.0,1.13807,1.13816
1748270443728.0,1.13809,1.13818
1748270444031.0,1.13811,1.13817
1748270445738.0,1.13812,1.13818
1748270446601.0,1.13811,1.1382
1748270450123.0,1.1382,1.13826
1748270450238.0,1.13819,1.13825
1748270451684.0,1.13818,1.13824
1748270455371.0,1.13819,1.13825
1748270455918.0,1.13821,1.13827
1748270456968.0,1.13824,1.1383
1748270457833.0,1.13822,1.13831
1748270462639.0,1.13824,1.13833
1748270462976.0,1.13823,1.13832
1748270472530.0,1.13817,1.13826
1748270474020.0,1.13818,1.13827
1748270477887.0,1.13821,1.1383
1748270478105.0,1.13815,1.13824
1748270479849.0,1.13814,1.13823
1748270484698.0,1.13812,1.13821
1748270488445.0,1.13811,1.1382
1748270494029.0,1.13812,1.13821
1748270494358.0,1.1381,1.13819
1748270494689.0,1.13811,1.1382
1748270494797.0,1.13813,1.13822
1748270497597.0,1.13812,1.13821
1748270503786.0,1.13813,1.13822
1748270507156.0,1.13811,1.1382
1748270507509.0,1.13812,1.13821
1748270508703.0,1.13816,1.13825
1748270508811.0,1.13817,1.13826
1748270510785.0,1.1382,
1748270511006.0,1.13819,1.13825
1748270518024.0,1.13818,1.13824
1748270518929.0,1.13816,1.13822
1748270520153.0,1.13818,1.13824
1748270520381.0,1.13817,1.13823
1748270521513.0,1.13818,1.13824
1748270522014.0,1.13816,1.13825
1748270524608.0,1.13817,1.13826
1748270525446.0,1.13818,1.13824
1748270528160.0,1.13823,1.13829
1748270533190.0,1.13821,1.1383
1748270540777.0,1.13819,1.13828
1748270542098.0,1.13821,1.1383
1748270547158.0,1.13822,1.13831
1748270548602.0,1.13828,1.13837
1748270549039.0,1.13826,
1748270557540.0,1.13827,1.13838
1748270558621.0,1.13828,1.13837
1748270559085.0,1.13829,1.13838
1748270565059.0,1.13828,1.13837
1748270566377.0,1.13829,1.13838
1748270573054.0,1.1383,1.13839
1748270573987.0,1.13827,1.13836
1748270578252.0,1.13828,1.13837
1748270583927.0,1.13829,1.13835
1748270592050.0,1.13828,1.13834
1748270601106.0,1.13827,1.13833
1748270601431.0,1.13825,1.13834
1748270605521.0,1.13827,1.13836
1748270616709.0,1.13828,1.13837
1748270617149.0,1.13825,1.13834
1748270621325.0,1.13823,1.13832
1748270624740.0,1.13822,1.13834
1748270625480.0,1.1382,1.13831
1748270630048.0,1.13821,1.1383
1748270634544.0,1.13822,1.13831
1748270637667.0,1.13821,1.1383
1748270637753.0,1.13818,1.13827
1748270639451.0,1.13817,1.13828
1748270646182.0,1.13816,
1748270647558.0,1.13815,1.13826
1748270649980.0,1.13814,1.13825
1748270650971.0,1.13815,1.13824
1748270656562.0,1.13816,1.13825
1748270657498.0,1.13815,1.13824
1748270661421.0,1.13816,1.13825
1748270662555.0,1.13815,1.13824
1748270669711.0,1.13817,1.13826
1748270682076.0,1.13811,1.1382
1748270687194.0,1.13811,1.1382
1748270694182.0,1.13816,1.13825
1748270694952.0,1.13817,1.13826
1748270695179.0,1.13814,1.13823
1748270695504.0,1.13812,1.13821
1748270696163.0,1.13811,1.1382
1748270699845.0,1.13809,1.13818
1748270700505.0,1.13811,1.1382
1748270704586.0,1.13812,1.13821
1748270706303.0,1.13808,1.13824
1748270712692.0,1.13813,1.13828
1748270716676.0,1.13814,1.13829
1748270720579.0,1.13809,
1748270728077.0,1.1381,
1748270733325.0,1.13805,1.13818
1748270738458.0,1.13804,1.13816
1748270739164.0,1.13805,1.13817
1748270739386.0,1.13806,1.13818
1748270741924.0,1.13807,1.13816
1748270742417.0,1.13808,1.13817
1748270743521.0,1.13807,1.13816
1748270752362.0,1.13806,1.13815
1748270754038.0,1.13807,1.13816
1748270765081.0,1.1381,1.13819
1748270771538.0,1.13807,1.13816
1748270782076.0,1.13812,1.13821
1748270787746.0,1.13811,1.1382
1748270804501.0,1.13815,1.13824
1748270806267.0,1.13814,1.13823
1748270806507.0,1.13812,1.13821
1748270810268.0,1.13808,1.13817
1748270810914.0,1.13809,1.13818
1748270813791.0,1.13806,1.13815
1748270820188.0,1.13807,1.13816
1748270824990.0,1.13806,1.13815
1748270835260.0,1.13807,1.13816
1748270856485.0,1.13812,1.13821
1748270857757.0,1.13807,1.13816
1748270860482.0,1.1381,1.13819
1748270868505.0,1.13806,1.13815
1748270878371.0,1.13805,1.13814
1748270881365.0,1.13807,1.13816
1748270890061.0,1.13812,1.13821
1748270894011.0,1.13811,1.1382
1748270899237.0,1.13812,1.13821
1748270899569.0,1.13814,1.13823
1748270900199.0,1.13813,1.13822
1748270900749.0,1.13812,1.13821
1748270921940.0,1.13813,1.13822
1748270925729.0,1.13817,1.13826
1748270941374.0,1.13809,1.13818
1748270941490.0,1.13811,1.1382
1748270942372.0,1.13812,1.13821
1748270946182.0,1.13811,1.1382
1748270946289.0,1.13808,1.13817
1748270947349.0,1.13805,1.13814
1748270947676.0,1.13803,1.13812
1748270950136.0,1.13805,1.13814
1748270952049.0,1.13806,1.13815
1748270957745.0,1.13807,1.13816
1748270960180.0,1.13808,1.13814
1748270963437.0,1.13809,1.13815
1748270964112.0,1.1381,1.13816
1748270965108.0,1.13815,1.13821
1748270969156.0,1.13816,1.13822
1748270969374.0,1.13816,1.13822
1748270970147.0,1.13817,1.13823
1748270970364.0,1.13818,1.13824
1748270979589.0,1.13825,1.13831
1748270980252.0,1.13824,1.1383
1748270980611.0,1.13823,1.13829
1748270981593.0,1.13825,1.13831
1748270981922.0,1.13824,1.1383
1748270985089.0,1.13826,1.13832
1748270985528.0,1.13824,1.1383
1748270992623.0,1.13822,1.13828
1748270995555.0,1.13823,1.13829
1748270997523.0,1.13828,1.13834
1748271001656.0,1.13826,1.13832
1748271004184.0,1.13827,1.13833
1748271009701.0,1.13825,1.13831
1748271017543.0,1.13826,1.13832
1748271026043.0,1.13828,1.13834
1748271032563.0,1.13829,1.13835
1748271034308.0,1.1383,1.13836
1748271034414.0,1.13832,1.13838
1748271047241.0,1.13823,1.13829
1748271047352.0,1.13822,1.13828
1748271047794.0,1.13824,1.1383
1748271048870.0,1.13823,1.13829
1748271053107.0,1.13822,1.13828
1748271053437.0,1.13816,1.13822
1748271054112.0,1.13813,1.13819
1748271054324.0,1.13813,1.13819
1748271056862.0,1.13814,1.1382
1748271060002.0,1.13813,1.13819
1748271062469.0,1.13814,1.1382
1748271062947.0,1.13813,1.13819
1748271069637.0,1.13814,1.1382
1748271069968.0,1.13815,1.13821
1748271070062.0,1.13816,1.13822
1748271076008.0,1.13813,
1748271076773.0,1.13812,1.13821
1748271077472.0,1.13814,1.1382
1748271077912.0,1.13816,1.13822
1748271078803.0,1.13818,1.13824
1748271080007.0,1.13817,1.13823
1748271080557.0,1.13813,1.13819
1748271083527.0,1.13813,1.13819
1748271086319.0,1.13814,1.1382
1748271091449.0,1.13829,1.13835
1748271102523.0,1.13828,1.13837
1748271104892.0,1.13832,1.13841
1748271105483.0,1.13833,1.13842
1748271107943.0,1.13832,1.13841
1748271109707.0,1.13835,1.13844
1748271110149.0,1.13834,1.13843
1748271111040.0,1.13832,1.13841
1748271129624.0,1.13833,1.13842
1748271130629.0,1.13832,1.13841
1748271147754.0,1.13833,1.13842
1748271149470.0,1.13832,1.13841
1748271149586.0,1.13833,1.13839
1748271149910.0,1.13832,1.13841
1748271151313.0,1.13833,1.13842
1748271152410.0,1.13832,1.13841
1748271165328.0,1.13833,1.13842
1748271166111.0,1.13829,1.13835
1748271167404.0,1.13831,1.13837
1748271170210.0,1.1383,1.13836
1748271178644.0,1.13832,1.13838
1748271180946.0,1.13833,1.13839
1748271186889.0,1.13828,1.13834
1748271199167.0,1.13826,1.13832
1748271200098.0,1.13824,1.1383
1748271201939.0,1.13823,1.13829
1748271202163.0,1.13824,1.1383
1748271208427.0,1.13823,1.13829
1748271214089.0,1.13826,1.13832
1748271216240.0,1.13824,1.1383
1748271216345.0,1.13826,1.13832
1748271228777.0,1.13822,1.13828
1748271231899.0,1.13821,1.13827
1748271236457.0,1.13822,1.13828
1748271236862.0,1.13823,1.13829
1748271271123.0,1.13824,1.1383
1748271296496.0,1.13822,1.13831
1748271298462.0,1.13827,1.13836
1748271298682.0,1.13824,1.13833
1748271301556.0,1.13825,1.13834
1748271305236.0,1.13824,1.13833
1748271306914.0,1.13823,1.13832
1748271310099.0,1.13822,1.13831
1748271311906.0,1.13821,1.1383
1748271312005.0,1.13817,1.13826
1748271315035.0,1.13814,1.13823
1748271315259.0,1.13814,1.13823
1748271315579.0,1.13818,1.13827
1748271317839.0,1.1382,1.13829
1748271320789.0,1.13818,1.13827
1748271323935.0,1.13814,1.13823
1748271324375.0,1.13817,1.13826
1748271326649.0,1.13816,1.13825
1748271327835.0,1.13817,1.13826
1748271330866.0,1.13814,1.13823
1748271331194.0,1.13816,1.13825
1748271332130.0,1.13817,1.13826
1748271344771.0,1.13816,1.13825
1748271344883.0,1.13818,1.13827
1748271344991.0,1.13819,1.13828
1748271345321.0,1.13818,1.13827
1748271345651.0,1.1382,1.13829
1748271347334.0,1.13818,1.13827
1748271349588.0,1.13817,1.13826
1748271352476.0,1.13818,1.13827
1748271360704.0,1.13819,1.13828
1748271361414.0,1.13821,1.1383
1748271361758.0,1.1382,1.13829
1748271364513.0,1.13822,1.13831
1748271364735.0,1.13824,1.1383
1748271366235.0,1.13822,1.13828
1748271366346.0,1.13823,1.13829
1748271366462.0,1.13822,1.13828
1748271368150.0,1.13824,1.1383
1748271368737.0,1.1382,1.13826
1748271368852.0,1.13817,
1748271369177.0,1.13818,1.13827
1748271369286.0,1.13815,1.13824
1748271369955.0,1.13812,1.13821
1748271374289.0,1.13816,1.13825
1748271376319.0,1.13813,1.13822
1748271376414.0,1.13814,1.13823
1748271377762.0,1.13815,1.13824
1748271381223.0,1.13814,1.13823
1748271382026.0,1.13813,1.13822
1748271383485.0,1.13812,1.13821
1748271385088.0,1.13815,1.13824
1748271385804.0,1.13816,1.13825
1748271389794.0,1.13819,1.13828
1748271389903.0,1.1382,1.13829
1748271390966.0,1.13817,1.13826
1748271393411.0,1.13816,1.13825
1748271396990.0,1.13813,1.13822
1748271397100.0,1.13811,1.1382
1748271399583.0,1.13809,1.13818
1748271400086.0,1.13811,1.1382
1748271402437.0,1.1381,1.13819
1748271410473.0,1.13815,1.13824
1748271410585.0,1.13817,1.13826
1748271411025.0,1.13816,1.13825
1748271411135.0,1.13815,1.13824
1748271415839.0,1.13814,1.13823
1748271419707.0,1.13815,1.13824
1748271421165.0,1.13814,1.13823
1748271421768.0,1.13815,1.13824
1748271421988.0,1.13817,1.13823
1748271432337.0,1.1382,1.13826
1748271434035.0,1.13823,1.13829
1748271434154.0,1.13826,1.13832
1748271434383.0,1.1383,1.13836
1748271434584.0,1.13829,1.13835
1748271437828.0,1.1383,1.13836
1748271439304.0,1.13831,1.13837
1748271440254.0,1.13832,1.13838
1748271441603.0,1.13834,1.1384
1748271443222.0,1.13833,1.13839
1748271447041.0,1.13833,1.13839
1748271447147.0,1.13834,1.1384
1748271447767.0,1.13833,1.13839
1748271448758.0,1.13832,1.13841
1748271450152.0,1.13835,1.13844
1748271450370.0,1.13834,1.13843
1748271454157.0,1.13835,1.13841
1748271455614.0,1.13837,1.13843
1748271461193.0,1.13835,1.13844
1748271463616.0,1.13836,1.13845
1748271464386.0,1.13837,1.13846
1748271467687.0,1.13832,1.13841
1748271467904.0,1.1383,1.13839
1748271472045.0,1.13831,1.1384
1748271472769.0,1.13832,1.13841
1748271474268.0,1.13834,1.13843
1748271476233.0,1.13833,1.13842
1748271479064.0,1.13829,1.13838
1748271480410.0,1.1383,1.13839
1748271482157.0,1.13829,1.13838
1748271483142.0,1.13831,1.1384
1748271485239.0,1.13832,1.13841
1748271485688.0,1.13836,1.13842
1748271487367.0,1.13834,1.1384
1748271491713.0,1.13833,1.13839
1748271493694.0,1.13834,1.13843
1748271494022.0,1.13836,1.13845
1748271499583.0,1.13835,1.13844
1748271502673.0,1.13837,1.13846
1748271503624.0,1.13836,1.13845
1748271504363.0,1.13837,1.13846
1748271504590.0,1.13839,1.13848
1748271504803.0,1.13841,1.1385
1748271505804.0,1.13839,1.13848
1748271506356.0,1.13833,1.13842
1748271508562.0,1.13835,1.13844
1748271509808.0,1.13836,1.13845
1748271510030.0,1.13835,1.13844
1748271515932.0,1.13833,1.13842
1748271516391.0,1.13834,1.13843
1748271517359.0,1.13829,1.13838
1748271519479.0,1.1383,1.13839
1748271521575.0,1.13832,1.13841
1748271524048.0,1.13833,1.13842
1748271524159.0,1.13834,1.13843
1748271525136.0,1.13832,1.13841
1748271528858.0,1.1383,1.13839
1748271530206.0,1.13829,1.13838
1748271531203.0,1.13828,1.13837
1748271531863.0,1.13829,1.13838
1748271531977.0,1.1383,1.13839
1748271532936.0,1.13835,1.13844
1748271533484.0,1.13834,1.13843
1748271534742.0,1.13835,1.13844
1748271538622.0,1.13836,1.13845
1748271540177.0,1.13835,1.13844
1748271542367.0,1.13833,1.13842
1748271543519.0,1.13832,1.13841
1748271543739.0,1.13834,1.13843
1748271544617.0,1.13835,1.13844
1748271545284.0,1.13836,1.13845
1748271545723.0,1.13836,1.13845
1748271546762.0,1.13837,1.13846
1748271546871.0,1.13836,1.13845
1748271549583.0,1.13834,1.13843
1748271549692.0,1.13835,1.13844
1748271549914.0,1.13836,1.13845
1748271550133.0,1.13837,1.13846
1748271553053.0,1.13836,1.13845
1748271557298.0,1.13835,1.13844
1748271560313.0,1.13834,1.13843
1748271561352.0,1.13835,1.13844
1748271562232.0,1.13836,1.13845
1748271563692.0,1.13838,1.13847
1748271565459.0,1.13836,1.13845
1748271568512.0,1.13837,1.13846
1748271570052.0,1.13833,1.13842
1748271570494.0,1.13834,1.13843
1748271573344.0,1.13835,1.13844
1748271574205.0,1.13833,1.13842
1748271576305.0,1.1383,1.13839
1748271576635.0,1.13831,1.1384
1748271578427.0,1.13832,1.13841
1748271578530.0,1.13835,1.13844
1748271579574.0,1.13836,1.13845
1748271581557.0,1.13835,1.13844
1748271583549.0,1.13833,1.13842
1748271589513.0,1.13832,1.13841
1748271592116.0,1.13838,1.13847
1748271592555.0,1.13839,1.13848
1748271592665.0,1.13838,1.13847
1748271592780.0,1.13837,1.13846
1748271596160.0,1.13838,1.13847
1748271596599.0,1.13837,1.13846
1748271596930.0,1.13838,1.13847
1748271598589.0,1.13841,1.1385
1748271599449.0,1.13839,1.13848
1748271600108.0,1.13841,1.1385
1748271601318.0,1.13842,1.13851
1748271602244.0,1.13841,1.1385
1748271603313.0,1.13839,1.13848
1748271603428.0,1.13841,1.1385
1748271604303.0,1.1384,1.13849
1748271604639.0,1.13842,1.13851
1748271604744.0,1.1384,1.13849
1748271605600.0,1.13842,1.13851
1748271607352.0,1.1384,1.13849
1748271609293.0,1.13841,1.1385
1748271609400.0,1.13842,1.13851
1748271611382.0,1.13843,1.13852
1748271615497.0,1.13841,1.1385
1748271617757.0,1.13839,1.13848
1748271618187.0,1.1384,1.13849
1748271619801.0,1.13842,1.13851
1748271626494.0,1.13843,1.13852
1748271626601.0,1.13844,1.13853
1748271628089.0,1.13843,1.13852
1748271630008.0,1.13844,1.13853
1748271632807.0,1.1384,1.13849
1748271633137.0,1.13839,1.13848
1748271633261.0,1.1384,1.13849
1748271634613.0,1.13838,1.13847
1748271635644.0,1.1384,1.13849
1748271636210.0,1.13839,1.13848
1748271636998.0,1.13838,1.13847
1748271637492.0,1.13837,1.13846
1748271637932.0,1.1384,1.13849
1748271638371.0,1.13841,1.1385
1748271638481.0,1.13843,1.13849
1748271641313.0,1.13842,1.13851
1748271642441.0,1.13843,1.13852
1748271645146.0,1.13844,1.13853
1748271645372.0,1.13843,1.13852
1748271645480.0,1.13844,1.13853
1748271646028.0,1.13843,1.13852
1748271647538.0,1.13844,1.13853
1748271650688.0,1.13843,1.13852
1748271650919.0,1.13845,1.13854
1748271653697.0,1.13852,1.13861
1748271654025.0,1.1385,1.13856
1748271654246.0,1.13849,1.13855
1748271655574.0,1.13847,1.13856
1748271655794.0,1.13849,1.13858
1748271656013.0,1.13848,1.13857
1748271659030.0,1.13847,1.13856
1748271659360.0,1.13846,1.13855
1748271660240.0,1.13843,1.13852
1748271661288.0,1.13842,1.13851
1748271661503.0,1.13838,1.13847
1748271661724.0,1.13841,1.1385
1748271662493.0,1.1384,1.13849
1748271663284.0,1.13842,1.13851
1748271664721.0,1.13841,1.1385
1748271665052.0,1.13842,1.13851
1748271665271.0,1.13841,1.1385
1748271667016.0,1.1384,1.13849
1748271668552.0,1.13841,1.1385
1748271671067.0,1.13842,1.13851
1748271671506.0,1.13841,1.1385
1748271671629.0,1.13839,1.13848
1748271671723.0,1.13837,1.13846
1748271672163.0,1.13835,1.13844
1748271672933.0,1.13834,1.13843
1748271673169.0,1.13835,1.13844
1748271674570.0,1.13836,1.13845
1748271678625.0,1.13837,1.13846
1748271679637.0,1.13838,1.13847
1748271680189.0,1.13839,1.13848
1748271683776.0,1.13837,1.13846
1748271685425.0,1.13839,1.13848
1748271686426.0,1.13838,1.13847
1748271686644.0,1.13836,1.13845
1748271686863.0,1.13834,1.13843
1748271686973.0,1.13833,1.13842
1748271687303.0,1.13834,1.13843
1748271687853.0,1.13835,1.13844
1748271688633.0,1.13834,1.13843
1748271689604.0,1.13837,
1748271689930.0,1.13835,1.13844
1748271691630.0,1.13836,1.13845
1748271693008.0,1.13837,1.13846
1748271693779.0,1.13833,1.13842
1748271694327.0,1.13832,1.13841
1748271695190.0,1.13834,1.13843
1748271696289.0,1.13835,1.13844
1748271696510.0,1.13836,1.13845
1748271696730.0,1.13837,1.13846
1748271696950.0,1.13836,1.13845
1748271698379.0,1.13835,1.13844
1748271699135.0,1.13834,1.13843
1748271699582.0,1.13835,1.13844
1748271700436.0,1.13837,1.13846
1748271701451.0,1.13836,1.13845
1748271704394.0,1.13838,1.13847
1748271704854.0,1.13837,1.13846
1748271705073.0,1.13835,1.13844
1748271705182.0,1.13833,1.13842
1748271705402.0,1.13829,1.13838
1748271708624.0,1.1383,1.13839
1748271711410.0,1.13831,1.1384
1748271711740.0,1.13832,1.13841
1748271715705.0,1.13833,1.13842
1748271717064.0,1.13834,1.13843
1748271717282.0,1.13835,1.13844
1748271717394.0,1.13837,1.13846
1748271717620.0,1.13833,1.13842
1748271717832.0,1.13834,1.13843
1748271719107.0,1.13832,1.13841
1748271721703.0,1.13833,1.13842
1748271721812.0,1.13834,1.13843
1748271724961.0,1.13833,1.13842
1748271725319.0,1.13834,1.13843
1748271727421.0,1.13835,1.13844
1748271727530.0,1.13836,1.13845
1748271728005.0,1.13835,1.13844
1748271728339.0,1.13834,1.13843
1748271729530.0,1.13835,1.13844
1748271730477.0,1.13836,1.13845
1748271733402.0,1.13835,1.13844
1748271733841.0,1.13834,1.13843
1748271734174.0,1.13831,1.1384
1748271736437.0,1.13835,1.13844
1748271736664.0,1.13836,1.13845
1748271736989.0,1.13839,1.13848
1748271737322.0,1.13837,1.13846
1748271737538.0,1.13834,1.13843
1748271737872.0,1.13835,1.13844
1748271738603.0,1.13836,1.13845
1748271739042.0,1.13835,1.13844
1748271739700.0,1.13836,1.13845
1748271740139.0,1.13835,1.13844
1748271742042.0,1.13836,1.13845
1748271742962.0,1.13835,1.13844
1748271743179.0,1.1383,1.13839
1748271743510.0,1.13828,1.13837
1748271745705.0,1.13829,1.13838
1748271746395.0,1.1383,1.13839
1748271747969.0,1.13831,1.1384
1748271748515.0,1.13834,1.13843
1748271749684.0,1.13835,1.13844
1748271750840.0,1.13834,1.13843
1748271753019.0,1.13832,1.13841
1748271754945.0,1.13834,1.13843
1748271757142.0,1.13831,1.1384
1748271758822.0,1.13833,1.13842
1748271759373.0,1.1383,1.13839
1748271760376.0,1.13832,1.13841
1748271763232.0,1.13831,1.1384
1748271764102.0,1.13829,1.13838
1748271764535.0,1.1383,1.13839
1748271765735.0,1.13832,1.13841
1748271775731.0,1.13839,1.13848
1748271775937.0,1.13837,1.13846
1748271776851.0,1.13839,1.13848
1748271779785.0,1.13838,1.13847
1748271780344.0,1.13836,1.13845
1748271782642.0,1.13841,1.1385
1748271782752.0,1.13837,1.13846
1748271790517.0,1.13836,1.13845
1748271791101.0,1.13834,1.13843
1748271792517.0,1.13838,1.13847
1748271792625.0,1.13837,1.13846
1748271798270.0,1.1383,1.13839
1748271807387.0,1.13828,1.13837
1748271807608.0,1.13823,1.13832
1748271807848.0,1.13824,1.13833
1748271809371.0,1.13822,1.13831
1748271810468.0,1.13821,1.1383
1748271815000.0,1.13819,1.13828
1748271816198.0,1.13817,1.13826
1748271816705.0,1.13815,1.13824
1748271817753.0,1.13814,1.13823
1748271817868.0,1.13816,1.13825
1748271818770.0,1.13818,1.13827
1748271820220.0,1.13816,1.13825
1748271824857.0,1.13818,1.13827
1748271825078.0,1.13817,1.13826
1748271830933.0,1.13818,1.13827
1748271836190.0,1.13817,1.13826
1748271837049.0,1.13815,1.13824
1748271837474.0,1.13816,1.13825
1748271844874.0,1.13817,1.13826
1748271850559.0,1.13815,1.13824
1748271851118.0,1.13816,1.13825
1748271851568.0,1.13815,1.13824
1748271853401.0,1.13814,1.13823
1748271857724.0,1.13816,1.13825
1748271858163.0,1.13814,1.13823
1748271863570.0,1.13816,1.13825
1748271864763.0,1.13819,1.13828
1748271866560.0,1.13817,1.13826
1748271869906.0,1.13818,1.13827
1748271874868.0,1.13817,1.13826
1748271879031.0,1.13816,1.13825
1748271882548.0,1.13812,1.13821
1748271882607.0,1.13814,1.13823
1748271883791.0,1.13815,1.13824
1748271884019.0,1.13817,1.13826
1748271884577.0,1.13821,1.1383
1748271885339.0,1.13817,1.13826
1748271888287.0,1.13816,1.13825
1748271888738.0,1.13815,1.13824
1748271888840.0,1.13814,1.13823
1748271898264.0,1.13813,1.13822
1748271900235.0,1.13811,1.1382
1748271901161.0,1.13812,1.13821
1748271921919.0,1.13813,1.13822
1748271922029.0,1.13818,1.13827
1748271922157.0,1.13821,1.1383
1748271924539.0,1.13824,1.13833
1748271928016.0,1.13826,1.13835
1748271932547.0,1.13823,1.13832
1748271932657.0,1.13822,1.13831
1748271937229.0,1.13821,1.1383
1748271939744.0,1.13817,1.13826
1748271940135.0,1.13816,1.13825
1748271941012.0,1.13815,1.13824
1748271941555.0,1.13814,1.13823
1748271941990.0,1.13811,1.1382
1748271945158.0,1.13812,1.13821
1748271948931.0,1.13811,1.1382
1748271959155.0,1.13813,1.13822
1748271960324.0,1.13812,1.13821
1748271964953.0,1.13811,1.1382
1748271972079.0,1.13812,1.13821
1748271979785.0,1.1381,1.13819
1748271980446.0,1.13809,1.13818
1748271980666.0,1.1381,1.13819
1748271981906.0,1.13811,1.1382
1748271984731.0,1.1381,1.13819
1748271991067.0,1.13809,1.13818
1748271991285.0,1.13808,1.13817
1748271999574.0,1.1381,1.13819
1748272009142.0,1.13812,1.13821
1748272010613.0,1.1381,1.13819
1748272027619.0,1.13812,1.13821
1748272033235.0,1.13809,1.13818
1748272038459.0,1.1381,1.13819
1748272043999.0,1.13809,1.13818
1748272045269.0,1.13807,1.13816
1748272054283.0,1.13806,1.13815
1748272087176.0,1.13807,1.13816
1748272102701.0,1.13804,1.13818
1748272109394.0,1.13807,1.13816
1748272110831.0,1.13805,1.13814
1748272115864.0,1.13806,1.13815
1748272116100.0,1.13808,1.13817
1748272116208.0,1.13807,1.13816
1748272117757.0,1.13808,1.13817
1748272117977.0,1.13812,1.13821
1748272119806.0,1.13811,1.1382
1748272120137.0,1.13806,1.13815
1748272120246.0,1.13807,1.13816
1748272123546.0,1.13806,1.13815
1748272123876.0,1.13807,1.13816
1748272124215.0,1.13809,1.13818
1748272129953.0,1.13807,1.13816
1748272130172.0,1.13806,1.13815
1748272132355.0,1.13807,1.13816
1748272134816.0,1.13806,1.13821
1748272135202.0,1.13808,1.13822
1748272135313.0,1.1381,1.13825
1748272135423.0,1.13812,1.13826
1748272135533.0,1.13814,1.13828
1748272136081.0,,1.13827
1748272141584.0,1.13813,1.13826
1748272144945.0,1.1381,1.13822
1748272145456.0,1.13809,
1748272147041.0,1.13808,1.1382
1748272147151.0,1.13809,1.13821
1748272151010.0,1.1381,1.13819
1748272151931.0,1.13809,1.13821
1748272152930.0,1.1381,1.13819
1748272154238.0,1.13808,1.13817
1748272154457.0,1.13809,1.13818
1748272155607.0,1.13808,1.13817
1748272165690.0,1.13811,1.1382
1748272165916.0,1.1381,1.13819
1748272167034.0,1.13809,1.13818
1748272171376.0,1.13808,1.13817
1748272172519.0,1.1381,1.13819
1748272174997.0,1.13819,1.13828
1748272175107.0,1.1382,1.13829
1748272176120.0,1.13821,1.1383
1748272178545.0,1.13822,1.13831
1748272180705.0,1.13821,1.1383
1748272195067.0,1.13819,1.13828
1748272195177.0,1.1381,1.13819
1748272195726.0,1.13808,1.13817
1748272198853.0,1.13802,1.13811
1748272199194.0,1.13803,1.13812
1748272199294.0,1.13802,1.13811
1748272207149.0,1.13803,1.13812
1748272207266.0,1.13804,1.13813
1748272208401.0,1.13801,1.1381
1748272210009.0,1.13802,1.13811
1748272211122.0,1.13801,1.1381
1748272215999.0,1.138,1.13809
1748272216104.0,1.13797,1.13806
1748272216703.0,1.13796,1.13805
1748272216813.0,1.13795,1.13804
1748272219923.0,1.13794,1.13803
1748272221680.0,1.13793,1.13802
1748272244557.0,1.13796,1.13805
1748272244666.0,1.13797,1.13806
1748272244886.0,1.13796,1.13805
1748272245001.0,1.13795,1.13804
1748272246638.0,1.13793,1.13802
1748272250114.0,1.13787,1.13796
1748272258028.0,1.13786,1.13795
1748272259159.0,1.1379,1.13799
1748272259983.0,1.13795,1.13804
1748272260312.0,1.13793,1.13802
1748272265165.0,1.13796,1.13805
1748272271773.0,1.13793,1.13802
1748272271881.0,1.13794,1.13803
1748272282400.0,1.13793,1.13802
1748272292094.0,1.13797,1.13803
1748272297693.0,1.13795,1.13804
1748272300612.0,1.13797,1.13803
1748272307865.0,1.13795,1.13801
1748272309535.0,1.13797,1.13803
1748272311052.0,1.13798,1.13804
1748272315736.0,1.13803,1.13809
1748272315958.0,1.13805,1.13811
1748272318352.0,1.13803,1.13812
1748272319972.0,1.13802,1.13811
1748272320192.0,1.13804,1.13813
1748272320925.0,1.13803,1.13812
1748272321652.0,1.13805,1.13814
1748272323919.0,1.13808,1.13817
1748272328204.0,1.13809,1.13818
1748272328320.0,1.1381,1.13819
1748272331703.0,1.13808,1.13817
1748272335051.0,1.13807,1.13816
1748272335269.0,1.13808,1.13817
1748272338732.0,1.13812,1.13818
1748272339174.0,1.13813,1.13819
1748272341205.0,1.13808,1.13814
1748272362045.0,1.13807,1.13813
1748272362156.0,1.13803,1.13809
1748272364753.0,1.13807,1.13813
1748272365318.0,1.13808,1.13814
1748272365784.0,1.13807,1.13813
1748272375343.0,1.13808,1.13814
1748272378031.0,1.13809,1.13815
1748272380296.0,1.13812,1.13818
1748272381822.0,1.1381,1.13816
1748272384133.0,1.13801,1.1381
1748272384241.0,1.13799,1.13808
1748272385174.0,1.138,1.13809
1748272387345.0,1.13801,1.1381
1748272392284.0,1.138,1.13809
1748272399759.0,1.13801,1.1381
1748272405363.0,1.138,1.13809
1748272409709.0,1.13801,1.1381
1748272416563.0,1.138,1.13809
1748272431061.0,1.13801,1.1381
1748272437108.0,1.13799,1.13808
1748272437327.0,1.138,1.13809
1748272437556.0,1.13801,1.1381
1748272439272.0,1.138,1.13809
1748272439891.0,1.13801,1.1381
1748272444957.0,1.138,1.13809
1748272445175.0,1.13787,1.138
1748272445294.0,1.13788,1.13801
1748272446226.0,1.1379,
1748272447380.0,1.13786,1.13797
1748272447490.0,,1.13795
1748272456236.0,1.13785,1.13794
1748272466142.0,1.13783,1.13792
1748272467063.0,1.13784,1.13793
1748272467174.0,1.13785,1.13794
1748272473974.0,1.13783,1.13792
1748272476185.0,1.13784,1.13793
1748272478735.0,1.13782,1.13791
1748272479682.0,1.13781,1.1379
1748272482119.0,1.13782,1.13791
1748272483549.0,1.13783,1.13792
1748272484308.0,1.13784,1.13793
1748272485265.0,1.13782,1.13791
1748272485704.0,1.13781,1.1379
1748272485818.0,1.13778,1.13787
1748272487917.0,1.13782,1.13791
1748272490211.0,1.13781,1.1379
1748272494399.0,1.13782,1.13791
1748272494863.0,1.13781,1.1379
1748272503103.0,1.13782,1.13791
1748272504122.0,1.13781,1.1379
1748272523242.0,1.1378,1.13789
1748272523341.0,1.13776,1.13785
1748272546519.0,1.13775,1.13784
1748272550384.0,1.13776,1.13785
1748272550491.0,1.13775,1.13784
1748272582495.0,1.13777,1.13786
1748272585366.0,1.13776,1.13785
1748272591326.0,1.13775,1.13784
1748272604210.0,1.13785,1.13794
1748272606416.0,1.13786,1.13795
1748272607955.0,1.13785,1.13794
1748272611854.0,1.13786,1.13795
1748272621016.0,1.13792,1.13801
1748272621574.0,1.13791,1.138
1748272623519.0,1.13789,1.13798
1748272632179.0,1.13788,1.13797
1748272632287.0,1.13789,1.13798
1748272635164.0,1.13791,1.138
1748272639095.0,1.13792,1.13801
1748272639209.0,1.13791,1.138
1748272642988.0,1.1379,1.13799
1748272643107.0,1.13788,1.13797
1748272643208.0,1.1379,1.13799
1748272645779.0,1.13788,1.13797
1748272646585.0,1.13789,1.13798
1748272648167.0,1.13788,1.13797
1748272660329.0,1.13787,1.13796
1748272660440.0,1.13786,1.13795
1748272661906.0,1.13787,1.13796
1748272678099.0,1.13788,1.13797
1748272681080.0,1.13791,1.138
1748272714116.0,1.13786,1.13795
1748272718539.0,1.13785,1.13794
1748272736624.0,1.13784,1.13793
1748272737243.0,1.13786,1.13795
1748272738334.0,1.13787,1.13796
1748272745225.0,1.13786,1.13795
1748272764148.0,1.13783,1.13792
1748272767963.0,1.13785,1.13794
1748272768072.0,1.13789,1.13798
1748272769758.0,1.1379,1.13799
1748272777720.0,1.13791,1.138
1748272778454.0,1.13789,1.13798
1748272784121.0,1.13788,1.13797
1748272788061.0,1.13789,1.13798
1748272791600.0,1.13791,1.138
1748272800426.0,1.13792,1.13801
1748272803158.0,1.13799,1.13808
1748272803269.0,1.13801,1.1381
1748272810563.0,1.138,1.13809
1748272812951.0,1.13801,1.1381
1748272814260.0,1.13805,1.13814
1748272828463.0,1.13795,1.13804
1748272828576.0,1.13796,1.13805
1748272845351.0,1.13794,1.13803
1748272854629.0,1.13791,1.138
1748272856221.0,1.13792,1.13801
1748272858264.0,1.13791,1.138
1748272862194.0,1.1379,1.13799
1748272870747.0,1.13789,1.13798
1748272870855.0,1.1379,1.13799
1748272872741.0,1.13788,1.13797
1748272875674.0,1.1379,1.13799
1748272885303.0,1.13791,1.138
1748272899603.0,1.13796,1.13805
1748272900458.0,1.13797,1.13806
1748272904240.0,1.13799,1.13808
1748272909744.0,1.13797,1.13806
1748272910735.0,1.13796,1.13805
1748272925340.0,1.13794,1.13803
1748272935167.0,1.13792,1.13801
1748272946095.0,1.13793,1.13802
1748272953760.0,1.13792,1.13801
1748272954001.0,1.13791,1.138
1748272955155.0,1.13788,1.13797
1748272955265.0,1.13789,1.13798
1748272968158.0,1.13787,1.13796
1748272971543.0,1.13786,1.13795
1748272982750.0,1.13791,1.138
1748272985993.0,1.13792,1.13801
1748272989883.0,1.13791,1.138
1748273024226.0,1.13794,1.13803
1748273025014.0,1.13795,1.13804
1748273059871.0,1.13795,1.13804
1748273060230.0,1.13794,1.13803
1748273060312.0,1.1379,1.13799
1748273063623.0,1.13791,1.138
1748273072933.0,1.138,1.13809
1748273074965.0,1.13802,1.13811
1748273080123.0,1.13801,1.1381
1748273082477.0,1.13794,1.13803
1748273087666.0,1.13792,1.13801
1748273098001.0,1.13791,1.138
1748273102744.0,1.13795,1.13804
1748273111731.0,1.13794,1.13803
1748273112175.0,1.13793,1.13802
1748273112281.0,1.13792,1.13801
1748273118424.0,1.1379,1.13799
1748273123297.0,1.13798,1.13807
1748273134811.0,1.13796,1.13805
1748273142343.0,1.138,1.13809
1748273142453.0,1.13801,1.1381
1748273157743.0,1.13803,1.13812
1748273158019.0,1.13802,1.13811
1748273185903.0,1.13801,1.1381
1748273189219.0,1.13796,1.13805
1748273193987.0,1.13795,1.13804
1748273197749.0,1.13801,1.1381
1748273236549.0,1.13803,1.13809
1748273238541.0,1.13805,1.13811
1748273248613.0,1.13806,1.13812
1748273249909.0,1.13807,1.13813
1748273263672.0,1.13806,1.13812
1748273265396.0,1.13807,1.13813
1748273270195.0,1.13802,1.13811
1748273277332.0,1.13795,1.13804
1748273277438.0,1.13796,1.13805
1748273278009.0,1.13794,1.13803
1748273278210.0,1.13793,1.13802
1748273278319.0,1.13792,1.13801
1748273279479.0,1.13791,1.138
1748273284671.0,1.13788,1.13797
1748273285691.0,1.13787,1.13796
1748273289770.0,1.13786,1.13795
1748273299939.0,1.13787,1.13796
1748273332244.0,1.1379,1.13799
1748273333280.0,1.13791,1.138
1748273345251.0,1.13793,1.13802
1748273345826.0,1.13792,1.13801
1748273353250.0,1.13795,1.13804
1748273353474.0,1.13797,1.13806
1748273355468.0,1.13796,1.13805
1748273360663.0,1.13792,1.13801
1748273364268.0,1.13797,1.13806
1748273365148.0,1.13801,1.1381
1748273366501.0,1.13799,1.13808
1748273366612.0,1.13798,1.13807
1748273367555.0,1.13799,1.13808
1748273372101.0,1.13798,1.13807
1748273376841.0,1.138,1.13806
1748273377325.0,1.13799,1.13805
1748273378017.0,,1.13808
1748273378126.0,1.13798,1.13807
1748273380103.0,1.138,1.13809
1748273388127.0,1.13802,1.13811
1748273389835.0,1.13803,1.13812
1748273389942.0,1.13804,1.13813
1748273392395.0,1.13803,1.13812
1748273400103.0,1.13808,1.13814
1748273404496.0,1.13807,1.13816
1748273408002.0,1.13806,1.13815
1748273409696.0,1.13802,1.13811
1748273424178.0,1.13797,1.13806
1748273424508.0,1.13795,1.13804
1748273425583.0,1.13794,1.13803
1748273426229.0,1.13793,1.13802
1748273429491.0,1.13792,1.13801
1748273435153.0,1.13786,1.13795
1748273435263.0,1.13787,1.13796
1748273441159.0,1.13785,1.13794
1748273441269.0,1.13786,1.13795
1748273446346.0,1.13782,1.13791
1748273446456.0,1.13785,1.13794
1748273446566.0,1.13786,1.13795
1748273451411.0,1.13785,1.13794
1748273452997.0,1.13784,1.13793
1748273460275.0,1.13782,1.13791
1748273460386.0,1.13783,1.13792
1748273461218.0,1.13782,1.13791
1748273461547.0,1.13784,1.13793
1748273461933.0,1.13785,1.13794
1748273469437.0,1.13786,1.13795
1748273470497.0,1.13787,1.13796
1748273474518.0,1.13786,1.13795
1748273475493.0,1.13783,1.13792
1748273475823.0,1.13783,1.13792
1748273476263.0,1.13784,1.13793
1748273476549.0,1.13783,1.13792
1748273478965.0,1.13784,1.13793
1748273494181.0,1.13783,1.13792
1748273496152.0,1.13781,1.1379
1748273496263.0,1.13783,1.13792
1748273516456.0,1.13784,1.13793
1748273516787.0,1.13783,1.13792
1748273516898.0,1.13781,1.1379
1748273517006.0,1.13785,1.13794
1748273517337.0,1.13783,1.13792
1748273518254.0,1.13782,1.13791
1748273518805.0,1.13783,1.13792
1748273532969.0,1.13781,1.1379
1748273534034.0,1.13779,1.13788
1748273534976.0,1.13777,1.13786
1748273535198.0,1.13775,1.13784
1748273536797.0,1.13774,1.13783
1748273539629.0,1.13772,1.13781
1748273540055.0,1.1377,1.13779
1748273540722.0,1.13769,1.13778
1748273544487.0,1.1377,1.13779
1748273548331.0,1.13772,1.13781
1748273548968.0,1.13771,1.1378
1748273554440.0,1.13778,1.13787
1748273554571.0,1.1378,1.13789
1748273559123.0,1.13779,1.13788
1748273569765.0,1.1378,1.13789
1748273576936.0,1.13778,1.13787
1748273577046.0,1.13777,1.13786
1748273578722.0,1.13776,1.13785
1748273583537.0,1.13779,1.13788
1748273583628.0,1.1378,1.13789
1748273592825.0,1.13781,1.1379
1748273595625.0,1.13786,1.13795
1748273595847.0,1.13787,1.13796
1748273598752.0,1.13786,1.13795
1748273624777.0,1.13785,1.13794
1748273638526.0,1.13781,1.1379
1748273641875.0,1.13782,1.13791
1748273653107.0,1.13781,1.1379
1748273653744.0,1.13782,1.13791
1748273654921.0,1.13781,1.1379
1748273670855.0,1.13786,1.13795
1748273680823.0,1.13785,1.13794
1748273681256.0,1.13786,1.13795
1748273681632.0,1.13785,1.13794
1748273685891.0,1.13786,1.13795
1748273686642.0,1.13788,1.13797
1748273700300.0,1.13787,1.13796
1748273700411.0,1.1379,1.13799
1748273700520.0,1.13788,1.13797
1748273704829.0,1.13789,1.13798
1748273704944.0,1.1379,1.13799
1748273705420.0,1.13789,1.13798
1748273715231.0,1.13794,1.13803
1748273715528.0,1.13793,1.13802
1748273715862.0,1.13795,1.13804
1748273716299.0,1.13796,1.13805
1748273716517.0,1.13797,1.13806
1748273716632.0,1.138,1.13809
1748273718358.0,1.13804,1.13813
1748273724154.0,1.13805,1.13814
1748273729005.0,1.13808,
1748273737115.0,1.13807,1.13813
1748273739202.0,1.13806,1.13812
1748273755490.0,1.13802,1.13808
1748273760157.0,1.13803,1.13809
1748273769649.0,1.13802,1.13811
1748273770259.0,1.13801,1.1381
1748273770735.0,1.13802,1.13811
1748273775879.0,1.138,1.13809
1748273776364.0,1.13801,1.1381
1748273790885.0,1.13802,1.13811
1748273794535.0,1.13801,1.1381
1748273794760.0,1.138,1.13809
1748273810040.0,1.13805,1.13814
1748273810146.0,1.13803,1.13812
1748273810477.0,1.13802,1.13811
1748273811756.0,1.13801,1.1381
1748273813401.0,1.13802,1.13811
1748273815515.0,1.13801,1.1381
1748273824951.0,1.13803,1.13809
1748273828919.0,1.13801,1.1381
1748273829029.0,1.13798,1.13807
1748273829785.0,1.13797,1.13806
1748273831161.0,1.13796,1.13805
1748273831498.0,1.13799,1.13808
1748273833788.0,1.138,1.13809
1748273836678.0,1.13802,1.13808
1748273837374.0,1.13801,1.13807
1748273838787.0,1.13802,1.13808
1748273840071.0,1.13799,1.13805
1748273845521.0,1.13797,1.13803
1748273846873.0,1.13798,1.13804
1748273848326.0,1.13799,1.13805
1748273862448.0,1.13798,1.13804
1748273870917.0,1.13795,1.13801
1748273880440.0,1.13796,1.13805
1748273881192.0,1.13795,1.13804
1748273890842.0,1.13796,1.13805
1748273918064.0,1.13805,1.13814
1748273923175.0,1.13806,1.13815
1748273935467.0,1.13802,1.13811
1748273946761.0,1.13796,1.13805
1748273950754.0,1.13794,1.13803
1748273952188.0,1.13793,1.13802
1748273953031.0,1.13794,1.13803
1748273958146.0,1.13795,1.13804
1748273968161.0,1.13794,1.13803
1748273971771.0,1.13793,1.13802
1748273972018.0,1.13792,1.13801
1748273973047.0,1.13791,1.138
1748273981255.0,1.13787,1.13796
1748273981482.0,1.1379,1.13799
1748273983047.0,1.13789,1.13798
1748273989127.0,1.13787,1.13796
1748273994105.0,1.1379,1.13799
1748274000762.0,1.13793,1.13802
1748274008123.0,1.13792,1.13801
1748274021643.0,1.13791,1.138
1748274021863.0,1.13792,1.13801
1748274024123.0,1.13797,1.13803
1748274026453.0,1.13796,1.13805
1748274027128.0,1.13795,1.13804
1748274027793.0,1.13791,1.138
1748274053411.0,1.13792,1.13801
1748274053834.0,1.13793,1.13802
1748274054054.0,1.13792,1.13801
1748274057071.0,1.13788,1.13797
1748274057907.0,1.13787,1.13796
1748274058583.0,1.13786,1.13795
1748274061737.0,1.13787,1.13796
1748274070194.0,1.13786,1.13795
1748274100593.0,1.13785,1.13796
1748274108083.0,1.13786,1.13795
1748274110364.0,1.13785,1.13796
1748274110902.0,1.13786,1.13795
1748274132377.0,1.13787,1.13796
1748274132473.0,1.13792,1.13801
1748274132936.0,1.13791,1.138
1748274135152.0,1.13786,1.13795
1748274135532.0,1.13784,1.13793
1748274136701.0,1.13783,1.13792
1748274137914.0,1.13782,1.13791
1748274149738.0,1.13781,1.1379
1748274170126.0,1.1378,1.13789
1748274189376.0,1.13782,1.13788
1748274189594.0,1.1379,1.13796
1748274194764.0,1.13789,1.13795
1748274205308.0,1.13788,1.13794
1748274206448.0,1.13786,1.13792
1748274213189.0,1.13788,1.13794
1748274222436.0,1.13793,1.13799
1748274224251.0,1.13796,1.13805
1748274227279.0,1.13801,1.1381
1748274228005.0,1.13802,1.13811
1748274237807.0,1.13801,1.1381
1748274238325.0,1.13802,1.13811
1748274240504.0,1.13801,1.1381
1748274242510.0,1.13805,1.13814
1748274243689.0,1.13804,1.13813
1748274244576.0,1.13806,1.13812
1748274254489.0,1.13808,1.13814
1748274256345.0,1.13805,1.13811
1748274256895.0,1.13803,1.13812
1748274257116.0,1.13804,1.13813
1748274265538.0,1.138,1.13809
1748274270263.0,1.13802,1.13808
1748274276739.0,1.13803,1.13809
1748274280628.0,1.138,
1748274287247.0,1.13802,1.13808
1748274294176.0,1.13804,1.1381
1748274294938.0,1.13807,1.13813
1748274303752.0,1.13806,1.13815
1748274310089.0,1.13808,1.13817
1748274310194.0,1.13812,1.13821
1748274315706.0,1.13811,1.1382
1748274327358.0,1.13812,1.13821
1748274334453.0,1.13809,1.13818
1748274335084.0,1.13811,1.1382
1748274341181.0,1.13812,1.13821
1748274341291.0,1.13811,1.1382
1748274376914.0,1.13809,1.13822
1748274379060.0,,1.13823
1748274382870.0,,1.13822
1748274386953.0,1.13817,1.13826
1748274389011.0,1.13816,1.13825
1748274392318.0,1.13814,1.13823
1748274394043.0,1.13816,1.13822
1748274400719.0,1.13813,
1748274401051.0,1.13809,1.13818
1748274401165.0,1.13806,1.13815
1748274406529.0,1.13805,1.13814
1748274406630.0,1.13803,1.13812
1748274408795.0,1.13806,
1748274411824.0,1.13803,
1748274417919.0,1.138,1.13809
1748274418138.0,1.13799,1.13808
1748274423749.0,1.13805,1.13814
1748274423853.0,1.13807,1.13816
1748274424195.0,1.1381,1.13819
1748274424401.0,1.13809,1.13818
1748274424945.0,1.1381,1.13819
1748274429387.0,1.13812,1.13821
1748274435456.0,1.13811,1.1382
1748274470176.0,1.13812,1.13821
1748274470283.0,1.13813,1.13822
1748274475380.0,1.13812,1.13821
1748274475600.0,1.13815,1.13824
1748274476250.0,1.13814,1.13823
1748274476758.0,1.13813,1.13822
1748274477887.0,1.13814,1.13823
1748274482779.0,1.13816,1.13825
1748274490099.0,1.13817,1.13826
1748274490319.0,1.13818,1.13827
1748274505547.0,1.13816,1.13825
1748274554360.0,1.13811,1.1382
1748274570535.0,1.13814,1.13823
1748274570646.0,1.13816,1.13825
1748274571499.0,1.13817,1.13826
1748274578443.0,1.13816,1.13825
1748274589326.0,1.13815,1.13824
1748274601652.0,1.13814,1.13823
1748274608178.0,1.13815,1.13824
1748274613136.0,1.13814,1.13823
1748274622982.0,1.1381,1.13819
1748274631229.0,1.13806,1.13815
1748274641633.0,1.13807,1.13816
1748274653821.0,1.1381,1.13819
1748274660420.0,1.13811,1.1382
1748274692412.0,1.13809,1.13821
1748274703831.0,,1.1382
1748274714895.0,,1.13818
1748274729487.0,1.13813,1.13822
1748274729600.0,1.13812,1.13821
1748274743293.0,,1.13824
1748274748244.0,1.13811,1.13822
1748274750654.0,1.13813,1.13826
1748274753244.0,1.13816,1.13825
1748274771987.0,1.13819,1.13828
1748274772438.0,1.13821,1.1383
1748274776692.0,1.13822,1.13831
1748274778624.0,1.13821,1.1383
1748274780124.0,1.1382,1.13829
1748274782253.0,1.13818,1.13827
1748274782584.0,1.13817,1.13826
1748274783058.0,1.13818,1.13827
1748274783167.0,1.13819,1.13828
1748274801758.0,1.13817,1.13826
1748274802900.0,1.13818,1.13827
1748274807122.0,1.13816,1.13825
1748274822165.0,1.13808,1.13817
1748274822378.0,1.13809,1.13818
1748274823260.0,1.13808,1.13817
1748274832843.0,1.13807,1.13816
1748274833503.0,1.13808,1.13817
1748274851964.0,1.13809,1.13818
1748274852778.0,1.1381,1.13819
1748274853116.0,1.13811,1.1382
1748274896590.0,1.13812,1.13821
1748274899724.0,1.13811,1.1382
1748274905602.0,1.13813,1.13822
1748274911499.0,1.13812,1.13821
1748274917457.0,1.13815,1.13824
1748274925351.0,1.13816,1.13825
1748274935194.0,1.13813,1.13822
1748274935613.0,1.13812,1.13821
1748274945067.0,1.13811,1.1382
1748274947845.0,1.13812,1.13821
1748274949944.0,1.13813,1.13822
1748274958161.0,1.13812,1.13821
1748274965498.0,1.13808,1.13817
1748274966236.0,1.13807,1.13816
1748274970797.0,1.13806,1.13815
1748274980165.0,1.13807,1.13816
1748274981659.0,1.13808,1.13817
1748275002978.0,1.13803,1.13809
1748275003087.0,1.13804,1.1381
1748275003199.0,1.13805,1.13811
1748275003689.0,1.13806,1.13812
1748275005530.0,1.13807,1.13813
1748275005755.0,1.13808,1.13814
1748275010562.0,1.13809,1.13815
1748275014477.0,1.13807,1.13813
1748275014695.0,1.13806,1.13812
1748275015511.0,1.13807,1.13813
1748275015840.0,1.13808,1.13814
1748275016863.0,1.13807,1.13813
1748275017714.0,1.13808,1.13814
1748275021749.0,1.13809,1.13815
1748275021859.0,1.13807,1.13816
1748275022079.0,1.13806,1.13815
1748275025142.0,1.13807,1.13816
1748275025361.0,1.13811,1.1382
1748275037745.0,1.13812,1.13821
1748275038635.0,1.13811,1.1382
1748275045313.0,1.13808,1.13814
1748275051391.0,1.13804,1.1381
1748275051611.0,1.13806,1.13812
1748275052442.0,1.13805,1.13811
1748275052818.0,1.13802,
1748275053039.0,1.13805,1.13811
1748275055588.0,1.13807,1.13813
1748275057905.0,1.13805,1.13811
1748275059159.0,1.13804,1.1381
1748275059270.0,1.13805,1.13811
1748275062660.0,1.13806,1.13812
1748275066828.0,1.13805,1.13811
1748275067048.0,1.13806,1.13812
1748275071157.0,1.13803,1.13809
1748275071377.0,1.13804,1.1381
1748275071829.0,1.13806,1.13812
1748275074040.0,1.13808,1.13814
1748275077847.0,1.1381,1.13816
1748275081975.0,1.13807,1.13813
1748275086099.0,1.13806,1.13812
1748275087669.0,1.13805,1.13811
1748275089080.0,1.13806,1.13812
1748275095146.0,1.13805,1.13811
1748275095365.0,1.13803,1.13809
1748275096244.0,1.13804,1.1381
1748275099651.0,1.13803,1.13812
1748275100963.0,1.13804,1.13813
1748275102317.0,1.138,1.13809
1748275102756.0,1.13801,1.1381
1748275117267.0,1.13802,1.13811
1748275117379.0,1.13804,1.13813
1748275118468.0,1.13806,1.13815
1748275119159.0,1.13805,1.13814
1748275120150.0,1.13803,1.13812
1748275121422.0,1.13802,1.13811
1748275124052.0,1.13803,1.13809
1748275124156.0,1.13801,1.13807
1748275125160.0,1.13802,1.13808
1748275126773.0,1.13801,1.1381
1748275130526.0,1.138,1.13809
1748275131379.0,1.13801,1.1381
1748275131878.0,1.138,1.13809
1748275139157.0,1.13807,1.13816
1748275139389.0,1.13808,1.13817
1748275141153.0,1.13806,1.13815
1748275145051.0,1.13805,1.13814
1748275145274.0,1.13802,1.13811
1748275145384.0,1.13801,1.1381
1748275145935.0,1.13799,1.13808
1748275149783.0,1.138,1.13806
1748275151373.0,1.13798,1.13807
1748275153146.0,1.13797,1.13806
1748275155124.0,1.13799,1.13808
1748275158486.0,1.13798,1.13807
1748275161349.0,1.138,1.13809
1748275170683.0,1.13801,1.1381
1748275181161.0,1.13805,1.13814
1748275184636.0,1.13808,1.13817
1748275189401.0,1.13809,1.13818
1748275190161.0,1.13807,1.13816
1748275190850.0,1.13808,1.13817
1748275200104.0,1.13809,1.13818
1748275202157.0,1.13805,1.13814
1748275202487.0,1.13804,1.13813
1748275202989.0,1.13803,1.13812
1748275205581.0,1.13804,1.13813
1748275206179.0,1.13803,1.13812
1748275206288.0,1.13801,1.1381
1748275206508.0,1.13799,1.13808
1748275210022.0,1.13798,1.13807
1748275215950.0,1.13796,1.13805
1748275216175.0,1.13798,1.13807
1748275239161.0,1.13797,1.13806
1748275247614.0,1.13798,1.13807
1748275252796.0,1.13792,1.13801
1748275262006.0,1.13793,1.13802
1748275262653.0,1.13794,1.13803
1748275267845.0,1.13797,1.13806
1748275276086.0,1.13795,1.13804
1748275277121.0,1.13796,1.13805
1748275278828.0,1.13795,1.13804
1748275280313.0,1.13794,1.13803
1748275290858.0,1.13786,1.13795
1748275292222.0,1.13787,1.13796
1748275294701.0,1.13788,1.13794
1748275297209.0,1.1379,1.13796
1748275307876.0,1.13788,1.13797
1748275311512.0,1.13789,1.13798
1748275311613.0,1.13791,1.138
1748275311835.0,1.13793,1.13802
1748275312054.0,1.13794,1.13803
1748275312493.0,1.13792,1.13801
1748275322182.0,1.13794,1.13803
1748275322664.0,1.13792,1.13801
1748275326235.0,1.1379,1.13799
1748275330333.0,1.13794,1.13803
1748275330442.0,1.13796,1.13805
1748275331927.0,1.13797,1.13806
1748275341448.0,1.13795,1.13804
1748275342507.0,1.13796,1.13805
1748275342618.0,1.13797,1.13806
1748275354074.0,1.13798,1.13807
1748275371658.0,1.138,1.13809
1748275377951.0,1.13799,1.13808
1748275407555.0,1.13798,1.13807
1748275407773.0,1.13792,1.13801
1748275408104.0,1.13794,1.13803
1748275408213.0,1.13795,1.13804
1748275410686.0,1.13793,1.13802
1748275437421.0,1.13792,1.13801
1748275439487.0,1.13793,1.13802
1748275443787.0,1.13797,1.13806
1748275485823.0,1.13803,1.13812
1748275486043.0,1.13805,1.13814
1748275491407.0,1.13802,1.13811
1748275525686.0,1.13803,1.13812
1748275526016.0,1.13802,1.13811
1748275541021.0,1.13801,1.1381
1748275550813.0,1.13799,1.13808
1748275550919.0,1.13801,1.1381
1748275551996.0,1.13802,1.13811
1748275552439.0,1.13801,1.1381
1748275553055.0,1.13802,1.13811
1748275556019.0,1.13801,1.1381
1748275559486.0,1.13802,1.13811
1748275568641.0,1.13811,1.1382
1748275572082.0,1.13807,1.13816
1748275580643.0,1.13806,1.13815
1748275591685.0,1.13807,1.13816
1748275592476.0,1.13809,1.13815
1748275597538.0,1.13806,1.13812
1748275598001.0,1.13805,1.13811
1748275603353.0,1.13801,1.13807
1748275610337.0,1.13797,1.13803
1748275619018.0,1.13796,1.13802
1748275619995.0,1.13792,1.13801
1748275642785.0,1.13791,1.138
1748275661655.0,1.13789,1.13798
1748275669859.0,1.1379,1.13799
1748275681917.0,1.13796,1.13805
1748275682928.0,1.13799,1.13808
1748275694626.0,1.13798,1.13807
1748275694951.0,1.13799,1.13808
1748275710460.0,1.13795,1.13804
1748275713836.0,1.13794,1.13803
1748275714165.0,1.13792,1.13801
1748275722195.0,1.13791,1.138
1748275727644.0,1.13789,1.13798
1748275728735.0,1.13787,1.13796
1748275740333.0,1.13786,1.13795
1748275740564.0,1.13789,1.13798
1748275749903.0,1.13785,1.13794
1748275750130.0,1.13786,1.13795
1748275760146.0,1.13787,1.13796
1748275764311.0,1.13786,1.13795
1748275782047.0,1.13788,1.13797
1748275827242.0,1.13789,1.13798
1748275840376.0,1.13787,1.13796
1748275840595.0,1.13788,1.13797
1748275848130.0,1.13787,1.13796
1748275855691.0,1.13788,1.13797
1748275866452.0,1.13787,1.13796
1748275867978.0,1.13788,1.13799
1748275869014.0,1.13789,1.13798
1748275872311.0,1.13792,1.13801
1748275872532.0,1.13796,1.13805
1748275877683.0,1.13801,1.1381
1748275877902.0,1.138,1.13809
1748275882239.0,1.13797,1.13806
1748275883428.0,1.13799,1.13808
1748275895880.0,1.13801,1.1381
1748275896092.0,1.138,1.13809
1748275900660.0,1.13797,1.13806
1748275903630.0,1.138,1.13809
1748275904073.0,1.13798,1.13807
1748275904510.0,1.13797,1.13806
1748275906508.0,1.13796,1.13805
1748275911283.0,1.13795,1.13804
1748275913703.0,1.13797,1.13806
1748275916591.0,1.13795,1.13804
1748275917035.0,1.13797,1.13806
1748275920310.0,1.13799,1.13808
1748275921372.0,1.13803,1.13812
1748275923812.0,1.13804,1.13813
1748275928933.0,1.13801,1.1381
1748275931246.0,1.13804,1.13813
1748275932093.0,1.13804,1.13816
1748275932202.0,1.13803,1.13815
1748275933085.0,1.13802,1.13814
1748275935437.0,,1.13811
1748275935767.0,1.13805,1.13814
1748275939441.0,1.13803,1.13812
1748275939661.0,1.13804,1.13813
1748275944550.0,1.13802,1.13811
1748275948014.0,1.13805,1.13814
1748275950729.0,1.13802,1.13811
1748275952654.0,1.13806,1.13812
1748275955231.0,1.13805,1.13811
1748275956937.0,1.13802,
1748275957441.0,1.13803,1.13812
1748275959404.0,1.13802,1.13811
1748275959845.0,1.13799,1.13808
1748275960395.0,1.13797,1.13806
1748275960943.0,1.13798,1.13807
1748275964913.0,1.13796,1.13805
1748275965354.0,1.13798,1.13807
1748275965466.0,1.138,1.13809
1748275971690.0,1.13797,1.13806
1748275974088.0,1.13801,1.1381
1748275977053.0,1.13802,1.13811
1748275979156.0,1.13804,1.13815
1748275980394.0,1.13803,1.13814
1748275981862.0,1.13802,1.13811
1748275984987.0,1.13805,1.13814
1748275985865.0,1.13804,1.13813
1748275987586.0,1.13802,1.13811
1748275987805.0,1.13798,1.13807
1748275988480.0,1.13799,1.13808
1748275991958.0,1.13797,1.13806
1748275993240.0,1.13796,1.13805
1748276007172.0,1.13799,1.13808
1748276010873.0,1.13797,1.13806
1748276022806.0,1.13798,1.13804
1748276039324.0,1.13797,1.13806
1748276042821.0,1.13798,1.13807
1748276061895.0,1.13797,1.13806
1748276062125.0,1.13795,1.13804
1748276062336.0,1.13794,1.13803
1748276065168.0,1.13793,1.13802
1748276074481.0,1.13794,1.13803
1748276094943.0,1.13787,1.13809
1748276095943.0,1.13789,1.13807
1748276096944.0,1.13786,1.1381
1748276100644.0,1.13791,1.138
1748276100754.0,1.13789,1.13798
1748276112024.0,1.13782,1.13791
1748276112135.0,1.13776,1.13785
1748276112476.0,1.13777,1.13786
1748276131485.0,1.1378,1.13789
1748276131595.0,1.13779,1.13788
1748276133208.0,1.13778,1.13787
1748276159123.0,1.13777,1.13786
1748276160905.0,1.13778,1.13787
1748276208739.0,1.13779,1.13788
1748276223220.0,1.13778,1.13787
1748276223438.0,1.1377,1.13779
1748276223666.0,1.13769,1.13778
1748276228519.0,1.13768,1.13777
1748276229056.0,1.13767,1.13776
1748276251126.0,1.13762,1.13771
1748276251359.0,1.13757,1.13766
1748276261763.0,1.13763,1.13772
1748276261874.0,1.13764,1.13773
1748276261981.0,1.13765,1.13774
1748276269759.0,1.13766,1.13775
1748276301207.0,1.13765,1.13774
1748276301315.0,1.13764,1.13773
1748276301952.0,1.13765,1.13774
1748276305208.0,1.13766,1.13775
1748276309421.0,1.13767,1.13776
1748276310921.0,1.13766,1.13775
1748276322888.0,1.13764,1.13773
1748276322998.0,1.13765,1.13774
1748276339610.0,1.13772,1.13781
1748276340588.0,1.13771,1.1378
1748276341801.0,1.1377,1.13779
1748276353042.0,1.13771,1.1378
1748276375944.0,1.1377,1.13779
1748276410627.0,1.13771,1.1378
1748276440647.0,1.13773,1.13782
1748276440755.0,1.13776,1.13785
1748276458782.0,1.13777,1.13786
1748276460235.0,1.13776,1.13785
1748276466278.0,1.13777,1.13786
1748276471588.0,1.13779,1.13788
1748276471812.0,1.13783,1.13792
1748276471917.0,1.13784,1.13793
1748276473987.0,1.13783,1.13792
1748276475250.0,1.13784,1.13793
1748276492242.0,1.13785,1.13794
1748276497286.0,1.13784,1.13795
1748276520700.0,1.13785,1.13794
1748276521177.0,1.13776,1.13788
1748276526026.0,1.13775,1.13786
1748276537809.0,1.13771,1.1378
1748276541636.0,1.13774,1.13783
1748276542075.0,1.13771,1.13784
1748276547156.0,1.13774,1.13783
1748276549458.0,1.13775,1.13784
1748276556568.0,1.13774,1.13783
1748276564166.0,1.13775,1.13784
1748276565256.0,1.13776,1.13785
1748276565480.0,1.13782,1.13791
1748276580157.0,1.13781,1.1379
1748276580562.0,1.13784,1.13793
1748276581105.0,1.13785,1.13794
1748276583158.0,1.13787,1.13796
1748276586155.0,1.1379,1.13799
1748276586485.0,1.13791,1.138
1748276587406.0,1.1379,1.13801
1748276598223.0,1.13788,1.138
1748276603024.0,1.1379,1.13799
1748276612018.0,1.13791,1.138
1748276612236.0,1.1379,1.13799
1748276612348.0,1.13791,1.138
1748276614597.0,1.13787,1.13796
1748276622220.0,1.13786,1.13795
1748276635274.0,1.13785,1.13796
1748276638686.0,1.13782,1.13794
1748276638901.0,1.1378,1.13791
1748276639121.0,1.13775,1.13784
1748276640057.0,1.13774,1.13783
1748276640273.0,1.13773,1.13782
1748276640797.0,1.13776,1.13785
1748276641018.0,1.13775,1.13784
1748276641239.0,1.13774,1.13783
1748276646089.0,1.13775,1.13784
1748276651676.0,1.13776,1.13785
1748276654156.0,1.13779,1.13788
1748276658007.0,1.1378,1.13789
1748276660190.0,1.13778,1.13787
1748276664151.0,1.13779,1.13788
1748276664370.0,1.13778,1.13787
1748276665104.0,1.13779,1.13788
1748276698231.0,1.1377,1.13797
1748276700118.0,1.13786,1.13795
1748276700344.0,1.1379,1.13799
1748276701707.0,1.13793,1.13802
1748276705234.0,1.1379,1.13799
1748276706437.0,1.13792,1.13801
1748276721588.0,1.13791,1.138
1748276733028.0,1.13788,1.13797
1748276736876.0,1.13789,1.13798
1748276743652.0,1.13788,1.13797
1748276748071.0,1.1379,1.13799
1748276754302.0,1.13789,1.13798
1748276755044.0,1.13792,
1748276760821.0,1.13801,1.13807
1748276766594.0,1.13799,1.13808
1748276768308.0,1.13797,1.13806
1748276770805.0,1.13796,1.13805
1748276777198.0,1.13795,1.13804
1748276784164.0,1.13796,1.13805
1748276790708.0,,1.13802
1748276806971.0,1.13794,1.13803
1748276808963.0,1.1379,1.13799
1748276810680.0,1.13789,1.13798
1748276810792.0,1.13792,1.13801
1748276816236.0,1.13795,1.13804
1748276819303.0,1.13797,1.13806
1748276833380.0,1.13795,1.13804
1748276836998.0,1.13794,1.13803
1748276837465.0,1.13795,1.13804
1748276844161.0,1.13791,1.138
1748276847590.0,1.13793,1.13802
1748276853104.0,1.13792,1.13801
1748276854497.0,1.13791,1.138
1748276860654.0,1.1379,1.13799
1748276870442.0,1.13791,1.138
1748276870663.0,1.13792,1.13798
1748276890327.0,1.13793,1.13802
1748276899970.0,1.13792,1.13801
1748276905161.0,1.13793,1.13802
1748276905381.0,1.13792,1.13801
1748276916155.0,1.13795,1.13804
1748276916880.0,1.13794,1.13803
1748276923248.0,1.13792,1.13801
1748276924817.0,1.13793,1.13802
1748276937684.0,1.13797,1.13806
1748276938403.0,1.13798,1.13807
1748276938740.0,1.13799,1.13808
1748276941785.0,1.13796,1.13805
1748276942006.0,1.13795,1.13804
1748276946888.0,1.13799,1.13805
1748276954182.0,1.138,1.13806
1748276956370.0,1.13801,1.13807
1748276959195.0,1.13803,1.13809
1748276960270.0,1.13802,1.13808
1748276962652.0,1.13806,1.13812
1748276962870.0,1.13807,1.13813
1748276969179.0,1.13804,1.13813
1748276971181.0,1.13805,1.13814
1748276971894.0,1.13806,1.13815
1748276975270.0,1.13807,1.13816
1748276978108.0,1.13811,1.1382
1748276978328.0,1.13808,1.13817
1748276988041.0,1.13809,1.13818
1748276988852.0,1.13808,1.13817
1748276996604.0,1.13811,
1748276998914.0,1.13811,1.13817
1748277000150.0,1.1381,1.13816
1748277005683.0,1.13811,1.13817
1748277012150.0,1.13812,1.13818
1748277012260.0,1.1381,1.13819
1748277016172.0,1.13815,1.13824
1748277027886.0,1.13817,1.13823
1748277034441.0,1.13818,1.13824
1748277034660.0,1.13816,1.13825
1748277035888.0,1.13815,1.13824
1748277054120.0,1.13813,1.13822
1748277078349.0,1.13806,1.13815
1748277078459.0,1.13804,1.13813
1748277078788.0,1.13805,1.13814
1748277082661.0,1.13806,1.13815
1748277119171.0,1.13807,1.13816
1748277119785.0,1.13802,1.13811
1748277119891.0,1.13795,1.13804
1748277123267.0,1.13797,1.13806
1748277123376.0,1.13799,1.13808
1748277137736.0,1.138,1.13809
1748277159696.0,1.13807,1.13816
1748277162489.0,1.13806,1.13815
1748277165345.0,1.13808,1.13814
1748277181592.0,1.13807,1.13816
1748277181811.0,1.13808,1.13817
1748277187059.0,1.13809,1.13818
1748277187942.0,1.13808,1.13817
1748277192464.0,1.13809,1.13818
1748277195800.0,1.1381,1.13819
1748277204640.0,1.13811,1.1382
1748277204748.0,1.13814,1.13823
1748277206792.0,1.13815,1.13824
1748277206901.0,1.13817,1.13823
1748277219240.0,1.13816,1.13822
1748277230629.0,1.13814,1.13823
1748277247335.0,1.13813,1.13822
1748277264047.0,1.13815,1.13824
1748277264154.0,1.13814,1.13823
1748277273950.0,1.13813,1.13822
1748277279726.0,1.13809,1.13818
1748277280927.0,1.13814,1.13823
1748277282053.0,1.13815,1.13824
1748277292079.0,1.13814,1.13823
1748277292189.0,1.13813,1.13822
1748277295602.0,1.13814,1.13823
1748277297016.0,1.13815,1.13824
1748277297584.0,1.13816,1.13825
1748277320022.0,1.13815,1.13824
1748277330628.0,1.13816,1.13825
1748277355480.0,1.13811,1.1382
1748277379168.0,1.13805,1.13814
1748277379279.0,1.13804,1.13813
1748277380486.0,1.13801,1.1381
1748277402419.0,1.13802,1.13808
1748277405998.0,1.13803,1.13809
1748277451991.0,1.138,1.13811
1748277456155.0,,1.13809
1748277464498.0,1.13799,1.13808
1748277467522.0,1.13797,1.13806
1748277516150.0,1.13801,1.1381
1748277531488.0,1.138,1.13809
1748277543186.0,1.13801,1.1381
1748277578756.0,1.138,1.13809
1748277589253.0,1.13801,1.1381
1748277620848.0,1.13799,1.13808
1748277638122.0,1.138,1.13809
1748277653983.0,1.13801,1.1381
1748277660306.0,1.13802,1.13811
1748277673016.0,1.13806,1.13815
1748277673489.0,1.13805,1.13814
1748277677264.0,1.13806,1.13815
1748277690749.0,1.13803,1.13812
1748277690969.0,1.13801,1.1381
1748277692044.0,1.138,1.13809
1748277731652.0,1.13802,1.13808
1748277731870.0,1.13798,1.13804
1748277733971.0,1.13797,1.13803
1748277744381.0,1.13795,1.13804
1748277770628.0,1.13797,1.13803
1748277790704.0,1.13796,1.13802
1748277800701.0,1.13797,1.13803
1748277812123.0,1.13796,1.13802
1748277819192.0,1.13802,1.13811
1748277819425.0,1.13805,1.13814
1748277850634.0,1.13808,
1748277852253.0,1.13812,1.13818
1748277885975.0,1.13809,1.13815
1748277894627.0,1.13805,1.13814
1748277912459.0,1.13806,1.13815
1748277913403.0,1.13805,1.13814
1748277928355.0,1.13802,1.13811
1748277928467.0,1.13799,1.13808
1748277935897.0,1.13798,1.13807
1748277938490.0,1.13796,1.13805
1748277944275.0,1.13801,1.1381
1748277953251.0,1.13802,1.13811
1748277977931.0,1.138,1.13806
1748277978944.0,1.13798,1.13807
1748277990893.0,1.13801,1.1381
1748277991111.0,1.13799,1.13808
1748278011868.0,1.13798,1.13807
1748278012217.0,1.13799,1.13808
1748278015801.0,1.13801,1.1381
1748278018742.0,1.138,1.13809
1748278024460.0,1.13802,1.13811
1748278058688.0,1.138,1.13812
1748278060579.0,,1.13809
1748278070833.0,1.13805,1.13814
1748278080152.0,1.13804,1.13813
1748278080236.0,1.138,1.13809
1748278090027.0,1.13801,1.1381
1748278140594.0,1.13798,1.13815
1748278140955.0,1.13804,1.13813
1748278141883.0,1.13807,1.13816
1748278159426.0,1.13804,1.13813
1748278163088.0,1.13803,1.13812
1748278169183.0,1.13798,1.13807
1748278175239.0,1.13797,1.13806
1748278178271.0,1.13798,1.13807
1748278214964.0,1.13799,1.13808
1748278250229.0,1.13797,1.13806
1748278260619.0,1.13798,1.13807
1748278300124.0,1.13797,1.13808
1748278315726.0,1.13798,1.13807
1748278321327.0,1.138,1.13809
1748278360130.0,1.13799,1.13811
1748278360568.0,1.13807,1.13816
1748278361120.0,1.13809,1.13818
1748278372719.0,1.13807,1.13816
1748278372938.0,1.13808,1.13817
1748278388244.0,1.13807,1.13816
1748278417407.0,1.1381,1.13819
1748278427104.0,1.13812,1.13821
1748278445582.0,1.13811,1.1382
1748278468596.0,1.1381,1.13819
1748278473779.0,1.13809,1.13818
1748278507025.0,1.13806,1.13815
1748278513364.0,1.13808,1.13817
1748278518364.0,1.13806,1.13815
1748278526576.0,1.13805,1.13814
1748278526684.0,1.13804,1.13813
1748278527759.0,1.13805,1.13814
1748278535045.0,1.13806,1.13815
1748278549745.0,1.13809,1.13818
1748278553624.0,1.13811,1.1382
1748278559615.0,1.1381,1.13819
1748278568031.0,1.13811,1.1382
1748278570845.0,1.13812,1.13821
1748278584983.0,1.1381,1.13819
1748278588269.0,1.13813,1.13822
1748278589267.0,1.13816,1.13825
1748278603331.0,1.13819,1.13828
1748278603550.0,1.1382,1.13829
1748278640518.0,1.13821,1.1383
1748278640744.0,1.13822,1.13831
1748278640849.0,1.13819,1.13828
1748278649139.0,1.13818,1.13827
1748278659393.0,1.13817,1.13826
1748278668184.0,1.13816,1.13825
1748278668293.0,1.13815,1.13824
1748278675585.0,1.13822,1.13831
1748278675804.0,1.13821,1.1383
1748278675915.0,1.13819,1.13828
1748278680335.0,1.1382,1.13829
1748278685298.0,1.13821,1.1383
1748278686273.0,1.1382,1.13829
1748278691706.0,1.13821,1.1383
1748278697429.0,1.13823,1.13829
1748278700007.0,1.13821,1.1383
1748278700929.0,1.13822,1.13831
1748278702254.0,1.13821,1.1383
1748278727944.0,1.13825,1.13834
1748278730431.0,1.13826,1.13835
1748278740999.0,1.13824,1.13833
1748278742110.0,1.13828,1.13837
1748278748910.0,1.13827,1.13836
1748278751282.0,1.13823,1.13832
1748278755905.0,1.13824,1.13833
1748278768661.0,1.13825,1.13834
1748278792628.0,1.13824,1.13833
1748278793105.0,1.13825,1.13834
1748278796345.0,1.13826,1.13835
1748278799238.0,1.13828,1.13837
1748278800242.0,1.13833,1.13842
1748278800571.0,1.13834,1.13843
1748278804154.0,1.13835,1.13844
1748278816661.0,1.13831,1.1384
1748278860521.0,1.13832,1.13841
1748278871595.0,1.13831,1.1384
1748278876809.0,1.13833,1.13842
1748278895757.0,1.13827,1.13836
1748278931533.0,1.13831,1.1384
1748278931773.0,1.13833,1.13839
1748278942516.0,1.13831,1.1384
1748278944091.0,1.13829,1.13838
1748278944421.0,1.13828,1.13837
1748278955429.0,1.13829,1.13838
1748278974491.0,1.1383,1.13839
1748279000250.0,1.13829,1.13841
1748279004178.0,1.13831,1.1384
1748279010676.0,1.1383,1.13839
1748279021708.0,1.13822,1.13831
1748279021933.0,1.13821,1.1383
1748279023154.0,1.13821,1.1383
1748279025489.0,1.1382,1.13829
1748279045191.0,1.13821,1.1383
1748279079015.0,1.13818,1.13834
1748279085916.0,1.13817,1.13835
1748279087063.0,1.13818,1.13834
1748279094259.0,1.1382,1.13829
1748279100658.0,1.13821,1.1383
1748279103231.0,1.13818,1.13827
1748279110510.0,1.13821,1.1383
1748279112392.0,1.13817,1.13826
1748279112501.0,1.13815,1.13824
1748279114156.0,1.13816,1.13825
1748279115654.0,1.13817,1.13826
1748279117671.0,1.13818,1.13827
1748279150181.0,1.13819,1.1383
1748279161008.0,1.13817,1.13828
1748279162289.0,1.13819,
1748279164919.0,1.1382,1.13829
1748279172589.0,1.13819,1.13828
1748279209867.0,1.13818,1.13827
1748279210301.0,1.13819,1.13828
1748279211244.0,1.1382,1.13829
1748279266245.0,1.13819,1.13828
1748279297256.0,1.13818,1.13829
1748279298419.0,1.1382,
1748279319556.0,1.13817,1.13826
1748279319668.0,1.13818,1.13827
1748279324452.0,1.13815,1.13824
1748279325227.0,1.13816,1.13825
1748279334988.0,1.13817,1.13826
1748279363741.0,1.13816,1.13825
1748279387080.0,1.1382,1.13829
1748279392168.0,1.13821,1.1383
1748279455491.0,1.1382,1.13829
1748279462569.0,1.13819,1.13828
1748279477169.0,1.1382,1.13829
1748279481769.0,1.13821,1.1383
1748279488161.0,1.13822,1.13831
1748279501167.0,1.13823,1.13832
1748279538411.0,1.13824,1.13833
1748279549161.0,1.13826,1.13832
1748279552307.0,1.13825,1.13834
1748279582403.0,1.13823,1.13836
1748279590527.0,1.13824,1.13835
1748279604100.0,1.13825,1.13834
1748279605164.0,1.13823,1.13832
1748279615271.0,1.13825,1.13834
1748279616539.0,1.13826,1.13835
1748279625452.0,1.13827,1.13836
1748279626948.0,1.13829,1.13835
1748279629262.0,1.13827,1.13836
1748279638722.0,1.13826,1.13835
1748279665827.0,1.1383,1.13836
1748279709446.0,1.1382,1.13829
1748279728017.0,1.13821,1.1383
1748279747492.0,1.13822,1.13831
1748279750356.0,1.13821,1.1383
1748279755063.0,1.13822,1.13831
1748279755174.0,1.13819,1.13828
1748279770029.0,1.13822,1.13831
1748279770471.0,1.13823,1.13832
1748279771623.0,1.13826,1.13835
1748279781514.0,1.13825,1.13834
1748279800628.0,1.13826,1.13835
1748279803930.0,,1.13832
1748279828145.0,1.13825,1.13831
1748279829402.0,1.13824,1.1383
1748279837727.0,1.13825,1.13831
1748279838170.0,1.13823,1.13832
1748279841265.0,1.13826,
1748279850784.0,1.13827,1.13833
1748279863549.0,1.13825,1.13834
1748279887434.0,1.13823,1.13838
1748279905778.0,1.13825,1.13834
1748279932132.0,1.1382,1.13829
1748279937444.0,1.13819,1.13828
1748279941987.0,1.13814,1.13823
1748279942839.0,1.13813,1.13822
1748279947605.0,1.13809,1.13818
1748279947707.0,1.13805,1.13814
1748279949530.0,1.13804,1.13813
1748279950038.0,1.13803,1.13812
1748279962003.0,1.13804,1.13813
1748279973896.0,1.13805,1.13814
1748279991625.0,1.13806,1.13815
1748279994635.0,1.13805,1.13814
1748280000457.0,1.13806,1.13815
1748280039910.0,1.13805,1.13816
1748280055394.0,1.13806,1.13815
1748280082151.0,1.13808,1.13817
1748280085002.0,1.13806,1.13815
1748280132051.0,,1.13818
1748280132450.0,1.13807,1.13816
1748280136002.0,1.1381,1.13819
1748280170702.0,1.13808,1.1382
1748280179644.0,1.13806,1.13821
1748280190907.0,1.13809,1.13818
1748280191762.0,1.1381,1.13819
1748280245562.0,1.13811,1.1382
1748280245905.0,1.1381,1.13819
1748280248356.0,1.13811,1.1382
1748280253739.0,1.1381,1.13819
1748280273256.0,1.13808,1.13817
1748280275248.0,1.1381,1.13816
1748280276073.0,1.13807,1.13813
1748280284631.0,1.13808,1.13814
1748280320520.0,1.13809,1.13815
1748280327689.0,1.13808,1.13814
1748280428933.0,1.13809,1.13815
1748280460821.0,1.13806,1.13812
1748280460924.0,1.13807,1.13813
1748280483627.0,1.13808,1.13814
1748280490401.0,1.13807,1.13816
1748280530593.0,1.13806,1.13815
1748280537873.0,1.13803,1.13812
1748280543557.0,1.13804,1.13813
1748280559930.0,1.13801,1.1381
1748280560042.0,1.13799,1.13808
1748280570895.0,1.13798,1.13807
1748280611757.0,1.13797,1.13806
1748280611867.0,1.13791,1.138
1748280611978.0,1.13793,1.13802
1748280612417.0,1.13792,1.13801
1748280636794.0,1.13785,1.13794
1748280636904.0,1.13784,1.13793
1748280637350.0,1.13783,1.13792
1748280641789.0,1.13784,1.13793
1748280645832.0,1.13785,1.13794
1748280670473.0,1.13786,1.13795
1748280695645.0,1.13788,1.13797
1748280735549.0,1.13785,1.138
1748280750739.0,1.13788,1.13797
1748280785510.0,1.13789,1.13798
1748280791001.0,1.13786,1.13795
1748280794610.0,1.13788,1.13797
1748280835418.0,1.13789,1.13798
1748280837329.0,1.13786,1.13799
1748280849606.0,1.13787,1.13796
1748280865541.0,1.13788,1.13797
1748280871107.0,1.13789,1.13798
1748280873687.0,1.13788,1.13797
1748280908722.0,1.13782,1.13791
1748280950521.0,1.13783,1.13792
1748280987337.0,1.13782,1.13791
1748281007341.0,1.13784,1.1379
1748281008410.0,1.13787,1.13793
1748281010925.0,1.13791,1.13797
1748281023651.0,1.1379,1.13796
1748281104931.0,1.13793,1.13802
1748281176573.0,1.13796,1.13805
1748281179519.0,1.13797,1.13806
1748281198669.0,1.13802,1.13811
1748281222058.0,1.13801,1.1381
1748281278175.0,1.13802,1.13811
1748281298176.0,1.13801,1.1381
1748281318174.0,1.13803,1.13812
1748281320305.0,1.13802,1.13811
1748281321429.0,1.13801,1.1381
1748281333366.0,1.13802,1.13811
1748281370216.0,1.13801,1.1381
1748281386059.0,1.13802,1.13811
1748281387664.0,1.13808,1.13817
1748281387776.0,1.13807,1.13816
1748281430608.0,1.13806,1.13819
1748281438247.0,1.1381,
1748281470593.0,1.13809,1.13821
1748281471944.0,1.13808,1.13822
1748281482382.0,,1.13817
1748281509574.0,1.13809,1.13818
1748281509969.0,1.1381,1.13819
1748281550228.0,1.13807,1.13824
1748281553435.0,1.13808,1.13825
1748281553764.0,1.13811,1.1382
1748281584718.0,1.13813,1.13822
1748281587146.0,1.13821,1.13832
1748281587797.0,1.13822,1.13833
1748281589569.0,1.13826,1.13835
1748281608553.0,1.1383,1.13839
1748281623497.0,1.13828,1.13837
1748281635606.0,1.13827,1.13836
1748281657656.0,1.13828,1.13837
1748281661884.0,1.13827,1.13836
1748281669158.0,1.13826,1.13835
1748281676485.0,1.13825,1.13834
1748281692977.0,1.13827,1.13836
1748281708631.0,1.13826,1.13835
1748281710980.0,1.13825,1.13834
1748281730696.0,1.13826,1.13835
1748281744438.0,1.13825,1.13834
1748281748784.0,1.13826,1.13835
1748281760021.0,1.13825,1.13834
1748281796237.0,1.13822,1.1384
1748281804332.0,,1.13839
1748281807612.0,,1.1384
1748281810157.0,1.13828,1.13837
1748281822815.0,1.13831,1.1384
1748281822926.0,1.1383,1.13839
1748281827041.0,1.1382,1.13829
1748281828068.0,1.13824,1.13833
1748281845013.0,1.13823,1.13832
1748281880539.0,1.13824,1.13833
1748281882668.0,1.13823,1.13832
1748281883168.0,1.13821,1.1383
1748281930592.0,1.13822,1.13831
1748281938078.0,1.13821,1.1383
1748281964988.0,1.13822,1.13831
1748281976235.0,1.1382,1.13829
1748281976566.0,1.13819,1.13828
1748281980235.0,1.1382,1.13829
1748282020593.0,1.13821,1.1383
1748282027597.0,1.13817,1.13826
1748282027818.0,1.13815,1.13824
1748282039411.0,1.13813,1.13822
1748282102144.0,1.13812,1.13821
1748282104373.0,1.13809,1.13818
1748282124647.0,1.13808,1.13817
1748282134174.0,1.13807,1.13816
1748282142651.0,1.13806,1.13815
1748282152798.0,1.13804,1.13813
1748282159311.0,1.13802,1.13811
1748282202052.0,1.13804,1.1381
1748282215836.0,1.138,1.13809
1748282215949.0,1.13801,1.13807
1748282231353.0,1.13802,1.13808
1748282232537.0,1.138,1.13806
1748282257703.0,1.13799,1.13805
1748282258027.0,1.13797,1.13803
1748282258836.0,1.13795,1.13804
1748282266886.0,1.13796,1.13805
1748282276380.0,1.13799,1.13808
1748282336970.0,1.13798,1.13807
1748282339912.0,1.13797,1.13806
1748282347657.0,1.13804,1.13813
1748282347767.0,1.13806,1.13815
1748282347986.0,1.13804,1.13813
1748282385274.0,1.13805,1.13814
1748282390648.0,1.13804,1.13813
1748282394056.0,1.13805,1.13814
1748282400175.0,1.13799,1.13808
1748282428961.0,1.13801,1.1381
1748282465197.0,1.13803,1.13812
1748282466234.0,1.13801,1.1381
1748282466787.0,1.13802,1.13811
1748282507742.0,1.13803,1.13812
1748282538594.0,1.13801,1.13814
1748282562814.0,1.13803,1.13812
1748282569402.0,1.13802,1.13811
1748282604069.0,1.13798,1.13807
1748282640448.0,1.13807,1.13816
1748282695387.0,1.13806,1.13815
1748282711783.0,1.13807,1.13816
1748282711893.0,1.13806,1.13815
1748282712137.0,1.13805,1.13814
1748282712247.0,1.13806,1.13815
1748282719770.0,1.13804,1.13813
1748282721201.0,1.13801,1.1381
1748282737887.0,1.13802,1.13811
1748282770715.0,1.138,1.13809
1748282805061.0,1.13801,1.13807
1748282820372.0,1.13797,1.13806
1748282824602.0,1.13796,1.13805
1748282828412.0,1.138,1.13809
1748282878319.0,1.13801,1.1381
1748282883320.0,1.138,1.13809
1748282888557.0,1.13799,1.13808
1748282924699.0,,1.13805
1748282925087.0,1.13798,1.13804
1748282941409.0,1.138,1.13806
1748282959490.0,1.13799,1.13805
1748282986948.0,1.138,1.13806
1748283026764.0,1.13797,1.13808
1748283026873.0,1.13798,1.13809
1748283033068.0,1.13799,1.13808
1748283036849.0,1.13808,1.13819
1748283036957.0,1.13809,1.1382
1748283037178.0,1.13808,
1748283038013.0,,1.13819
1748283039016.0,1.13811,1.1382
1748283039239.0,1.13813,1.13822
1748283070519.0,1.13811,1.13826
1748283071908.0,1.13812,1.13821
1748283073642.0,1.13808,1.13817
1748283079846.0,1.13809,1.13818
1748283110701.0,1.13808,1.1382
1748283111718.0,1.13811,
1748283112070.0,1.13809,1.13818
1748283117893.0,1.13811,1.1382
1748283160316.0,1.13812,1.13821
1748283172809.0,1.13811,1.1382
1748283204832.0,1.13812,1.13821
1748283211772.0,1.13817,1.13826
1748283218284.0,1.13818,1.13827
1748283260629.0,1.13817,1.13829
1748283273209.0,1.13818,1.13827
1748283274379.0,1.13819,1.13828
1748283358390.0,1.1382,1.13829
1748283358747.0,1.13826,1.13835
1748283360547.0,1.13827,1.13836
1748283381446.0,1.13824,1.13833
1748283422080.0,1.13821,1.1383
1748283432833.0,1.13822,1.13831
1748283445833.0,1.13821,1.1383
1748283449805.0,1.1382,1.13829
1748283450280.0,1.13821,1.1383
1748283456367.0,1.13822,1.13831
1748283456456.0,1.13823,1.13832
1748283472777.0,1.13824,1.13833
1748283500539.0,1.13825,1.13834
1748283511364.0,1.13824,1.13833
1748283525282.0,1.13823,1.13832
1748283525503.0,1.13822,1.13831
1748283525726.0,1.13819,1.13828
1748283550527.0,1.13817,1.13826
1748283550746.0,1.13815,1.13824
1748283550856.0,1.13814,1.13823
1748283579935.0,1.13813,1.13822
1748283589680.0,1.13812,1.13821
1748283610595.0,1.13814,1.13823
1748283624668.0,1.13815,1.13824
1748283624771.0,1.13816,1.13825
1748283651802.0,1.13822,1.13831
1748283662200.0,1.13821,1.1383
1748283700519.0,1.13822,1.13831
1748283705453.0,1.1382,1.13829
1748283706800.0,1.13821,1.1383
1748283740626.0,1.13824,
1748283761723.0,1.13823,1.13829
1748283810521.0,1.13824,1.1383
1748283816722.0,1.13823,1.13829
1748283846826.0,1.13824,1.1383
1748283871183.0,1.13823,1.13829
1748283880256.0,1.13821,1.1383
1748283895701.0,1.13819,1.13828
1748283932624.0,1.13816,1.13831
1748283945472.0,1.13817,1.1383
1748283948068.0,1.13814,1.13833
1748283950646.0,1.13819,1.13828
1748283982350.0,1.13825,1.13834
1748284010603.0,1.13824,1.13833
1748284031040.0,1.13822,1.13835
1748284055554.0,1.13824,1.13833
1748284110482.0,1.13823,1.13832
1748284150631.0,1.13822,1.13835
1748284165484.0,1.13824,1.13833
1748284200572.0,1.13822,1.13835
1748284220486.0,1.13824,1.13833
1748284254357.0,1.13821,1.13836
1748284275515.0,1.13828,1.13839
1748284283580.0,1.13829,1.13838
1748284286510.0,1.13828,1.13837
1748284318319.0,1.13824,1.13842
1748284335178.0,1.13825,1.13841
1748284341403.0,1.13828,1.13837
1748284387162.0,1.13819,1.13828
1748284387379.0,1.13818,1.13827
1748284409313.0,1.13816,1.13825
1748284409422.0,1.13815,1.13824
1748284418110.0,1.13819,1.13828
1748284458883.0,1.13813,1.13834
1748284473133.0,1.1382,1.13829
1748284489656.0,1.13819,1.13828
1748284499050.0,1.1382,1.13829
1748284520587.0,1.13814,1.13834
1748284528134.0,1.1382,1.13829
1748284558048.0,1.13819,1.13828
1748284565631.0,1.13811,1.13836
1748284576603.0,1.1381,1.13837
1748284577602.0,1.13811,1.13836
1748284578602.0,1.1381,1.13837
1748284583134.0,1.13819,1.13828
1748284606726.0,1.13814,1.13823
1748284646843.0,1.13811,1.13828
1748284657713.0,1.13812,1.13826
1748284662644.0,1.13814,1.13823
1748284710520.0,1.13811,1.13825
1748284717674.0,1.13813,1.13822
1748284760888.0,1.13812,1.13825
1748284772647.0,1.13814,1.13823
1748284810697.0,1.13812,1.13825
1748284816546.0,1.1381,1.13826
1748284827655.0,1.13814,1.13823
1748284876915.0,1.13809,1.13818
1748284883157.0,1.13808,1.13817
1748284883377.0,1.13809,1.13818
1748284937331.0,1.13807,1.1382
1748284938831.0,1.13808,1.13817
1748284971678.0,1.13806,1.13818
1748284993831.0,1.13808,1.13817
1748285090594.0,1.13804,1.1382
1748285094442.0,1.13805,
1748285100105.0,1.13803,1.13821
1748285103905.0,1.13808,1.13817
1748285107445.0,1.13809,1.13818
1748285140593.0,1.13806,1.1382
1748285141443.0,1.13805,1.13821
1748285162385.0,1.13809,1.13818
1748285197463.0,1.13806,1.13821
1748285199155.0,1.13805,1.13819
1748285217388.0,1.13808,1.13817
1748285250519.0,1.13805,1.13819
1748285272388.0,1.13808,1.13817
1748285320519.0,1.13805,1.13819
1748285327428.0,1.13808,1.13817
1748285359047.0,1.13805,1.1382
1748285382390.0,1.13808,1.13817
1748285554901.0,1.13809,1.13818
1748285609899.0,1.13808,1.13817
1748285619626.0,1.13809,1.13818
1748285634593.0,1.13808,1.13817
1748285660334.0,1.13809,1.13818
1748285660556.0,1.13813,1.13822
1748285664113.0,1.13812,1.13821
1748285701211.0,1.13811,1.1382
1748285718238.0,1.13812,1.13821
1748285718346.0,1.13813,1.13822
1748285727696.0,1.13814,1.13823
1748285761243.0,1.13816,1.13825
1748285765730.0,1.13817,1.13826
1748285797894.0,1.13818,1.13824
1748285845013.0,1.13817,1.13826
1748285857540.0,1.13812,1.13821
1748285858459.0,1.13811,1.1382
1748285872120.0,1.13808,1.13817
1748285922047.0,1.13804,1.13822
1748285924188.0,1.13811,1.1382
1748285958276.0,1.13804,1.13813
1748285970842.0,1.13805,1.13814
1748285970950.0,1.13807,1.13819
1748285971171.0,1.13808,1.13817
1748285971389.0,1.13809,1.13818
1748285973224.0,1.13808,1.13817
1748285973663.0,1.13807,1.13816
1748285979493.0,1.13804,1.13817
1748286000151.0,1.13805,1.13814
1748286011168.0,1.13806,1.13815
1748286030988.0,1.13804,1.13813
1748286031091.0,1.13803,1.13812
1748286043985.0,1.13802,1.13811
1748286073981.0,1.13801,1.13812
1748286082266.0,1.13802,1.13813
1748286086491.0,1.13803,1.13812
1748286089436.0,1.13804,1.13813
1748286096607.0,1.13803,1.13812
1748286105457.0,1.13802,1.13811
1748286130702.0,1.13804,1.13813
1748286131182.0,1.13803,1.13812
1748286181684.0,1.13807,1.13816
1748286181903.0,1.13808,1.13817
1748286196013.0,1.13807,1.13816
1748286225617.0,1.13805,1.13814
1748286230688.0,1.13804,1.13813
1748286237577.0,1.13805,1.13814
1748286240647.0,1.13803,1.13812
1748286288613.0,1.13805,1.13811
1748286300542.0,1.13803,1.13812
1748286407406.0,1.13806,1.13815
1748286440533.0,1.13808,1.13814
1748286464177.0,1.13811,1.1382
1748286464397.0,1.13812,1.13821
1748286465373.0,1.13814,1.13823
