1748267998152.0,23989.0,23990.4
1748267998201.0,23989.5,23990.9
1748267999299.0,23989.0,23990.4
1748268000020.0,23990.2,23991.6
1748268000197.0,23990.7,23992.1
1748268000243.0,23990.2,23991.6
1748268000550.0,23990.2,23991.6
1748268000710.0,23990.7,23992.1
1748268000993.0,23990.2,23991.6
1748268001043.0,23991.2,23992.6
1748268001336.0,23990.7,23992.1
1748268001593.0,23990.2,23991.6
1748268001743.0,23990.7,23992.1
1748268002016.0,23991.2,23992.6
1748268002711.0,23990.7,23992.1
1748268003109.0,23990.2,23991.6
1748268003508.0,23990.7,23992.1
1748268003606.0,23991.2,23992.6
1748268004099.0,23993.2,23994.6
1748268004195.0,23995.2,23996.6
1748268005559.0,23995.2,23996.6
1748268006170.0,23996.2,23997.6
1748268008070.0,23995.7,23997.1
1748268008379.0,23995.7,23997.1
1748268008430.0,23995.2,23996.6
1748268009297.0,23995.7,23997.1
1748268009762.0,23995.7,23997.1
1748268011205.0,23995.2,23996.6
1748268011252.0,23995.7,23997.1
1748268012022.0,23996.2,23997.6
1748268012068.0,23995.7,23997.1
1748268013060.0,23995.2,23996.6
1748268017246.0,23995.7,23997.1
1748268017291,,
1748268019031.0,23996.2,23997.6
1748268019383.0,23995.7,23997.1
1748268020283,,
1748268021380.0,23996.2,23997.6
1748268022249.0,23996.7,23998.1
1748268022297.0,23997.2,23998.6
1748268022799,,
1748268022855.0,23997.7,23999.1
1748268022906.0,23996.2,23997.6
1748268026797.0,23996.7,23998.1
1748268026846.0,23996.2,23997.6
1748268030938.0,23996.7,23998.1
1748268031204.0,23996.2,23997.6
1748268032602.0,23996.7,23998.1
1748268032650.0,23997.2,23998.6
1748268034460.0,23997.7,23999.1
1748268034559.0,23998.7,24000.1
1748268035952.0,23998.2,23999.6
1748268036454.0,23996.7,23998.1
1748268036547.0,23996.2,23997.6
1748268039410.0,23996.7,23998.1
1748268039968.0,23996.7,23998.1
1748268040044.0,23996.2,23997.6
1748268040735.0,23996.7,23998.1
1748268043770.0,23996.2,23997.6
1748268046381.0,23996.7,23998.1
1748268048088.0,23996.2,23997.6
1748268050240.0,23993.2,23994.6
1748268050525.0,23992.7,23994.1
1748268050574.0,23992.2,23993.6
1748268051382.0,23993.2,23994.6
1748268051695.0,23992.7,23994.1
1748268052959.0,23992.2,23993.6
1748268055507.0,23989.7,23991.1
1748268055580.0,23990.2,23991.6
1748268055618.0,23989.7,23991.1
1748268056780.0,23989.2,23990.6
1748268057004.0,23989.7,23991.1
1748268058558.0,23989.7,23991.1
1748268059971.0,23990.2,23991.6
1748268060197.0,23989.2,23990.6
1748268060242.0,23989.7,23991.1
1748268060407.0,23989.2,23990.6
1748268060641.0,23989.7,23991.1
1748268060889,,
1748268061177.0,23989.2,23990.6
1748268062285.0,23988.7,23990.1
1748268063814.0,23989.7,23991.1
1748268065787.0,23990.2,23991.6
1748268065837.0,23989.7,23991.1
1748268065885.0,23990.2,23991.6
1748268071219.0,23990.7,23992.1
1748268071349.0,23991.2,23992.6
1748268071500.0,23991.7,23993.1
1748268071658.0,23991.2,23992.6
1748268074926.0,23991.7,23993.1
1748268076074,,
1748268077325.0,23992.7,23994.1
1748268077535.0,23993.2,23994.6
1748268079565.0,23993.7,23995.1
1748268082507.0,23994.2,23995.6
1748268084805.0,23993.7,23995.1
1748268084900.0,23992.7,23994.1
1748268086196.0,23992.2,23993.6
1748268086378.0,23989.2,23990.6
1748268086619.0,23989.7,23991.1
1748268087435.0,23989.2,23990.6
1748268087485.0,23989.7,23991.1
1748268089050.0,23989.2,23990.6
1748268090106.0,23989.7,23991.1
1748268091503.0,23989.2,23990.6
1748268092510.0,23988.7,23990.1
1748268094775.0,23989.2,23990.6
1748268095824.0,23989.7,23991.1
1748268096163.0,23989.2,23990.6
1748268096900.0,23989.7,23991.1
1748268097583.0,23989.2,23990.6
1748268097632.0,23989.7,23991.1
1748268098253.0,23990.2,23991.6
1748268100030.0,23990.7,23992.1
1748268105003.0,23990.2,23991.6
1748268105203.0,23989.7,23991.1
1748268106123.0,23990.2,23991.6
1748268107212.0,23990.7,23992.1
1748268107659.0,23991.2,23992.6
1748268107912.0,23990.2,23991.6
1748268108589.0,23992.2,23993.6
1748268108638.0,23992.7,23994.1
1748268108962.0,23994.2,23995.6
1748268110306.0,23993.7,23995.1
1748268110501.0,23994.2,23995.6
1748268112050.0,23994.7,23996.1
1748268120717.0,23995.2,23996.6
1748268120764.0,23995.7,23997.1
1748268120822.0,23996.2,23997.6
1748268121013.0,23996.2,23997.6
1748268121602.0,23996.7,23998.1
1748268121699.0,23995.7,23997.1
1748268125207.0,23994.7,23996.1
1748268125696.0,23994.2,23995.6
1748268131080.0,23992.7,23994.1
1748268131237.0,23993.7,23995.1
1748268131816.0,23993.7,23995.1
1748268132582.0,23993.7,23995.1
1748268132912.0,23993.7,23995.1
1748268135020.0,23993.2,23994.6
1748268135643.0,23993.7,23995.1
1748268135947.0,23993.2,23994.6
1748268136258.0,23993.7,23995.1
1748268139204.0,23994.2,23995.6
1748268140479.0,23993.7,23995.1
1748268142639.0,23993.2,23994.6
1748268146651.0,23993.7,23995.1
1748268150359.0,23993.2,23994.6
1748268150407.0,23993.7,23995.1
1748268151018.0,23993.2,23994.6
1748268151435.0,23993.7,23995.1
1748268152596.0,23994.2,23995.6
1748268153111.0,23995.2,23996.6
1748268153585.0,23994.2,23995.6
1748268153890.0,23994.7,23996.1
1748268154117.0,23994.2,23995.6
1748268157809.0,23993.7,23995.1
1748268158478.0,23994.2,23995.6
1748268159954.0,23993.7,23995.1
1748268161960.0,23993.2,23994.6
1748268162007.0,23992.7,23994.1
1748268162898.0,23992.2,23993.6
1748268162948.0,23991.7,23993.1
1748268170196.0,23991.2,23992.6
1748268171113.0,23991.7,23993.1
1748268171249.0,23992.2,23993.6
1748268171432.0,23992.7,23994.1
1748268171682.0,23992.2,23993.6
1748268171730.0,23991.7,23993.1
1748268172121.0,23992.2,23993.6
1748268172170.0,23991.7,23993.1
1748268172981.0,23991.7,23993.1
1748268180315.0,23991.2,23992.6
1748268180440.0,23991.7,23993.1
1748268181062.0,23991.7,23993.1
1748268181614.0,23992.2,23993.6
1748268181662.0,23992.7,23994.1
1748268182200.0,23992.7,23994.1
1748268182312.0,23993.2,23994.6
1748268185058.0,23992.7,23994.1
1748268185870.0,23993.2,23994.6
1748268187564.0,23992.7,23994.1
1748268189703.0,23993.2,23994.6
1748268189937.0,23992.7,23994.1
1748268190720.0,23992.2,23993.6
1748268190818.0,23991.2,23992.6
1748268190867.0,23991.7,23993.1
1748268191447.0,23992.2,23993.6
1748268191714.0,23991.7,23993.1
1748268191990.0,23991.7,23993.1
1748268192523.0,23991.2,23992.6
1748268192570.0,23991.7,23993.1
1748268193170.0,23991.7,23993.1
1748268193394.0,23991.2,23992.6
1748268194939.0,23991.7,23993.1
1748268194986.0,23992.2,23993.6
1748268195246.0,23992.7,23994.1
1748268195995.0,23992.2,23993.6
1748268196934.0,23992.7,23994.1
1748268197928.0,23992.2,23993.6
1748268200186.0,23991.7,23993.1
1748268217043.0,23991.2,23992.6
1748268217323.0,23989.7,23991.1
1748268217372.0,23989.2,23990.6
1748268219333.0,23988.7,23990.1
1748268219382.0,23987.7,23989.1
1748268219697.0,23987.2,23988.6
1748268220375.0,23986.7,23988.1
1748268221410.0,23984.7,23986.1
1748268223563.0,23984.2,23985.6
1748268224507.0,23983.7,23985.1
1748268224553.0,23982.7,23984.1
1748268225286.0,23982.2,23983.6
1748268225335.0,23982.7,23984.1
1748268226722.0,23982.2,23983.6
1748268230230.0,23983.2,23984.6
1748268232225.0,23983.7,23985.1
1748268232273.0,23984.2,23985.6
1748268232935.0,23984.7,23986.1
1748268234859.0,23984.7,23986.1
1748268240240.0,23984.7,23986.1
1748268240747.0,23984.2,23985.6
1748268240793.0,23983.7,23985.1
1748268241021.0,23983.2,23984.6
1748268243167.0,23983.7,23985.1
1748268248533.0,23982.2,23983.6
1748268248800.0,23982.7,23984.1
1748268249251.0,23982.2,23983.6
1748268249495.0,23982.7,23984.1
1748268249726.0,23982.2,23983.6
1748268249775.0,23982.7,23984.1
1748268251476.0,23982.2,23983.6
1748268251715.0,23982.2,23983.6
1748268251876.0,23982.7,23984.1
1748268252097.0,23982.2,23983.6
1748268253086.0,23983.7,23985.1
1748268254056.0,23984.2,23985.6
1748268254106.0,23984.7,23986.1
1748268257346.0,23985.2,23986.6
1748268258974.0,23985.7,23987.1
1748268259020.0,23985.2,23986.6
1748268260224.0,23984.7,23986.1
1748268264215.0,23985.2,23986.6
1748268264515.0,23984.7,23986.1
1748268269876.0,23985.2,23986.6
1748268269923.0,23985.7,23987.1
1748268271047.0,23985.2,23986.6
1748268271430.0,23985.7,23987.1
1748268280035.0,23985.2,23986.6
1748268280078.0,23985.7,23987.1
1748268281730.0,23985.2,23986.6
1748268281777.0,23985.7,23987.1
1748268281839.0,23986.2,23987.6
1748268282320.0,23987.2,23988.6
1748268282879.0,23987.7,23989.1
1748268284697.0,23984.7,23986.1
1748268287475.0,23984.2,23985.6
1748268289359.0,23983.7,23985.1
1748268292697.0,23983.7,23985.1
1748268292765.0,23984.2,23985.6
1748268293537,,
1748268298071.0,23983.7,23985.1
1748268299064.0,23984.2,23985.6
1748268299720.0,23984.7,23986.1
1748268300663.0,23984.2,23985.6
1748268300835.0,23983.7,23985.1
1748268301046.0,23982.7,23984.1
1748268302936.0,23982.2,23983.6
1748268304535.0,23982.2,23983.6
1748268304587.0,23981.7,23983.1
1748268304947.0,23982.2,23983.6
1748268304997.0,23982.7,23984.1
1748268305397.0,23982.2,23983.6
1748268306418.0,23982.2,23983.6
1748268306469.0,23982.7,23984.1
1748268307055.0,23983.2,23984.6
1748268307105.0,23984.7,23986.1
1748268309842.0,23985.2,23986.6
1748268310429.0,23984.7,23986.1
1748268313396.0,23984.2,23985.6
1748268313440.0,23982.7,23984.1
1748268316535.0,23982.2,23983.6
1748268318462.0,23981.7,23983.1
1748268318882.0,23981.7,23983.1
1748268319864.0,23981.2,23982.6
1748268319984.0,23981.7,23983.1
1748268320162.0,23981.7,23983.1
1748268320261.0,23979.7,23981.1
1748268320458.0,23980.7,23982.1
1748268323704.0,23980.2,23981.6
1748268325305.0,23980.7,23982.1
1748268325602.0,23981.2,23982.6
1748268326204.0,23981.7,23983.1
1748268326759,,
1748268329141.0,23982.7,23984.1
1748268330450.0,23982.2,23983.6
1748268330941.0,23983.7,23985.1
1748268332436.0,23984.2,23985.6
1748268333317.0,23983.7,23985.1
1748268339909.0,23984.2,23985.6
1748268340542.0,23983.7,23985.1
1748268342433.0,23983.7,23985.1
1748268346628.0,23983.2,23984.6
1748268346676.0,23982.7,23984.1
1748268350524.0,23983.2,23984.6
1748268350982.0,23983.7,23985.1
1748268354336.0,23983.7,23985.1
1748268355069,,
1748268357379.0,23982.7,23984.1
1748268357877.0,23982.2,23983.6
1748268360027.0,23980.7,23982.1
1748268360070.0,23981.7,23983.1
1748268360221.0,23981.2,23982.6
1748268360422.0,23980.2,23981.6
1748268360617.0,23979.7,23981.1
1748268360718.0,23980.2,23981.6
1748268360821.0,23979.7,23981.1
1748268361422.0,23980.2,23981.6
1748268362432.0,23979.7,23981.1
1748268363041.0,23980.2,23981.6
1748268364405.0,23981.2,23982.6
1748268364752.0,23980.7,23982.1
1748268367044.0,23980.2,23981.6
1748268371983.0,23979.7,23981.1
1748268372030.0,23980.7,23982.1
1748268372093.0,23980.2,23981.6
1748268374116.0,23978.2,23979.6
1748268374832.0,23977.7,23979.1
1748268379976.0,23978.2,23979.6
1748268380974.0,23977.7,23979.1
1748268381987.0,23978.2,23979.6
1748268382691.0,23977.7,23979.1
1748268383251.0,23977.2,23978.6
1748268385498.0,23976.7,23978.1
1748268386649.0,23976.2,23977.6
1748268390051.0,23974.7,23976.1
1748268390271.0,23975.2,23976.6
1748268390475.0,23974.7,23976.1
1748268390794.0,23974.2,23975.6
1748268395698.0,23973.2,23974.6
1748268396970.0,23973.2,23974.6
1748268398229.0,23973.7,23975.1
1748268398529.0,23973.2,23974.6
1748268400602.0,23975.7,23977.1
1748268401042.0,23976.2,23977.6
1748268401691.0,23978.7,23980.1
1748268401871.0,23977.7,23979.1
1748268402108.0,23977.7,23979.1
1748268403053.0,23977.2,23978.6
1748268403103.0,23976.7,23978.1
1748268408650.0,23976.7,23978.1
1748268410467.0,23973.7,23975.1
1748268410531.0,23973.2,23974.6
1748268411191.0,23972.7,23974.1
1748268411280.0,23973.2,23974.6
1748268411726,,
1748268412040.0,23972.7,23974.1
1748268414049.0,23972.7,23974.1
1748268418304.0,23973.2,23974.6
1748268419611.0,23973.7,23975.1
1748268419739.0,23973.2,23974.6
1748268420197.0,23972.7,23974.1
1748268424541.0,23972.7,23974.1
1748268434209.0,23973.2,23974.6
1748268434394.0,23972.7,23974.1
1748268437768.0,23973.2,23974.6
1748268437863.0,23973.7,23975.1
1748268444272.0,23974.2,23975.6
1748268444316.0,23973.7,23975.1
1748268444500.0,23972.7,23974.1
1748268446388.0,23974.2,23975.6
1748268446554.0,23975.2,23976.6
1748268448092.0,23975.7,23977.1
1748268451184.0,23976.2,23977.6
1748268451235.0,23975.2,23976.6
1748268451282.0,23975.7,23977.1
1748268456897.0,23976.2,23977.6
1748268458003.0,23977.2,23978.6
1748268458457.0,23976.2,23977.6
1748268458949.0,23975.7,23977.1
1748268458999.0,23975.2,23976.6
1748268459456.0,23976.7,23978.1
1748268460524.0,23976.2,23977.6
1748268460571.0,23976.7,23978.1
1748268460901.0,23977.2,23978.6
1748268463835.0,23978.7,23980.1
1748268464549.0,23978.2,23979.6
1748268464838.0,23977.7,23979.1
1748268466452.0,23977.2,23978.6
1748268466501.0,23977.7,23979.1
1748268466727.0,23978.2,23979.6
1748268473322.0,23978.7,23980.1
1748268473370.0,23979.2,23980.6
1748268476364.0,23978.7,23980.1
1748268476520.0,23978.2,23979.6
1748268476938.0,23977.2,23978.6
1748268477084.0,23977.7,23979.1
1748268477197.0,23977.2,23978.6
1748268480425.0,23977.7,23979.1
1748268480558.0,23978.2,23979.6
1748268482215.0,23977.7,23979.1
1748268482698.0,23978.2,23979.6
1748268482748.0,23977.2,23978.6
1748268484692.0,23976.2,23977.6
1748268486263.0,23977.2,23978.6
1748268486427.0,23976.7,23978.1
1748268487345.0,23977.2,23978.6
1748268487390,,
1748268488014,,
1748268489148.0,23977.2,23978.6
1748268489382.0,23977.7,23979.1
1748268490659.0,23977.2,23978.6
1748268491816.0,23978.2,23979.6
1748268492376.0,23978.7,23980.1
1748268492423.0,23978.2,23979.6
1748268492756.0,23978.7,23980.1
1748268492805,,
1748268493444.0,23979.2,23980.6
1748268493897.0,23978.7,23980.1
1748268494572.0,23979.2,23980.6
1748268498145.0,23978.2,23979.6
1748268498194.0,23978.7,23980.1
1748268498890.0,23979.2,23980.6
1748268500020.0,23979.7,23981.1
1748268501200.0,23979.2,23980.6
1748268502702.0,23978.7,23980.1
1748268502750,,
1748268502893.0,23979.7,23981.1
1748268503149.0,23979.7,23981.1
1748268504157.0,23979.2,23980.6
1748268504209.0,23978.7,23980.1
1748268504643.0,23979.2,23980.6
1748268504692,,
1748268506021.0,23978.7,23980.1
1748268507515.0,23979.2,23980.6
1748268507762.0,23978.2,23979.6
1748268510094.0,23979.2,23980.6
1748268511576.0,23978.2,23979.6
1748268514583.0,23978.7,23980.1
1748268516810.0,23977.7,23979.1
1748268517937.0,23978.7,23980.1
1748268518251.0,23978.7,23980.1
1748268518923.0,23979.2,23980.6
1748268518971.0,23977.7,23979.1
1748268523693.0,23977.2,23978.6
1748268523739.0,23977.7,23979.1
1748268526031.0,23977.2,23978.6
1748268526935.0,23977.7,23979.1
1748268528202.0,23977.2,23978.6
1748268528690.0,23977.7,23979.1
1748268531324.0,23978.2,23979.6
1748268536517,,
1748268540032.0,23977.7,23979.1
1748268540080.0,23978.2,23979.6
1748268543721.0,23977.7,23979.1
1748268543770.0,23978.2,23979.6
1748268548780.0,23977.7,23979.1
1748268552120,,
1748268555691.0,23981.2,23982.6
1748268556292.0,23984.2,23985.6
1748268556342.0,23984.7,23986.1
1748268556427.0,23985.2,23986.6
1748268556795.0,23984.7,23986.1
1748268557479.0,23984.2,23985.6
1748268558360.0,23983.7,23985.1
1748268559440.0,23983.2,23984.6
1748268559656.0,23984.7,23986.1
1748268562085.0,23986.2,23987.6
1748268563912.0,23984.2,23985.6
1748268563955.0,23984.7,23986.1
1748268564227.0,23984.2,23985.6
1748268565194.0,23982.7,23984.1
1748268566123.0,23982.2,23983.6
1748268566610.0,23981.7,23983.1
1748268567070.0,23981.2,23982.6
1748268567398.0,23981.7,23983.1
1748268568770.0,23981.7,23983.1
1748268569705.0,23983.7,23985.1
1748268569840.0,23982.2,23983.6
1748268570374.0,23982.7,23984.1
1748268573586.0,23983.2,23984.6
1748268573914.0,23982.7,23984.1
1748268575130.0,23983.2,23984.6
1748268577528.0,23982.7,23984.1
1748268578907.0,23983.2,23984.6
1748268585840.0,23983.7,23985.1
1748268586681.0,23984.2,23985.6
1748268588068.0,23983.2,23984.6
1748268589912.0,23983.7,23985.1
1748268591461.0,23984.2,23985.6
1748268593737.0,23983.2,23984.6
1748268593974.0,23982.7,23984.1
1748268594548.0,23983.2,23984.6
1748268594733.0,23982.7,23984.1
1748268595080,,
1748268595838.0,23983.2,23984.6
1748268598558.0,23983.2,23984.6
1748268599354.0,23985.2,23986.6
1748268600017.0,23984.4,23985.8
1748268601031.0,23983.9,23985.3
1748268601385.0,23983.4,23984.8
1748268601850.0,23983.9,23985.3
1748268603037.0,23983.4,23984.8
1748268603140.0,23983.9,23985.3
1748268605711.0,23984.4,23985.8
1748268606548.0,23983.9,23985.3
1748268607702.0,23984.4,23985.8
1748268608387.0,23983.9,23985.3
1748268608618.0,23985.9,23987.3
1748268608998.0,23985.9,23987.3
1748268609198.0,23985.9,23987.3
1748268610636.0,23986.4,23987.8
1748268611366.0,23986.9,23988.3
1748268612022.0,23987.4,23988.8
1748268612070.0,23986.9,23988.3
1748268612999.0,23986.9,23988.3
1748268614668.0,23987.4,23988.8
1748268616504.0,23986.9,23988.3
1748268616922.0,23985.9,23987.3
1748268619364.0,23985.4,23986.8
1748268619615.0,23985.9,23987.3
1748268621448.0,23985.4,23986.8
1748268624490.0,23986.4,23987.8
1748268626527.0,23985.9,23987.3
1748268626575.0,23985.4,23986.8
1748268628768.0,23986.4,23987.8
1748268633575.0,23986.9,23988.3
1748268633624.0,23987.4,23988.8
1748268633674.0,23986.9,23988.3
1748268635318.0,23986.9,23988.3
1748268635992.0,23986.4,23987.8
1748268637697.0,23986.9,23988.3
1748268639581.0,23987.4,23988.8
1748268639630.0,23986.9,23988.3
1748268640540.0,23987.4,23988.8
1748268642869.0,23987.9,23989.3
1748268643978.0,23988.4,23989.8
1748268648652.0,23989.9,23991.3
1748268648753.0,23989.9,23991.3
1748268650477.0,23989.4,23990.8
1748268650785.0,23989.9,23991.3
1748268653400.0,23989.9,23991.3
1748268655024.0,23989.4,23990.8
1748268655071.0,23989.9,23991.3
1748268659403.0,23990.4,23991.8
1748268659743.0,23990.9,23992.3
1748268659793.0,23991.4,23992.8
1748268660730,,
1748268663197.0,23991.4,23992.8
1748268663705.0,23991.9,23993.3
1748268664427.0,23993.4,23994.8
1748268666518.0,23992.9,23994.3
1748268670094.0,23991.9,23993.3
1748268671421.0,23992.4,23993.8
1748268671470.0,23991.9,23993.3
1748268673512.0,23992.4,23993.8
1748268673610.0,23992.4,23993.8
1748268675636.0,23992.9,23994.3
1748268676530.0,23992.4,23993.8
1748268677341.0,23992.9,23994.3
1748268677392.0,23993.4,23994.8
1748268678127.0,23992.9,23994.3
1748268678176.0,23993.4,23994.8
1748268678303.0,23994.4,23995.8
1748268682698.0,23993.9,23995.3
1748268682745.0,23993.4,23994.8
1748268682841.0,23993.9,23995.3
1748268685045.0,23993.4,23994.8
1748268685269.0,23993.9,23995.3
1748268690240.0,23995.4,23996.8
1748268690757.0,23995.9,23997.3
1748268690805.0,23995.4,23996.8
1748268692559.0,23996.4,23997.8
1748268692919.0,23995.9,23997.3
1748268694129.0,23995.9,23997.3
1748268695781.0,23996.4,23997.8
1748268696946.0,23994.9,23996.3
1748268697046.0,23994.9,23996.3
1748268697285.0,23995.4,23996.8
1748268697432.0,23994.9,23996.3
1748268698577.0,23994.4,23995.8
1748268700553.0,23993.9,23995.3
1748268701786.0,23991.9,23993.3
1748268701947.0,23992.9,23994.3
1748268702659.0,23991.4,23992.8
1748268702906.0,23991.9,23993.3
1748268702958.0,23992.4,23993.8
1748268703041.0,23992.9,23994.3
1748268705051.0,23992.4,23993.8
1748268705092.0,23992.9,23994.3
1748268707534.0,23990.9,23992.3
1748268708079.0,23990.9,23992.3
1748268708573.0,23990.4,23991.8
1748268709457.0,23989.9,23991.3
1748268710716.0,23989.4,23990.8
1748268712106.0,23988.9,23990.3
1748268712156.0,23989.4,23990.8
1748268713265.0,23990.4,23991.8
1748268713403.0,23990.4,23991.8
1748268713451.0,23990.9,23992.3
1748268720265.0,23989.9,23991.3
1748268723078.0,23989.9,23991.3
1748268724251.0,23989.4,23990.8
1748268724296.0,23989.9,23991.3
1748268724736.0,23989.4,23990.8
1748268727017.0,23989.9,23991.3
1748268728643.0,23990.4,23991.8
1748268729928.0,23989.9,23991.3
1748268730024.0,23990.4,23991.8
1748268741142.0,23989.9,23991.3
1748268743821.0,23990.4,23991.8
1748268747943,,
1748268748048.0,23991.4,23992.8
1748268748263.0,23991.9,23993.3
1748268750042.0,23991.9,23993.3
1748268750379.0,23992.4,23993.8
1748268750427.0,23991.9,23993.3
1748268751007.0,23991.4,23992.8
1748268751054.0,23991.9,23993.3
1748268751705.0,23991.9,23993.3
1748268754477.0,23991.4,23992.8
1748268754527.0,23991.9,23993.3
1748268755532.0,23991.4,23992.8
1748268756732.0,23991.9,23993.3
1748268757905.0,23991.4,23992.8
1748268761071.0,23990.4,23991.8
1748268773598.0,23989.9,23991.3
1748268773641.0,23989.4,23990.8
1748268774164.0,23988.9,23990.3
1748268774264.0,23988.9,23990.3
1748268775239.0,23989.4,23990.8
1748268780388.0,23990.4,23991.8
1748268783731.0,23990.9,23992.3
1748268785076.0,23990.4,23991.8
1748268785123.0,23990.9,23992.3
1748268785586.0,23990.4,23991.8
1748268786490.0,23990.9,23992.3
1748268786598.0,23990.4,23991.8
1748268787140.0,23990.9,23992.3
1748268787240.0,23990.9,23992.3
1748268789813.0,23991.4,23992.8
1748268792079.0,23993.4,23994.8
1748268792242.0,23993.9,23995.3
1748268792753.0,23993.4,23994.8
1748268792930.0,23992.9,23994.3
1748268793175.0,23991.9,23993.3
1748268793516.0,23992.4,23993.8
1748268795543.0,23992.4,23993.8
1748268798413.0,23993.4,23994.8
1748268798586.0,23992.9,23994.3
1748268798691.0,23993.4,23994.8
1748268799105.0,23991.9,23993.3
1748268799340.0,23992.4,23993.8
1748268799845.0,23993.4,23994.8
1748268800406.0,23994.9,23996.3
1748268805780.0,23995.4,23996.8
1748268805825.0,23994.4,23995.8
1748268807320.0,23994.9,23996.3
1748268810913.0,23995.4,23996.8
1748268811244.0,23994.9,23996.3
1748268812218.0,23994.9,23996.3
1748268813640.0,23994.4,23995.8
1748268814320.0,23994.9,23996.3
1748268815132.0,23995.4,23996.8
1748268817268.0,23994.9,23996.3
1748268818960.0,23995.9,23997.3
1748268822467.0,23996.4,23997.8
1748268822513.0,23996.9,23998.3
1748268823265.0,23996.9,23998.3
1748268824988.0,23997.4,23998.8
1748268825337.0,23997.9,23999.3
1748268825481.0,23998.4,23999.8
1748268828173.0,23998.9,24000.3
1748268828475.0,23998.9,24000.3
1748268828699.0,23998.4,23999.8
1748268829112.0,23998.9,24000.3
1748268831820.0,23999.4,24000.8
1748268836554,,
1748268839068.0,24000.4,24001.8
1748268839268.0,24001.9,24003.3
1748268840215.0,24001.9,24003.3
1748268840607.0,24001.4,24002.8
1748268842122.0,23999.9,24001.3
1748268843176.0,23999.4,24000.8
1748268844176.0,23999.4,24000.8
1748268844829.0,23998.9,24000.3
1748268844878.0,23998.4,23999.8
1748268852372,,
1748268852747.0,23998.9,24000.3
1748268852796.0,23999.4,24000.8
1748268853095.0,23999.9,24001.3
1748268853144.0,23999.4,24000.8
1748268853588.0,23999.9,24001.3
1748268854362.0,23999.9,24001.3
1748268855072.0,24000.9,24002.3
1748268855926.0,24000.4,24001.8
1748268856641.0,24000.9,24002.3
1748268858864.0,24000.9,24002.3
1748268861176.0,24000.4,24001.8
1748268863239.0,24000.9,24002.3
1748268868307.0,24000.4,24001.8
1748268868947.0,24000.9,24002.3
1748268870300.0,24001.4,24002.8
1748268872135.0,24001.9,24003.3
1748268872333.0,24001.9,24003.3
1748268876635.0,24001.4,24002.8
1748268876683.0,24001.9,24003.3
1748268876901.0,24001.9,24003.3
1748268880032.0,24001.4,24002.8
1748268880078.0,24001.9,24003.3
1748268882554.0,24001.9,24003.3
1748268883188.0,24001.4,24002.8
1748268883234.0,24001.9,24003.3
1748268887530.0,24001.9,24003.3
1748268887894.0,24002.4,24003.8
1748268892005.0,24002.9,24004.3
1748268892304.0,24002.4,24003.8
1748268895007.0,24002.9,24004.3
1748268895774.0,24002.4,24003.8
1748268895821.0,24002.9,24004.3
1748268896680.0,24002.4,24003.8
1748268899171.0,24001.9,24003.3
1748268900264.0,24001.9,24003.3
1748268900402.0,24001.4,24002.8
1748268903797.0,24001.9,24003.3
1748268904771.0,24001.4,24002.8
1748268904821.0,24001.9,24003.3
1748268905027.0,24001.4,24002.8
1748268905078.0,24001.9,24003.3
1748268906707.0,24001.4,24002.8
1748268906755.0,24001.9,24003.3
1748268909528.0,24001.4,24002.8
1748268909830.0,24001.9,24003.3
1748268909880.0,24001.4,24002.8
1748268909931.0,24001.9,24003.3
1748268910918.0,24001.4,24002.8
1748268910966.0,24001.9,24003.3
1748268911084.0,24001.4,24002.8
1748268912108.0,23997.9,23999.3
1748268913004.0,23996.4,23997.8
1748268913788,,
1748268915053.0,23995.9,23997.3
1748268915943.0,23996.4,23997.8
1748268915991,,
1748268923226.0,23995.9,23997.3
1748268927442.0,23996.4,23997.8
1748268927713.0,23995.9,23997.3
1748268932080.0,23995.4,23996.8
1748268932129.0,23994.4,23995.8
1748268932179.0,23995.9,23997.3
1748268938206.0,23996.4,23997.8
1748268938257.0,23995.9,23997.3
1748268939206.0,23996.4,23997.8
1748268939253.0,23995.9,23997.3
1748268942724.0,23995.4,23996.8
1748268954922.0,23997.4,23998.8
1748268955080.0,23996.4,23997.8
1748268957703.0,23995.4,23996.8
1748268958222.0,23995.9,23997.3
1748268959052.0,23995.4,23996.8
1748268964435.0,23994.9,23996.3
1748268964481.0,23995.9,23997.3
1748268964721.0,23996.4,23997.8
1748268970399.0,23996.9,23998.3
1748268974690.0,23997.4,23998.8
1748268980081.0,23996.4,23997.8
1748268980235.0,23995.9,23997.3
1748268980670.0,23995.4,23996.8
1748268980888.0,23995.9,23997.3
1748268981443.0,23995.4,23996.8
1748268983645.0,23995.9,23997.3
1748268983743.0,23995.4,23996.8
1748268986212.0,23995.9,23997.3
1748268987359.0,23995.9,23997.3
1748268991082.0,23995.4,23996.8
1748268991409.0,23995.9,23997.3
1748269000728.0,23996.4,23997.8
1748269001719.0,23996.9,23998.3
1748269005033.0,23996.4,23997.8
1748269005918.0,23996.9,23998.3
1748269007915.0,23997.4,23998.8
1748269015209.0,23996.4,23997.8
1748269018710.0,23995.4,23996.8
1748269018767.0,23994.9,23996.3
1748269019276.0,23995.4,23996.8
1748269019740.0,23994.9,23996.3
1748269020190.0,23994.9,23996.3
1748269023891.0,23992.4,23993.8
1748269024021,,
1748269024617.0,23991.9,23993.3
1748269025018.0,23991.9,23993.3
1748269026602.0,23991.4,23992.8
1748269026947.0,23991.9,23993.3
1748269027579.0,23991.4,23992.8
1748269028276.0,23991.9,23993.3
1748269028645.0,23991.4,23992.8
1748269028868.0,23991.9,23993.3
1748269029939.0,23992.4,23993.8
1748269031231.0,23991.9,23993.3
1748269032220.0,23992.4,23993.8
1748269032873.0,23991.9,23993.3
1748269033607.0,23992.9,23994.3
1748269033658.0,23993.9,23995.3
1748269034471.0,23995.4,23996.8
1748269034841.0,23995.4,23996.8
1748269035906.0,23997.9,23999.3
1748269036236.0,23998.4,23999.8
1748269036772.0,23998.4,23999.8
1748269036906.0,23998.9,24000.3
1748269037176.0,23997.9,23999.3
1748269037509.0,23998.4,23999.8
1748269041017.0,23999.9,24001.3
1748269041324.0,23999.4,24000.8
1748269043497.0,23998.9,24000.3
1748269051875.0,23998.4,23999.8
1748269051920.0,23998.9,24000.3
1748269052359.0,23998.9,24000.3
1748269052922.0,23998.4,23999.8
1748269052972.0,23998.9,24000.3
1748269054019.0,23998.4,23999.8
1748269054067.0,23998.9,24000.3
1748269054321.0,23998.4,23999.8
1748269058738.0,23998.9,24000.3
1748269058782.0,23998.4,23999.8
1748269059247.0,23998.9,24000.3
1748269059346.0,23998.4,23999.8
1748269059402.0,23998.9,24000.3
1748269060030.0,23998.4,23999.8
1748269060079.0,23998.9,24000.3
1748269062058.0,23995.9,23997.3
1748269062448.0,23995.4,23996.8
1748269067417.0,23996.4,23997.8
1748269067620.0,23995.9,23997.3
1748269069676.0,23996.4,23997.8
1748269077623.0,23995.9,23997.3
1748269084952.0,23996.4,23997.8
1748269086094,,
1748269086284.0,23995.4,23996.8
1748269086381,,
1748269089365.0,23996.4,23997.8
1748269094478.0,23997.4,23998.8
1748269097880.0,23996.4,23997.8
1748269097929.0,23995.9,23997.3
1748269098361.0,23995.9,23997.3
1748269098803.0,23995.4,23996.8
1748269098850.0,23994.9,23996.3
1748269099576.0,23995.4,23996.8
1748269100091.0,23995.9,23997.3
1748269100142.0,23996.4,23997.8
1748269122743.0,23996.4,23997.8
1748269125462.0,23995.9,23997.3
1748269125718.0,23996.9,23998.3
1748269126870.0,23996.4,23997.8
1748269132348.0,23995.4,23996.8
1748269133583.0,23995.9,23997.3
1748269133813,,
1748269138165.0,23995.9,23997.3
1748269139275.0,23996.4,23997.8
1748269139596.0,23996.9,23998.3
1748269139744.0,23996.4,23997.8
1748269140669.0,23996.9,23998.3
1748269143141.0,23997.4,23998.8
1748269143724.0,23999.9,24001.3
1748269143880.0,24000.4,24001.8
1748269144077.0,24000.9,24002.3
1748269144820.0,24000.4,24001.8
1748269144869.0,24000.9,24002.3
1748269148236.0,24000.4,24001.8
1748269153083.0,24000.9,24002.3
1748269153482.0,24000.4,24001.8
1748269156155.0,24000.9,24002.3
1748269156361.0,24000.9,24002.3
1748269157242.0,24001.4,24002.8
1748269157515.0,23999.9,24001.3
1748269157958.0,24000.9,24002.3
1748269159026.0,24001.4,24002.8
1748269159456.0,24000.9,24002.3
1748269161638.0,24001.4,24002.8
1748269161882.0,24000.9,24002.3
1748269161931,,
1748269162971.0,24000.4,24001.8
1748269164190.0,23999.9,24001.3
1748269167158.0,24000.4,24001.8
1748269167203.0,24000.9,24002.3
1748269176448.0,24000.4,24001.8
1748269182094.0,24000.4,24001.8
1748269184677.0,23999.9,24001.3
1748269185298.0,23998.9,24000.3
1748269185468,,
1748269197732.0,23998.9,24000.3
1748269198990.0,23998.4,23999.8
1748269200016.0,23997.2,23998.6
1748269203041.0,23997.7,23999.1
1748269203086,,
1748269207203.0,23997.2,23998.6
1748269207692.0,23996.7,23998.1
1748269207741.0,23995.2,23996.6
1748269210784.0,23995.7,23997.1
1748269211522.0,23996.2,23997.6
1748269211569.0,23996.7,23998.1
1748269211932.0,23996.2,23997.6
1748269212034.0,23995.7,23997.1
1748269212442.0,23996.2,23997.6
1748269212491.0,23996.7,23998.1
1748269213225.0,23996.2,23997.6
1748269214571.0,23996.7,23998.1
1748269218947.0,23997.2,23998.6
1748269219990.0,23996.7,23998.1
1748269223420.0,23996.2,23997.6
1748269223470.0,23997.2,23998.6
1748269223678.0,23997.7,23999.1
1748269224156.0,23997.7,23999.1
1748269224448.0,23998.2,23999.6
1748269224985.0,23997.7,23999.1
1748269225034.0,23997.2,23998.6
1748269226939.0,23996.2,23997.6
1748269227851.0,23997.2,23998.6
1748269227949.0,23997.7,23999.1
1748269228455.0,23997.2,23998.6
1748269232689.0,23996.7,23998.1
1748269232787.0,23997.2,23998.6
1748269236189.0,23996.7,23998.1
1748269238751.0,23997.2,23998.6
1748269241943.0,23996.7,23998.1
1748269242717.0,23996.2,23997.6
1748269246959.0,23995.7,23997.1
1748269248856.0,23995.2,23996.6
1748269248903.0,23994.2,23995.6
1748269250481.0,23993.7,23995.1
1748269250685.0,23992.2,23993.6
1748269250784.0,23991.7,23993.1
1748269250967.0,23992.2,23993.6
1748269253050.0,23991.2,23992.6
1748269255045.0,23990.7,23992.1
1748269255477.0,23990.2,23991.6
1748269260209.0,23989.7,23991.1
1748269263412.0,23990.2,23991.6
1748269264178.0,23989.7,23991.1
1748269267703.0,23989.2,23990.6
1748269268044.0,23988.2,23989.6
1748269269076,,
1748269269211.0,23988.2,23989.6
1748269269301.0,23986.7,23988.1
1748269270229.0,23986.7,23988.1
1748269271316.0,23985.7,23987.1
1748269272551.0,23986.7,23988.1
1748269273674,,
1748269274039.0,23986.2,23987.6
1748269275446.0,23986.2,23987.6
1748269275818.0,23985.7,23987.1
1748269280892.0,23986.2,23987.6
1748269281924.0,23985.7,23987.1
1748269285762.0,23985.7,23987.1
1748269287283.0,23985.7,23987.1
1748269292813.0,23985.2,23986.6
1748269292861.0,23985.7,23987.1
1748269293463.0,23985.2,23986.6
1748269297131.0,23984.7,23986.1
1748269298432.0,23984.7,23986.1
1748269299068.0,23984.2,23985.6
1748269300078,,
1748269300916.0,23983.7,23985.1
1748269302965.0,23984.2,23985.6
1748269305577.0,23983.7,23985.1
1748269305671.0,23984.2,23985.6
1748269307531.0,23985.2,23986.6
1748269310042.0,23986.2,23987.6
1748269312099.0,23986.7,23988.1
1748269313541,,
1748269314477.0,23985.7,23987.1
1748269315854.0,23985.2,23986.6
1748269319365.0,23985.7,23987.1
1748269319771.0,23984.7,23986.1
1748269321555.0,23984.2,23985.6
1748269321603.0,23984.7,23986.1
1748269322132.0,23985.7,23987.1
1748269322828.0,23984.7,23986.1
1748269324927.0,23985.2,23986.6
1748269326062.0,23984.7,23986.1
1748269327669.0,23984.7,23986.1
1748269327867.0,23984.2,23985.6
1748269327917.0,23982.7,23984.1
1748269329297.0,23983.2,23984.6
1748269329347.0,23984.7,23986.1
1748269329619.0,23984.2,23985.6
1748269330263.0,23984.7,23986.1
1748269330363.0,23985.2,23986.6
1748269330413.0,23985.7,23987.1
1748269331294.0,23985.7,23987.1
1748269335750.0,23985.2,23986.6
1748269336064.0,23985.7,23987.1
1748269337277.0,23986.2,23987.6
1748269338397.0,23986.2,23987.6
1748269339433.0,23986.7,23988.1
1748269341184.0,23987.2,23988.6
1748269341549.0,23986.7,23988.1
1748269341701.0,23986.7,23988.1
1748269345672.0,23987.2,23988.6
1748269349220,,
1748269356397.0,23986.7,23988.1
1748269356502.0,23986.2,23987.6
1748269357367.0,23985.7,23987.1
1748269358587.0,23985.7,23987.1
1748269367170.0,23985.2,23986.6
1748269372828.0,23986.7,23988.1
1748269374862.0,23985.7,23987.1
1748269376450.0,23986.7,23988.1
1748269376520.0,23986.2,23987.6
1748269377147.0,23985.7,23987.1
1748269377482.0,23986.2,23987.6
1748269379735.0,23986.7,23988.1
1748269381276.0,23987.2,23988.6
1748269381589.0,23987.7,23989.1
1748269384029.0,23987.2,23988.6
1748269386565.0,23987.7,23989.1
1748269386676.0,23987.2,23988.6
1748269386794.0,23987.7,23989.1
1748269387157.0,23988.2,23989.6
1748269388455.0,23987.2,23988.6
1748269388814.0,23987.7,23989.1
1748269389194.0,23987.2,23988.6
1748269390774.0,23987.7,23989.1
1748269391455.0,23988.2,23989.6
1748269392474.0,23987.2,23988.6
1748269393730.0,23987.7,23989.1
1748269393778.0,23987.2,23988.6
1748269394915.0,23987.7,23989.1
1748269395282.0,23987.2,23988.6
1748269395725.0,23987.7,23989.1
1748269396835.0,23988.7,23990.1
1748269399399.0,23988.7,23990.1
1748269401187.0,23988.2,23989.6
1748269401908.0,23988.7,23990.1
1748269402994.0,23988.2,23989.6
1748269403042.0,23988.7,23990.1
1748269403978.0,23988.2,23989.6
1748269404092.0,23988.7,23990.1
1748269412109.0,23988.7,23990.1
1748269413420.0,23989.2,23990.6
1748269414525.0,23988.7,23990.1
1748269414700.0,23988.7,23990.1
1748269417863.0,23989.2,23990.6
1748269419892.0,23988.2,23989.6
1748269421083.0,23987.7,23989.1
1748269421505.0,23988.2,23989.6
1748269421555.0,23988.7,23990.1
1748269422139.0,23988.2,23989.6
1748269422712.0,23988.7,23990.1
1748269423047.0,23987.7,23989.1
1748269424945.0,23987.2,23988.6
1748269425982.0,23986.7,23988.1
1748269426029.0,23988.2,23989.6
1748269426535.0,23987.7,23989.1
1748269428090.0,23988.2,23989.6
1748269428381.0,23987.7,23989.1
1748269429521.0,23987.2,23988.6
1748269429619.0,23987.7,23989.1
1748269435985.0,23987.2,23988.6
1748269436077.0,23986.2,23987.6
1748269436372.0,23986.2,23987.6
1748269436505.0,23986.7,23988.1
1748269437447.0,23986.2,23987.6
1748269438504.0,23986.7,23988.1
1748269438991.0,23986.2,23987.6
1748269440174.0,23986.7,23988.1
1748269440409.0,23986.7,23988.1
1748269441157.0,23986.2,23987.6
1748269442011.0,23988.2,23989.6
1748269442180.0,23987.2,23988.6
1748269443548.0,23987.7,23989.1
1748269446823.0,23987.2,23988.6
1748269450268.0,23987.7,23989.1
1748269451005.0,23987.7,23989.1
1748269451691.0,23988.2,23989.6
1748269452453.0,23987.7,23989.1
1748269452975.0,23988.2,23989.6
1748269454880.0,23986.2,23987.6
1748269455432.0,23985.7,23987.1
1748269455802.0,23986.7,23988.1
1748269456389.0,23987.2,23988.6
1748269456489.0,23987.7,23989.1
1748269457408.0,23987.2,23988.6
1748269459093.0,23986.7,23988.1
1748269459884.0,23986.7,23988.1
1748269462679.0,23987.2,23988.6
1748269466763.0,23987.2,23988.6
1748269468257.0,23987.7,23989.1
1748269469917.0,23988.2,23989.6
1748269470283.0,23987.7,23989.1
1748269470649.0,23988.2,23989.6
1748269481257.0,23987.7,23989.1
1748269482383.0,23988.2,23989.6
1748269483065.0,23987.7,23989.1
1748269483477.0,23987.2,23988.6
1748269483602.0,23986.7,23988.1
1748269484055.0,23987.2,23988.6
1748269487333.0,23987.7,23989.1
1748269487380.0,23988.2,23989.6
1748269501561.0,23988.7,23990.1
1748269501606.0,23988.2,23989.6
1748269502801.0,23987.7,23989.1
1748269503868.0,23987.2,23988.6
1748269504083.0,23987.7,23989.1
1748269506396.0,23987.2,23988.6
1748269506443.0,23987.7,23989.1
1748269508444.0,23988.2,23989.6
1748269515368.0,23987.2,23988.6
1748269517152.0,23986.2,23987.6
1748269518986.0,23985.7,23987.1
1748269519035.0,23986.2,23987.6
1748269523111.0,23985.7,23987.1
1748269524238.0,23985.7,23987.1
1748269525510.0,23985.7,23987.1
1748269525945.0,23986.2,23987.6
1748269528316,,
1748269529721.0,23983.7,23985.1
1748269530871.0,23983.7,23985.1
1748269533053.0,23983.2,23984.6
1748269533608.0,23983.7,23985.1
1748269535050.0,23983.2,23984.6
1748269535093.0,23983.7,23985.1
1748269536620.0,23984.2,23985.6
1748269539557.0,23984.7,23986.1
1748269539603.0,23984.2,23985.6
1748269541147.0,23984.7,23986.1
1748269542018.0,23986.2,23987.6
1748269542322.0,23986.2,23987.6
1748269543518.0,23986.7,23988.1
1748269544871.0,23986.7,23988.1
1748269545611.0,23987.2,23988.6
1748269546229.0,23987.2,23988.6
1748269546867.0,23987.7,23989.1
1748269547956.0,23988.2,23989.6
1748269551122.0,23988.2,23989.6
1748269556304,,
1748269557233.0,23988.2,23989.6
1748269559091.0,23988.7,23990.1
1748269559405.0,23988.2,23989.6
1748269559562.0,23988.7,23990.1
1748269559781.0,23988.7,23990.1
1748269560296.0,23988.2,23989.6
1748269561422.0,23988.7,23990.1
1748269563359.0,23988.2,23989.6
1748269563407.0,23988.7,23990.1
1748269563550.0,23988.2,23989.6
1748269565522.0,23988.7,23990.1
1748269566325.0,23988.2,23989.6
1748269566373.0,23988.7,23990.1
1748269566709.0,23990.2,23991.6
1748269567366.0,23990.7,23992.1
1748269567413.0,23992.2,23993.6
1748269567747.0,23991.2,23992.6
1748269568654.0,23990.7,23992.1
1748269572609.0,23990.2,23991.6
1748269573096,,
1748269573329.0,23990.7,23992.1
1748269573921.0,23991.7,23993.1
1748269575502.0,23992.2,23993.6
1748269578515.0,23992.7,23994.1
1748269581522.0,23993.2,23994.6
1748269581915.0,23993.7,23995.1
1748269583825.0,23994.2,23995.6
1748269584268.0,23993.7,23995.1
1748269584919.0,23994.2,23995.6
1748269585018.0,23991.7,23993.1
1748269586378.0,23991.7,23993.1
1748269588745.0,23992.2,23993.6
1748269589420.0,23993.7,23995.1
1748269589626.0,23994.2,23995.6
1748269594832,,
1748269596836.0,23993.7,23995.1
1748269598050.0,23993.2,23994.6
1748269599942.0,23993.7,23995.1
1748269603476.0,23993.7,23995.1
1748269604755.0,23993.2,23994.6
1748269605825.0,23993.7,23995.1
1748269607831.0,23991.2,23992.6
1748269609940.0,23991.2,23992.6
1748269610847.0,23990.7,23992.1
1748269611322.0,23990.2,23991.6
1748269611708.0,23988.7,23990.1
1748269612592.0,23988.2,23989.6
1748269613551.0,23988.7,23990.1
1748269614235.0,23988.2,23989.6
1748269614580.0,23988.7,23990.1
1748269615142.0,23988.7,23990.1
1748269620969.0,23988.2,23989.6
1748269624544.0,23988.7,23990.1
1748269626967.0,23988.7,23990.1
1748269627119.0,23988.7,23990.1
1748269629355.0,23988.2,23989.6
1748269630520.0,23987.7,23989.1
1748269636335.0,23987.2,23988.6
1748269636858.0,23987.7,23989.1
1748269640437.0,23987.2,23988.6
1748269644583.0,23987.7,23989.1
1748269651361.0,23988.7,23990.1
1748269654706.0,23990.2,23991.6
1748269655242.0,23991.2,23992.6
1748269655905.0,23990.7,23992.1
1748269658621.0,23990.7,23992.1
1748269664222.0,23991.2,23992.6
1748269664271.0,23990.7,23992.1
1748269670790.0,23990.7,23992.1
1748269675033.0,23990.2,23991.6
1748269675080.0,23990.7,23992.1
1748269682343.0,23990.2,23991.6
1748269683088.0,23990.7,23992.1
1748269683949.0,23990.2,23991.6
1748269684059.0,23990.7,23992.1
1748269684108,,
1748269686380.0,23990.7,23992.1
1748269689895.0,23992.2,23993.6
1748269693318.0,23991.2,23992.6
1748269693775.0,23991.7,23993.1
1748269697045.0,23991.2,23992.6
1748269697144.0,23991.7,23993.1
1748269699856.0,23993.2,23994.6
1748269700471.0,23993.7,23995.1
1748269704420.0,23994.2,23995.6
1748269705080.0,23991.7,23993.1
1748269706257.0,23992.2,23993.6
1748269708123.0,23991.7,23993.1
1748269711924.0,23992.2,23993.6
1748269711971.0,23991.7,23993.1
1748269713087.0,23991.2,23992.6
1748269713135.0,23991.7,23993.1
1748269714710.0,23992.2,23993.6
1748269717578.0,23992.7,23994.1
1748269718055.0,23992.2,23993.6
1748269718607.0,23990.2,23991.6
1748269720080.0,23991.2,23992.6
1748269721244.0,23991.7,23993.1
1748269724233.0,23991.2,23992.6
1748269724604.0,23992.7,23994.1
1748269725034.0,23991.7,23993.1
1748269732127.0,23992.2,23993.6
1748269734354.0,23991.7,23993.1
1748269734559.0,23992.2,23993.6
1748269735626.0,23991.7,23993.1
1748269735725.0,23992.2,23993.6
1748269737479.0,23991.7,23993.1
1748269737804.0,23992.2,23993.6
1748269739723.0,23991.7,23993.1
1748269741631.0,23992.2,23993.6
1748269743729.0,23992.7,23994.1
1748269750954.0,23993.2,23994.6
1748269752762.0,23991.7,23993.1
1748269756751.0,23992.2,23993.6
1748269758293.0,23992.7,23994.1
1748269758826.0,23993.2,23994.6
1748269759897.0,23992.7,23994.1
1748269760058.0,23992.2,23993.6
1748269765107.0,23991.2,23992.6
1748269765621.0,23990.7,23992.1
1748269765894.0,23990.7,23992.1
1748269766519.0,23991.2,23992.6
1748269768481.0,23991.7,23993.1
1748269768801.0,23991.7,23993.1
1748269770915.0,23992.2,23993.6
1748269771278.0,23992.2,23993.6
1748269771690.0,23992.7,23994.1
1748269772512.0,23992.2,23993.6
1748269773048.0,23992.2,23993.6
1748269773424.0,23992.7,23994.1
1748269780907.0,23992.7,23994.1
1748269781373.0,23992.2,23993.6
1748269783664.0,23991.7,23993.1
1748269783709.0,23992.2,23993.6
1748269786960.0,23991.7,23993.1
1748269787351.0,23992.2,23993.6
1748269788080,,
1748269789175.0,23991.2,23992.6
1748269790651.0,23990.7,23992.1
1748269791072.0,23990.2,23991.6
1748269792597.0,23991.7,23993.1
1748269795081.0,23990.2,23991.6
1748269795181.0,23990.7,23992.1
1748269796993.0,23990.2,23991.6
1748269797564.0,23990.7,23992.1
1748269800099.0,23991.7,23993.1
1748269801160.0,23992.2,23993.6
1748269801322.0,23991.7,23993.1
1748269801798.0,23992.2,23993.6
1748269803390.0,23991.7,23993.1
1748269804415.0,23992.2,23993.6
1748269804464.0,23991.7,23993.1
1748269805465.0,23991.7,23993.1
1748269807389.0,23991.2,23992.6
1748269809624.0,23990.7,23992.1
1748269813109.0,23990.2,23991.6
1748269814918.0,23990.2,23991.6
1748269818565.0,23990.2,23991.6
1748269819156.0,23990.7,23992.1
1748269819255.0,23990.2,23991.6
1748269819822.0,23990.2,23991.6
1748269824084.0,23994.2,23995.6
1748269827253.0,23994.7,23996.1
1748269827945.0,23995.2,23996.6
1748269831721.0,23995.7,23997.1
1748269832221.0,23996.2,23997.6
1748269833237.0,23995.2,23996.6
1748269839095.0,23996.2,23997.6
1748269839890.0,23998.7,24000.1
1748269840298.0,23999.2,24000.6
1748269841791,,
1748269842506.0,23999.2,24000.6
1748269843519.0,23999.7,24001.1
1748269843566.0,23999.2,24000.6
1748269845673.0,23998.7,24000.1
1748269846031.0,23997.7,23999.1
1748269847293.0,23998.2,23999.6
1748269848525.0,23998.7,24000.1
1748269849911.0,23998.2,23999.6
1748269851675.0,23995.7,23997.1
1748269851722.0,23995.2,23996.6
1748269852143.0,23991.2,23992.6
1748269852195.0,23992.2,23993.6
1748269852512.0,23991.7,23993.1
1748269852628.0,23992.2,23993.6
1748269852931.0,23992.7,23994.1
1748269853263.0,23993.7,23995.1
1748269853538.0,23994.2,23995.6
1748269854366.0,23994.7,23996.1
1748269855699.0,23994.7,23996.1
1748269855856.0,23995.2,23996.6
1748269856623.0,23995.7,23997.1
1748269857064.0,23995.2,23996.6
1748269857332.0,23994.7,23996.1
1748269857794.0,23994.2,23995.6
1748269858586.0,23994.7,23996.1
1748269858814.0,23994.2,23995.6
1748269859952.0,23994.7,23996.1
1748269860267.0,23994.2,23995.6
1748269860649.0,23994.7,23996.1
1748269861333.0,23994.2,23995.6
1748269862430.0,23994.7,23996.1
1748269863257.0,23994.2,23995.6
1748269863812.0,23994.7,23996.1
1748269864986.0,23994.7,23996.1
1748269865394.0,23994.2,23995.6
1748269865654.0,23994.7,23996.1
1748269866030.0,23994.7,23996.1
1748269866894.0,23995.7,23997.1
1748269867710.0,23994.7,23996.1
1748269868286.0,23995.2,23996.6
1748269868529.0,23994.2,23995.6
1748269869189.0,23993.2,23994.6
1748269869236.0,23993.7,23995.1
1748269870204.0,23993.2,23994.6
1748269871750.0,23994.2,23995.6
1748269872269.0,23993.2,23994.6
1748269873707.0,23993.7,23995.1
1748269874944.0,23993.2,23994.6
1748269876505.0,23993.7,23995.1
1748269877260.0,23993.7,23995.1
1748269878724.0,23994.2,23995.6
1748269879026.0,23993.7,23995.1
1748269879744.0,23994.2,23995.6
1748269879937,,
1748269880582.0,23994.7,23996.1
1748269881391.0,23994.2,23995.6
1748269881806.0,23995.2,23996.6
1748269882883.0,23995.7,23997.1
1748269883033.0,23996.7,23998.1
1748269883831.0,23997.2,23998.6
1748269884080.0,23996.7,23998.1
1748269884314.0,23997.2,23998.6
1748269885548.0,23997.2,23998.6
1748269886738.0,23997.7,23999.1
1748269887206.0,23997.7,23999.1
1748269887341.0,23998.2,23999.6
1748269887444.0,23999.7,24001.1
1748269888038.0,24000.2,24001.6
1748269888396.0,23999.7,24001.1
1748269890208.0,23999.7,24001.1
1748269891885.0,23999.2,24000.6
1748269893543.0,23999.7,24001.1
1748269894048.0,23999.7,24001.1
1748269895250.0,23999.2,24000.6
1748269895903.0,24000.2,24001.6
1748269897176.0,24001.7,24003.1
1748269898536.0,24001.2,24002.6
1748269898585.0,24001.7,24003.1
1748269901706.0,24002.2,24003.6
1748269902178.0,24003.2,24004.6
1748269902228.0,24002.2,24003.6
1748269902629.0,24002.7,24004.1
1748269902881.0,24002.2,24003.6
1748269903786.0,24002.7,24004.1
1748269904709.0,24002.2,24003.6
1748269906999.0,24003.7,24005.1
1748269907937.0,24003.7,24005.1
1748269909058.0,24003.2,24004.6
1748269927929.0,24002.7,24004.1
1748269927970.0,24002.2,24003.6
1748269929843.0,24005.2,24006.6
1748269932298.0,24003.7,24005.1
1748269934122.0,24003.2,24004.6
1748269934221.0,24003.7,24005.1
1748269934960.0,24004.2,24005.6
1748269941075.0,24003.7,24005.1
1748269943340.0,24003.7,24005.1
1748269944428.0,24003.2,24004.6
1748269944477.0,24002.7,24004.1
1748269947059.0,24003.7,24005.1
1748269947473.0,24003.2,24004.6
1748269948065.0,24002.7,24004.1
1748269948305.0,24002.2,24003.6
1748269948526.0,24002.2,24003.6
1748269949666.0,24000.7,24002.1
1748269949701.0,23999.2,24000.6
1748269950019.0,23999.7,24001.1
1748269951535.0,23999.2,24000.6
1748269951713.0,23999.7,24001.1
1748269953520.0,23999.2,24000.6
1748269955569.0,24000.2,24001.6
1748269955997.0,23999.7,24001.1
1748269958001.0,23999.2,24000.6
1748269960011.0,23999.7,24001.1
1748269962341.0,23998.7,24000.1
1748269962584.0,23996.2,23997.6
1748269962815.0,23996.7,23998.1
1748269962914.0,23995.7,23997.1
1748269963595.0,23995.7,23997.1
1748269965050.0,23995.2,23996.6
1748269967149.0,23995.2,23996.6
1748269967882.0,23995.7,23997.1
1748269968781.0,23995.2,23996.6
1748269968879.0,23995.7,23997.1
1748269971866.0,23996.2,23997.6
1748269971912.0,23997.2,23998.6
1748269973740.0,23999.7,24001.1
1748269974090.0,24000.2,24001.6
1748269976722.0,24001.2,24002.6
1748269977705.0,23999.7,24001.1
1748269978719.0,23999.2,24000.6
1748269979325.0,23999.2,24000.6
1748269980201.0,23999.2,24000.6
1748269980479.0,23998.7,24000.1
1748269980914.0,23998.2,23999.6
1748269980962.0,23998.7,24000.1
1748269981763.0,23998.2,23999.6
1748269982491.0,23997.7,23999.1
1748269983366.0,23997.2,23998.6
1748269983537.0,23997.2,23998.6
1748269985450.0,23998.2,23999.6
1748269987984.0,23998.7,24000.1
1748269990557.0,23999.2,24000.6
1748269994699.0,23999.7,24001.1
1748269998317.0,24000.7,24002.1
1748269999826.0,24000.2,24001.6
1748269999879.0,24000.7,24002.1
1748270000654.0,24000.2,24001.6
1748270002235.0,23999.7,24001.1
1748270003711.0,23999.2,24000.6
1748270005907.0,23999.7,24001.1
1748270007543.0,23999.2,24000.6
1748270007592.0,23999.7,24001.1
1748270010034.0,23999.2,24000.6
1748270011809.0,23999.7,24001.1
1748270011855.0,23999.2,24000.6
1748270013427.0,23999.7,24001.1
1748270015272.0,23999.2,24000.6
1748270015315.0,23998.7,24000.1
1748270015980.0,23998.2,23999.6
1748270016960.0,23997.7,23999.1
1748270018232.0,23998.2,23999.6
1748270018285.0,23998.7,24000.1
1748270019130.0,23998.2,23999.6
1748270023238.0,23998.7,24000.1
1748270023413.0,23999.2,24000.6
1748270024610.0,23998.7,24000.1
1748270029365.0,23998.2,23999.6
1748270029462.0,23998.7,24000.1
1748270029626.0,23998.2,23999.6
1748270030805.0,23998.7,24000.1
1748270031495.0,23998.2,23999.6
1748270032098.0,23998.7,24000.1
1748270034987.0,23999.2,24000.6
1748270035038.0,23998.2,23999.6
1748270039329.0,23998.2,23999.6
1748270041320.0,23998.7,24000.1
1748270044954.0,23998.7,24000.1
1748270046823.0,23999.2,24000.6
1748270046871.0,24000.2,24001.6
1748270052542.0,23999.7,24001.1
1748270056759.0,23999.2,24000.6
1748270057773.0,23998.7,24000.1
1748270057823.0,23998.2,23999.6
1748270057926,,
1748270062331.0,23997.7,23999.1
1748270062427.0,23998.2,23999.6
1748270062797.0,23998.7,24000.1
1748270068507.0,23999.7,24001.1
1748270073038.0,24000.2,24001.6
1748270076768.0,24000.7,24002.1
1748270077119.0,24000.2,24001.6
1748270077170.0,24000.7,24002.1
1748270078219.0,24000.2,24001.6
1748270088227.0,23999.7,24001.1
1748270088265.0,24000.2,24001.6
1748270093608.0,23998.7,24000.1
1748270094097.0,23998.2,23999.6
1748270094504.0,23998.2,23999.6
1748270100616.0,23997.2,23998.6
1748270101817.0,23996.7,23998.1
1748270102077.0,23995.2,23996.6
1748270102811.0,23995.2,23996.6
1748270103128.0,23994.7,23996.1
1748270103179.0,23994.2,23995.6
1748270104300.0,23993.2,23994.6
1748270104663.0,23994.7,23996.1
1748270106476.0,23994.2,23995.6
1748270108175.0,23995.7,23997.1
1748270108554.0,23996.2,23997.6
1748270109074.0,23995.2,23996.6
1748270109275.0,23995.7,23997.1
1748270110064.0,23995.7,23997.1
1748270111199.0,23995.2,23996.6
1748270111888.0,23994.7,23996.1
1748270112110.0,23993.2,23994.6
1748270112257.0,23993.2,23994.6
1748270112581.0,23992.2,23993.6
1748270112736.0,23992.2,23993.6
1748270113169.0,23993.2,23994.6
1748270113401.0,23993.7,23995.1
1748270115145.0,23993.2,23994.6
1748270115245.0,23993.7,23995.1
1748270115650.0,23993.7,23995.1
1748270116119.0,23993.7,23995.1
1748270116304.0,23993.2,23994.6
1748270116560.0,23994.2,23995.6
1748270117103.0,23993.7,23995.1
1748270117204.0,23993.2,23994.6
1748270117856.0,23992.2,23993.6
1748270118091.0,23992.2,23993.6
1748270118271.0,23992.7,23994.1
1748270118999.0,23992.2,23993.6
1748270119189.0,23991.7,23993.1
1748270119618.0,23992.2,23993.6
1748270119817.0,23992.2,23993.6
1748270122379.0,23992.7,23994.1
1748270123469.0,23992.2,23993.6
1748270123712.0,23992.7,23994.1
1748270125653.0,23991.2,23992.6
1748270127592.0,23986.7,23988.1
1748270127874.0,23986.7,23988.1
1748270127918.0,23987.2,23988.6
1748270131166.0,23988.2,23989.6
1748270133486.0,23987.2,23988.6
1748270136490.0,23987.7,23989.1
1748270138393,,
1748270138633.0,23987.7,23989.1
1748270140707.0,23987.2,23988.6
1748270143064.0,23987.2,23988.6
1748270143952.0,23987.7,23989.1
1748270145387.0,23988.7,23990.1
1748270145679.0,23988.2,23989.6
1748270145828.0,23987.2,23988.6
1748270146642.0,23987.2,23988.6
1748270148147.0,23987.7,23989.1
1748270150188.0,23987.2,23988.6
1748270154881.0,23987.7,23989.1
1748270154926.0,23987.2,23988.6
1748270155254.0,23988.7,23990.1
1748270155995.0,23989.2,23990.6
1748270156055.0,23990.2,23991.6
1748270158020.0,23990.7,23992.1
1748270159868.0,23990.2,23991.6
1748270159914.0,23989.7,23991.1
1748270160192.0,23989.7,23991.1
1748270161514.0,23990.2,23991.6
1748270170190.0,23989.2,23990.6
1748270172017.0,23990.2,23991.6
1748270172481.0,23990.7,23992.1
1748270174544.0,23991.2,23992.6
1748270177358.0,23990.7,23992.1
1748270179597.0,23992.2,23993.6
1748270180062.0,23992.7,23994.1
1748270183776.0,23992.2,23993.6
1748270189516.0,23992.7,23994.1
1748270190668.0,23993.2,23994.6
1748270190719.0,23993.7,23995.1
1748270192172.0,23995.2,23996.6
1748270192220.0,23994.7,23996.1
1748270193128.0,23995.2,23996.6
1748270193176.0,23994.2,23995.6
1748270194366.0,23994.7,23996.1
1748270194415.0,23995.2,23996.6
1748270194950.0,23994.7,23996.1
1748270195558.0,23995.2,23996.6
1748270197029.0,23995.2,23996.6
1748270197347.0,23994.7,23996.1
1748270197644.0,23994.7,23996.1
1748270200269.0,23994.7,23996.1
1748270202829.0,23995.2,23996.6
1748270203427.0,23994.7,23996.1
1748270206913.0,23994.7,23996.1
1748270209985.0,23995.2,23996.6
1748270210160.0,23994.7,23996.1
1748270211244.0,23995.2,23996.6
1748270211790.0,23994.7,23996.1
1748270212134.0,23994.2,23995.6
1748270215080.0,23994.7,23996.1
1748270218524.0,23995.2,23996.6
1748270221173.0,23994.7,23996.1
1748270223562.0,23995.2,23996.6
1748270225238.0,23995.7,23997.1
1748270227513.0,23997.2,23998.6
1748270228394.0,23997.7,23999.1
1748270228444.0,23998.7,24000.1
1748270229932.0,23998.2,23999.6
1748270231135.0,23998.7,24000.1
1748270231187.0,23998.2,23999.6
1748270233021.0,23999.2,24000.6
1748270233476.0,23998.7,24000.1
1748270233659.0,23999.2,24000.6
1748270242070.0,23998.7,24000.1
1748270243472.0,23998.2,23999.6
1748270247435.0,23998.7,24000.1
1748270254000.0,23999.2,24000.6
1748270254180.0,23998.7,24000.1
1748270256662.0,23999.2,24000.6
1748270257019.0,23998.7,24000.1
1748270257228.0,23999.2,24000.6
1748270257279.0,23999.7,24001.1
1748270257554.0,23999.2,24000.6
1748270260215.0,23998.7,24000.1
1748270260261.0,23998.2,23999.6
1748270266372.0,23997.2,23998.6
1748270266525.0,23997.7,23999.1
1748270266794.0,23997.2,23998.6
1748270267027.0,23997.2,23998.6
1748270267077.0,23997.7,23999.1
1748270267225.0,23997.2,23998.6
1748270267913.0,23996.7,23998.1
1748270268183.0,23995.7,23997.1
1748270268322.0,23995.2,23996.6
1748270268796.0,23995.7,23997.1
1748270268843.0,23996.7,23998.1
1748270269120.0,23997.2,23998.6
1748270269529,,
1748270270097.0,23996.2,23997.6
1748270271847.0,23997.2,23998.6
1748270272114.0,23996.7,23998.1
1748270273258.0,23997.2,23998.6
1748270275337,,
1748270277235.0,23996.7,23998.1
1748270277446.0,23995.2,23996.6
1748270277571.0,23994.2,23995.6
1748270277893.0,23994.7,23996.1
1748270278321.0,23995.7,23997.1
1748270279505.0,23995.2,23996.6
1748270279778.0,23995.2,23996.6
1748270280180.0,23994.7,23996.1
1748270280766.0,23995.7,23997.1
1748270281174.0,23995.2,23996.6
1748270281434.0,23995.7,23997.1
1748270282069.0,23996.2,23997.6
1748270282119.0,23997.7,23999.1
1748270287502.0,23996.7,23998.1
1748270288477.0,23996.2,23997.6
1748270289623.0,23996.7,23998.1
1748270292553.0,23997.2,23998.6
1748270292601.0,23996.7,23998.1
1748270292800.0,23997.2,23998.6
1748270292849.0,23996.7,23998.1
1748270293764.0,23997.2,23998.6
1748270302290.0,23996.7,23998.1
1748270302760.0,23997.2,23998.6
1748270305835.0,23997.2,23998.6
1748270305982.0,23998.7,24000.1
1748270307767.0,23999.2,24000.6
1748270308208.0,23998.2,23999.6
1748270310359,,
1748270310523.0,23997.7,23999.1
1748270314756.0,23996.7,23998.1
1748270315920.0,23996.2,23997.6
1748270317856.0,23996.7,23998.1
1748270317902.0,23997.2,23998.6
1748270318141.0,23997.7,23999.1
1748270320232.0,23997.2,23998.6
1748270320409.0,23997.7,23999.1
1748270324122.0,23997.2,23998.6
1748270324396.0,23997.7,23999.1
1748270326065.0,23997.2,23998.6
1748270329423.0,23997.7,23999.1
1748270329472,,
1748270330368.0,23997.7,23999.1
1748270332271.0,23997.2,23998.6
1748270333505.0,23997.7,23999.1
1748270333553.0,23998.7,24000.1
1748270336711.0,23999.2,24000.6
1748270337203.0,23998.7,24000.1
1748270340994.0,23998.2,23999.6
1748270341043.0,23998.7,24000.1
1748270342541.0,23994.7,23996.1
1748270346603.0,23995.2,23996.6
1748270353713.0,23996.2,23997.6
1748270355711.0,23996.7,23998.1
1748270357443.0,23995.7,23997.1
1748270360285.0,23995.2,23996.6
1748270362753.0,23995.7,23997.1
1748270362849.0,23995.2,23996.6
1748270365035.0,23994.7,23996.1
1748270365141.0,23995.2,23996.6
1748270366228.0,23995.7,23997.1
1748270368296.0,23995.2,23996.6
1748270369275.0,23994.2,23995.6
1748270370753,,
1748270371215.0,23993.2,23994.6
1748270371484,,
1748270373195.0,23992.7,23994.1
1748270374158.0,23992.2,23993.6
1748270375042.0,23992.7,23994.1
1748270376616.0,23992.2,23993.6
1748270377049.0,23992.7,23994.1
1748270377760.0,23992.2,23993.6
1748270380429,,
1748270381415,,
1748270382102.0,23993.7,23995.1
1748270382148.0,23992.7,23994.1
1748270385024.0,23992.2,23993.6
1748270385069.0,23992.7,23994.1
1748270385351.0,23993.2,23994.6
1748270386493.0,23992.2,23993.6
1748270391585.0,23992.7,23994.1
1748270392661.0,23992.2,23993.6
1748270393049.0,23992.7,23994.1
1748270395061.0,23992.2,23993.6
1748270395316.0,23992.7,23994.1
1748270396130.0,23993.2,23994.6
1748270396647.0,23993.7,23995.1
1748270397090.0,23993.2,23994.6
1748270398417.0,23994.7,23996.1
1748270398459.0,23994.2,23995.6
1748270398993.0,23994.7,23996.1
1748270400015.0,23995.4,23996.8
1748270403048.0,23993.9,23995.3
1748270403886.0,23993.4,23994.8
1748270404234.0,23993.9,23995.3
1748270405073.0,23994.4,23995.8
1748270409565.0,23996.9,23998.3
1748270409624.0,23996.4,23997.8
1748270410661.0,23996.9,23998.3
1748270413176.0,23996.4,23997.8
1748270413947.0,23996.9,23998.3
1748270414708.0,23996.4,23997.8
1748270419580.0,23995.9,23997.3
1748270419625.0,23994.9,23996.3
1748270421093.0,23994.4,23995.8
1748270421144.0,23993.9,23995.3
1748270423689.0,23993.4,23994.8
1748270425222.0,23992.9,23994.3
1748270428365.0,23993.9,23995.3
1748270432413.0,23993.9,23995.3
1748270434060.0,23994.9,23996.3
1748270435989.0,23994.4,23995.8
1748270436194.0,23994.9,23996.3
1748270439595.0,23995.4,23996.8
1748270448996.0,23994.9,23996.3
1748270449323.0,23995.4,23996.8
1748270460464.0,23995.4,23996.8
1748270462142.0,23994.9,23996.3
1748270462191.0,23995.4,23996.8
1748270470132.0,23994.9,23996.3
1748270470448.0,23994.9,23996.3
1748270472609.0,23996.9,23998.3
1748270475721.0,23997.9,23999.3
1748270476793.0,23998.9,24000.3
1748270476926.0,23998.4,23999.8
1748270477099.0,23998.9,24000.3
1748270477825.0,24000.4,24001.8
1748270477923.0,23999.9,24001.3
1748270478775.0,24000.9,24002.3
1748270479322.0,24001.4,24002.8
1748270479440.0,24000.9,24002.3
1748270482614.0,24001.4,24002.8
1748270487141.0,24004.4,24005.8
1748270488949.0,24004.9,24006.3
1748270491107.0,24005.4,24006.8
1748270491361.0,24004.9,24006.3
1748270491743.0,24005.4,24006.8
1748270492074.0,24005.4,24006.8
1748270492911.0,24005.9,24007.3
1748270493826.0,24004.9,24006.3
1748270497123.0,24003.9,24005.3
1748270498580.0,24004.4,24005.8
1748270500053.0,24004.9,24006.3
1748270500785.0,24004.4,24005.8
1748270501852.0,24004.4,24005.8
1748270504640.0,24002.9,24004.3
1748270505422.0,24002.4,24003.8
1748270505657.0,24000.4,24001.8
1748270507049.0,24000.9,24002.3
1748270507097.0,24000.4,24001.8
1748270507694.0,24001.4,24002.8
1748270508635.0,24001.9,24003.3
1748270510203.0,24002.4,24003.8
1748270511196.0,24002.9,24004.3
1748270511295.0,24002.4,24003.8
1748270511908.0,24002.9,24004.3
1748270513296.0,24003.4,24004.8
1748270517995.0,24002.9,24004.3
1748270520007.0,24003.4,24004.8
1748270520862.0,24003.9,24005.3
1748270530979.0,24004.4,24005.8
1748270531025.0,24004.9,24006.3
1748270541096.0,24005.4,24006.8
1748270541664.0,24005.9,24007.3
1748270543565.0,24004.9,24006.3
1748270545834.0,24005.4,24006.8
1748270545879.0,24004.9,24006.3
1748270549464.0,24005.9,24007.3
1748270556042.0,24005.4,24006.8
1748270557453.0,24004.9,24006.3
1748270558522.0,24003.9,24005.3
1748270560044.0,24003.9,24005.3
1748270560151.0,24003.4,24004.8
1748270560196.0,24003.9,24005.3
1748270572118.0,24004.4,24005.8
1748270579346.0,24003.9,24005.3
1748270581390.0,24003.4,24004.8
1748270584395.0,24003.9,24005.3
1748270585335.0,24004.9,24006.3
1748270588660.0,24004.9,24006.3
1748270597520.0,24003.9,24005.3
1748270599750.0,24003.9,24005.3
1748270600235.0,24002.9,24004.3
1748270600283.0,24004.4,24005.8
1748270600772.0,24003.9,24005.3
1748270602731.0,24003.9,24005.3
1748270608394.0,24004.4,24005.8
1748270613545.0,24003.9,24005.3
1748270614762.0,24003.9,24005.3
1748270615712.0,24003.4,24004.8
1748270616204.0,24004.4,24005.8
1748270616616.0,24003.9,24005.3
1748270617488.0,24003.4,24004.8
1748270621268.0,24004.4,24005.8
1748270625795.0,24003.9,24005.3
1748270626936.0,24002.9,24004.3
1748270627213.0,24003.4,24004.8
1748270629870,,
1748270640218.0,24003.9,24005.3
1748270641513.0,24004.4,24005.8
1748270641612.0,24004.4,24005.8
1748270641962.0,24004.4,24005.8
1748270647535.0,24004.4,24005.8
1748270649055.0,24003.9,24005.3
1748270649971.0,24003.9,24005.3
1748270650975.0,24004.4,24005.8
1748270652111.0,24003.9,24005.3
1748270654049.0,24002.9,24004.3
1748270654161.0,24002.4,24003.8
1748270654208.0,24002.9,24004.3
1748270655496.0,24003.4,24004.8
1748270655980,,
1748270656209.0,24002.9,24004.3
1748270660786.0,24003.4,24004.8
1748270661376.0,24003.9,24005.3
1748270662983.0,24003.4,24004.8
1748270663206.0,24003.9,24005.3
1748270664061.0,24003.4,24004.8
1748270669373.0,24002.9,24004.3
1748270670358.0,24003.4,24004.8
1748270671289.0,24002.9,24004.3
1748270671619.0,24003.4,24004.8
1748270673610.0,24003.9,24005.3
1748270673662.0,24004.4,24005.8
1748270674326.0,24003.9,24005.3
1748270674538.0,24003.9,24005.3
1748270676868.0,24004.4,24005.8
1748270677205.0,24003.9,24005.3
1748270678221.0,24004.4,24005.8
1748270679867.0,24003.9,24005.3
1748270680265.0,24004.4,24005.8
1748270680837.0,24004.9,24006.3
1748270683023.0,24006.9,24008.3
1748270683102.0,24006.4,24007.8
1748270685081.0,24006.9,24008.3
1748270700413.0,24007.4,24008.8
1748270700514.0,24006.9,24008.3
1748270700864.0,24007.4,24008.8
1748270701883.0,24007.9,24009.3
1748270702413.0,24010.9,24012.3
1748270702737.0,24009.9,24011.3
1748270703130.0,24009.4,24010.8
1748270703306.0,24009.9,24011.3
1748270704523.0,24009.4,24010.8
1748270705230.0,24008.9,24010.3
1748270705388.0,24008.9,24010.3
1748270706286.0,24008.4,24009.8
1748270708079.0,24007.9,24009.3
1748270709465.0,24008.4,24009.8
1748270710523.0,24007.9,24009.3
1748270712431.0,24007.4,24008.8
1748270712698.0,24004.4,24005.8
1748270713733.0,24003.4,24004.8
1748270714650.0,24002.9,24004.3
1748270716067.0,24003.4,24004.8
1748270716641.0,24002.9,24004.3
1748270720207.0,24000.9,24002.3
1748270720260.0,24001.4,24002.8
1748270720952.0,24000.9,24002.3
1748270721690.0,24001.4,24002.8
1748270722162.0,24000.9,24002.3
1748270722208.0,24001.4,24002.8
1748270722982.0,24001.4,24002.8
1748270723369.0,24001.4,24002.8
1748270723941.0,24001.9,24003.3
1748270726146.0,24001.4,24002.8
1748270729234.0,24001.9,24003.3
1748270729329.0,24001.4,24002.8
1748270729537.0,24001.4,24002.8
1748270731551.0,24001.9,24003.3
1748270732570.0,24001.4,24002.8
1748270732865.0,24000.9,24002.3
1748270732914.0,24001.4,24002.8
1748270733885.0,24001.9,24003.3
1748270734060.0,24002.9,24004.3
1748270734986,,
1748270735402.0,24003.4,24004.8
1748270735942.0,24004.4,24005.8
1748270736733.0,24004.9,24006.3
1748270737011.0,24004.4,24005.8
1748270739137.0,24006.9,24008.3
1748270739266.0,24006.4,24007.8
1748270742049.0,24006.9,24008.3
1748270745754.0,24006.4,24007.8
1748270748932.0,24005.9,24007.3
1748270748978,,
1748270749715.0,24006.4,24007.8
1748270749760.0,24006.9,24008.3
1748270749954.0,24007.4,24008.8
1748270752610.0,24006.9,24008.3
1748270753703.0,24007.4,24008.8
1748270755320.0,24007.9,24009.3
1748270755704.0,24007.4,24008.8
1748270755754.0,24006.9,24008.3
1748270755807.0,24006.4,24007.8
1748270755857.0,24005.9,24007.3
1748270757372.0,24006.4,24007.8
1748270757419.0,24007.4,24008.8
1748270762134.0,24006.9,24008.3
1748270762183.0,24006.4,24007.8
1748270762302.0,24007.4,24008.8
1748270764796.0,24006.4,24007.8
1748270765419.0,24006.9,24008.3
1748270766359.0,24006.4,24007.8
1748270770277.0,24005.9,24007.3
1748270770327.0,24005.4,24006.8
1748270770518.0,24005.4,24006.8
1748270780988.0,24004.9,24006.3
1748270786967,,
1748270794766.0,24006.4,24007.8
1748270795030.0,24005.9,24007.3
1748270799813.0,24006.4,24007.8
1748270799854.0,24005.9,24007.3
1748270803530.0,24006.4,24007.8
1748270804626.0,24005.9,24007.3
1748270805278.0,24006.4,24007.8
1748270805928.0,24008.9,24010.3
1748270806488.0,24008.4,24009.8
1748270808121.0,24007.9,24009.3
1748270810042.0,24006.9,24008.3
1748270830541.0,24009.4,24010.8
1748270831283.0,24011.4,24012.8
1748270831490.0,24011.9,24013.3
1748270832266.0,24009.9,24011.3
1748270833383.0,24009.4,24010.8
1748270835499.0,24008.9,24010.3
1748270836106.0,24009.4,24010.8
1748270836422.0,24009.9,24011.3
1748270851853.0,24010.4,24011.8
1748270856146.0,24009.9,24011.3
1748270856429.0,24010.4,24011.8
1748270857735.0,24010.4,24011.8
1748270859456.0,24009.9,24011.3
1748270862282.0,24010.4,24011.8
1748270862327.0,24009.9,24011.3
1748270865652.0,24009.4,24010.8
1748270867903.0,24008.4,24009.8
1748270868162.0,24006.4,24007.8
1748270868424.0,24006.9,24008.3
1748270868909.0,24006.9,24008.3
1748270869192.0,24007.4,24008.8
1748270869240.0,24008.4,24009.8
1748270872360.0,24007.9,24009.3
1748270872409.0,24008.4,24009.8
1748270874721.0,24008.9,24010.3
1748270874835.0,24009.4,24010.8
1748270877351.0,24009.9,24011.3
1748270877400.0,24009.4,24010.8
1748270880986.0,24008.9,24010.3
1748270881621.0,24008.4,24009.8
1748270889193.0,24008.9,24010.3
1748270890408.0,24006.4,24007.8
1748270890474.0,24006.9,24008.3
1748270890907.0,24007.4,24008.8
1748270893281.0,24006.9,24008.3
1748270893711.0,24006.4,24007.8
1748270894012.0,24006.4,24007.8
1748270894060.0,24006.9,24008.3
1748270894908.0,24006.4,24007.8
1748270896086.0,24005.9,24007.3
1748270898450.0,24005.4,24006.8
1748270899434.0,24005.9,24007.3
1748270901810.0,24004.9,24006.3
1748270901957.0,24005.4,24006.8
1748270902257.0,24005.9,24007.3
1748270903406.0,24005.4,24006.8
1748270904723.0,24004.9,24006.3
1748270904820.0,24004.9,24006.3
1748270906309.0,24004.9,24006.3
1748270906359.0,24004.4,24005.8
1748270906851.0,24004.9,24006.3
1748270907604.0,24004.4,24005.8
1748270910618.0,24004.9,24006.3
1748270915816.0,24004.4,24005.8
1748270916052.0,24004.4,24005.8
1748270916390.0,24003.9,24005.3
1748270921862.0,24003.4,24004.8
1748270922439.0,24002.9,24004.3
1748270922729.0,24000.4,24001.8
1748270923239.0,24000.4,24001.8
1748270923699.0,23999.9,24001.3
1748270924411.0,23999.9,24001.3
1748270924745.0,24000.4,24001.8
1748270924795.0,24000.9,24002.3
1748270926776.0,23999.4,24000.8
1748270927347.0,23999.9,24001.3
1748270928081.0,23999.4,24000.8
1748270932281.0,23999.4,24000.8
1748270933035,,
1748270933309.0,23999.9,24001.3
1748270934449.0,23999.4,24000.8
1748270939524.0,23999.9,24001.3
1748270940515.0,24000.9,24002.3
1748270941306.0,23999.4,24000.8
1748270941813.0,23999.9,24001.3
1748270943630.0,24000.4,24001.8
1748270943753.0,24000.9,24002.3
1748270944173.0,24000.4,24001.8
1748270944432.0,24000.9,24002.3
1748270944483.0,24001.4,24002.8
1748270945344.0,24000.9,24002.3
1748270945394.0,24001.4,24002.8
1748270946682.0,24001.4,24002.8
1748270947182.0,24001.4,24002.8
1748270948132.0,24001.9,24003.3
1748270949192.0,24002.9,24004.3
1748270949517.0,24002.9,24004.3
1748270950734.0,24002.4,24003.8
1748270950782.0,24002.9,24004.3
1748270953022.0,24003.4,24004.8
1748270953183.0,24003.4,24004.8
1748270953999.0,24003.4,24004.8
1748270954554.0,24003.9,24005.3
1748270954600.0,24003.4,24004.8
1748270956435.0,24003.9,24005.3
1748270956784.0,24003.4,24004.8
1748270956942.0,24003.9,24005.3
1748270957683.0,24003.4,24004.8
1748270957781.0,24004.4,24005.8
1748270963245.0,24003.9,24005.3
1748270964990.0,24003.4,24004.8
1748270965337.0,24003.9,24005.3
1748270973518.0,24003.4,24004.8
1748270975046.0,24002.9,24004.3
1748270975095.0,24003.4,24004.8
1748270975177.0,24003.9,24005.3
1748270975944.0,24003.4,24004.8
1748270975989,,
1748270976218.0,24002.4,24003.8
1748270976528.0,24002.9,24004.3
1748270977194.0,24003.4,24004.8
1748270981136.0,24002.9,24004.3
1748270981185.0,24003.9,24005.3
1748270983414.0,24004.4,24005.8
1748270985049.0,24003.9,24005.3
1748270985094.0,24004.4,24005.8
1748270986342.0,24003.9,24005.3
1748270986390.0,24003.4,24004.8
1748270989089.0,24002.9,24004.3
1748270989978.0,24003.4,24004.8
1748270990198.0,24002.9,24004.3
1748270990247.0,24002.4,24003.8
1748270990779.0,24002.9,24004.3
1748270991362.0,24003.4,24004.8
1748270991462.0,24002.9,24004.3
1748270992269.0,24003.4,24004.8
1748270992365.0,24002.9,24004.3
1748270994396.0,24002.4,24003.8
1748270994854.0,24000.9,24002.3
1748270995121.0,24000.4,24001.8
1748270995840.0,24000.9,24002.3
1748270995956.0,23999.9,24001.3
1748270996358.0,24000.9,24002.3
1748270996586.0,23999.9,24001.3
1748270996865.0,23999.4,24000.8
1748271000016.0,23999.3,24000.7
1748271000992.0,23999.8,24001.2
1748271002288.0,23999.3,24000.7
1748271003171.0,23999.8,24001.2
1748271004157.0,23999.3,24000.7
1748271004760.0,23999.3,24000.7
1748271009290.0,23999.8,24001.2
1748271009561.0,23999.8,24001.2
1748271011554.0,24000.3,24001.7
1748271012960.0,23999.8,24001.2
1748271029140.0,24000.8,24002.2
1748271046242.0,24001.8,24003.2
1748271046783.0,24001.3,24002.7
1748271046832.0,24000.8,24002.2
1748271047285.0,23999.8,24001.2
1748271047431.0,24000.3,24001.7
1748271048779.0,23999.8,24001.2
1748271048827.0,24000.3,24001.7
1748271050018.0,23999.8,24001.2
1748271050067.0,23999.3,24000.7
1748271050798.0,24000.8,24002.2
1748271053186.0,24000.3,24001.7
1748271053283.0,23998.3,23999.7
1748271054453.0,24000.3,24001.7
1748271054666.0,23999.8,24001.2
1748271055414.0,24000.3,24001.7
1748271056386.0,23999.8,24001.2
1748271056782.0,23999.3,24000.7
1748271056880.0,23999.8,24001.2
1748271057311.0,23999.3,24000.7
1748271057639.0,23999.3,24000.7
1748271058055.0,23999.8,24001.2
1748271059589.0,23999.3,24000.7
1748271062428.0,23998.8,24000.2
1748271064395.0,23998.3,23999.7
1748271064439.0,23997.8,23999.2
1748271064565.0,23997.8,23999.2
1748271064913.0,23998.3,23999.7
1748271064960.0,23999.3,24000.7
1748271065636.0,23999.3,24000.7
1748271067020.0,23999.3,24000.7
1748271069623.0,23999.3,24000.7
1748271069990.0,23998.3,23999.7
1748271070145.0,23998.3,23999.7
1748271070363.0,23998.8,24000.2
1748271075534.0,23997.8,23999.2
1748271076300.0,23998.3,23999.7
1748271076704.0,23998.8,24000.2
1748271078047.0,23999.3,24000.7
1748271078209.0,23999.3,24000.7
1748271080535.0,23999.8,24001.2
1748271082709.0,24000.8,24002.2
1748271084829.0,24000.8,24002.2
1748271087029.0,24000.8,24002.2
1748271088820.0,24001.8,24003.2
1748271092219.0,23999.3,24000.7
1748271092348.0,23998.8,24000.2
1748271093356.0,23999.3,24000.7
1748271094354.0,23998.8,24000.2
1748271094402.0,23999.3,24000.7
1748271095963.0,23999.8,24001.2
1748271097435.0,23999.8,24001.2
1748271115584.0,23999.8,24001.2
1748271119331.0,23998.8,24000.2
1748271121333.0,23999.3,24000.7
1748271122628.0,23999.8,24001.2
1748271122680.0,23998.8,24000.2
1748271127228.0,23999.3,24000.7
1748271127277.0,23999.8,24001.2
1748271130833.0,23999.3,24000.7
1748271131179.0,23998.8,24000.2
1748271132437.0,23999.3,24000.7
1748271132538.0,23998.8,24000.2
1748271132899.0,23999.3,24000.7
1748271132949.0,23998.8,24000.2
1748271133047.0,23999.3,24000.7
1748271138031.0,23999.8,24001.2
1748271138230.0,24002.3,24003.7
1748271138804.0,24002.8,24004.2
1748271139060.0,24002.8,24004.2
1748271140701.0,24003.3,24004.7
1748271141244.0,24003.8,24005.2
1748271141392.0,24003.8,24005.2
1748271143248.0,24003.3,24004.7
1748271144092.0,24003.8,24005.2
1748271149221.0,24003.3,24004.7
1748271149267.0,24003.8,24005.2
1748271150046.0,24003.3,24004.7
1748271153003.0,24002.8,24004.2
1748271157515.0,24002.8,24004.2
1748271157565.0,24003.3,24004.7
1748271159922.0,24003.8,24005.2
1748271159970.0,24003.3,24004.7
1748271163302.0,24003.8,24005.2
1748271163350.0,24004.3,24005.7
1748271163573.0,24003.8,24005.2
1748271163624.0,24004.3,24005.7
1748271175726.0,24004.8,24006.2
1748271177194.0,24004.3,24005.7
1748271177885.0,24004.3,24005.7
1748271180591.0,24004.8,24006.2
1748271181869.0,24004.3,24005.7
1748271183676.0,24004.3,24005.7
1748271185429.0,24003.8,24005.2
1748271187627.0,24003.3,24004.7
1748271187673.0,24003.8,24005.2
1748271187873.0,24003.3,24004.7
1748271191002.0,24002.8,24004.2
1748271191048.0,24003.3,24004.7
1748271191914.0,24002.8,24004.2
1748271191962.0,24003.3,24004.7
1748271195951,,
1748271201767.0,24002.8,24004.2
1748271202874.0,24003.3,24004.7
1748271202971.0,24003.3,24004.7
1748271204036.0,24002.8,24004.2
1748271204673.0,24003.3,24004.7
1748271205420.0,24003.8,24005.2
1748271206828.0,24004.3,24005.7
1748271211259.0,24003.8,24005.2
1748271213672.0,24004.3,24005.7
1748271214156.0,24004.8,24006.2
1748271214207.0,24007.3,24008.7
1748271215301.0,24006.8,24008.2
1748271216277.0,24005.8,24007.2
1748271216983.0,24004.8,24006.2
1748271217945.0,24005.3,24006.7
1748271219117.0,24004.8,24006.2
1748271219215.0,24005.3,24006.7
1748271222391.0,24005.8,24007.2
1748271222559.0,24006.3,24007.7
1748271222863.0,24006.8,24008.2
1748271228453.0,24007.3,24008.7
1748271229607.0,24007.8,24009.2
1748271229707.0,24007.3,24008.7
1748271229757.0,24006.8,24008.2
1748271229975.0,24007.3,24008.7
1748271233957.0,24007.3,24008.7
1748271237534.0,24007.8,24009.2
1748271237584.0,24008.3,24009.7
1748271237931.0,24008.8,24010.2
1748271238737.0,24008.3,24009.7
1748271238785.0,24007.8,24009.2
1748271240883.0,24008.3,24009.7
1748271242031.0,24008.8,24010.2
1748271242077.0,24008.3,24009.7
1748271242499.0,24008.3,24009.7
1748271243056.0,24008.8,24010.2
1748271243451.0,24009.3,24010.7
1748271243500.0,24008.8,24010.2
1748271245225.0,24009.3,24010.7
1748271245359.0,24009.8,24011.2
1748271245710.0,24010.3,24011.7
1748271245761.0,24009.8,24011.2
1748271250168,,
1748271251218.0,24010.3,24011.7
1748271251267.0,24010.8,24012.2
1748271251317.0,24010.3,24011.7
1748271252435.0,24009.8,24011.2
1748271252487.0,24010.3,24011.7
1748271253570.0,24010.8,24012.2
1748271253843.0,24010.8,24012.2
1748271259627.0,24009.8,24011.2
1748271262098,,
1748271266412.0,24009.8,24011.2
1748271271312,,
1748271276884.0,24009.3,24010.7
1748271279821.0,24009.8,24011.2
1748271284687.0,24009.3,24010.7
1748271284735.0,24007.8,24009.2
1748271284866.0,24007.3,24008.7
1748271285423.0,24007.8,24009.2
1748271285809.0,24007.3,24008.7
1748271287295.0,24008.3,24009.7
1748271287344.0,24007.8,24009.2
1748271288364.0,24008.3,24009.7
1748271288762.0,24007.8,24009.2
1748271289475.0,24007.8,24009.2
1748271289862.0,24008.3,24009.7
1748271290203.0,24008.3,24009.7
1748271290829.0,24008.8,24010.2
1748271290877.0,24008.3,24009.7
1748271291105.0,24008.8,24010.2
1748271292842.0,24007.8,24009.2
1748271295150.0,24008.8,24010.2
1748271297157.0,24009.3,24010.7
1748271297835.0,24008.8,24010.2
1748271299375.0,24009.3,24010.7
1748271303585.0,24008.8,24010.2
1748271305429.0,24009.3,24010.7
1748271306297.0,24008.8,24010.2
1748271308132.0,24008.3,24009.7
1748271308738.0,24008.8,24010.2
1748271316805.0,24009.8,24011.2
1748271318026.0,24010.8,24012.2
1748271318659.0,24011.3,24012.7
1748271320893.0,24011.8,24013.2
1748271321215.0,24011.3,24012.7
1748271322145.0,24011.8,24013.2
1748271323772.0,24011.8,24013.2
1748271324723.0,24011.3,24012.7
1748271326958.0,24011.8,24013.2
1748271330107.0,24011.3,24012.7
1748271330702.0,24010.8,24012.2
1748271330748.0,24010.3,24011.7
1748271332745.0,24009.8,24011.2
1748271332796.0,24010.3,24011.7
1748271334069.0,24010.8,24012.2
1748271334416.0,24011.3,24012.7
1748271334465,,
1748271334771.0,24011.8,24013.2
1748271337778,,
1748271337840.0,24012.3,24013.7
1748271342151.0,24012.8,24014.2
1748271342199.0,24012.3,24013.7
1748271342684.0,24011.8,24013.2
1748271343506.0,24012.3,24013.7
1748271345608.0,24011.8,24013.2
1748271352004.0,24012.3,24013.7
1748271352052.0,24011.8,24013.2
1748271353906.0,24010.8,24012.2
1748271354373.0,24009.8,24011.2
1748271356195.0,24009.3,24010.7
1748271357995.0,24008.8,24010.2
1748271358250.0,24009.3,24010.7
1748271361470.0,24008.8,24010.2
1748271362494.0,24008.3,24009.7
1748271362541.0,24008.8,24010.2
1748271362949.0,24008.3,24009.7
1748271363166.0,24008.3,24009.7
1748271363246.0,24007.8,24009.2
1748271363296.0,24008.8,24010.2
1748271363894.0,24009.3,24010.7
1748271364027.0,24009.8,24011.2
1748271364985.0,24009.3,24010.7
1748271365469.0,24009.3,24010.7
1748271366581.0,24009.8,24011.2
1748271366811.0,24009.3,24010.7
1748271367372.0,24009.3,24010.7
1748271367554.0,24007.8,24009.2
1748271367682.0,24006.8,24008.2
1748271368115,,
1748271368500.0,24006.8,24008.2
1748271370668.0,24006.8,24008.2
1748271374239.0,24008.3,24009.7
1748271375843.0,24008.8,24010.2
1748271375888.0,24009.3,24010.7
1748271379199.0,24008.8,24010.2
1748271379419.0,24009.3,24010.7
1748271384053.0,24008.8,24010.2
1748271384760.0,24009.3,24010.7
1748271387503.0,24008.8,24010.2
1748271388511,,
1748271389244.0,24007.8,24009.2
1748271389339.0,24008.3,24009.7
1748271389683.0,24007.8,24009.2
1748271390711.0,24008.3,24009.7
1748271390821.0,24008.8,24010.2
1748271391718.0,24008.3,24009.7
1748271393186.0,24008.8,24010.2
1748271393740.0,24008.3,24009.7
1748271393994,,
1748271394121.0,24008.8,24010.2
1748271394444.0,24009.3,24010.7
1748271394558.0,24008.8,24010.2
1748271394765.0,24009.3,24010.7
1748271395057.0,24008.8,24010.2
1748271395407.0,24009.3,24010.7
1748271396185.0,24008.8,24010.2
1748271400014.0,24008.3,24009.7
1748271400062.0,24008.8,24010.2
1748271400204.0,24008.3,24009.7
1748271400436.0,24008.8,24010.2
1748271402370.0,24008.3,24009.7
1748271402627.0,24008.8,24010.2
1748271410883.0,24008.8,24010.2
1748271414668.0,24009.3,24010.7
1748271414716.0,24009.8,24011.2
1748271414927.0,24010.3,24011.7
1748271416076.0,24009.8,24011.2
1748271416175.0,24009.8,24011.2
1748271419370.0,24010.3,24011.7
1748271419612.0,24009.3,24010.7
1748271421724.0,24008.8,24010.2
1748271430247.0,24008.3,24009.7
1748271431385.0,24008.8,24010.2
1748271432964.0,24009.3,24010.7
1748271433015.0,24009.8,24011.2
1748271433460.0,24009.3,24010.7
1748271433619.0,24008.8,24010.2
1748271437408.0,24009.3,24010.7
1748271437454.0,24008.8,24010.2
1748271437864.0,24008.8,24010.2
1748271439752.0,24009.3,24010.7
1748271439802.0,24009.8,24011.2
1748271440840.0,24009.3,24010.7
1748271441015.0,24008.8,24010.2
1748271443805.0,24007.8,24009.2
1748271445586.0,24008.3,24009.7
1748271445635.0,24008.8,24010.2
1748271445842.0,24008.3,24009.7
1748271445891,,
1748271450958.0,24008.8,24010.2
1748271451219.0,24008.3,24009.7
1748271451318.0,24008.3,24009.7
1748271451462.0,24008.8,24010.2
1748271453122.0,24009.3,24010.7
1748271453528.0,24009.8,24011.2
1748271453973.0,24009.3,24010.7
1748271454071.0,24009.3,24010.7
1748271454222.0,24008.8,24010.2
1748271454958.0,24009.3,24010.7
1748271455354.0,24009.8,24011.2
1748271455561.0,24009.3,24010.7
1748271459021.0,24008.8,24010.2
1748271459204.0,24009.3,24010.7
1748271461150.0,24008.8,24010.2
1748271461416.0,24009.3,24010.7
1748271463807.0,24009.8,24011.2
1748271464656.0,24007.8,24009.2
1748271466803.0,24008.3,24009.7
1748271468817.0,24007.8,24009.2
1748271472772.0,24006.8,24008.2
1748271475724.0,24005.3,24006.7
1748271475772.0,24007.3,24008.7
1748271478324.0,24006.8,24008.2
1748271478371.0,24006.3,24007.7
1748271482804.0,24005.8,24007.2
1748271485140.0,24006.3,24007.7
1748271485191.0,24005.8,24007.2
1748271485991.0,24004.8,24006.2
1748271489133.0,24004.3,24005.7
1748271491875,,
1748271492320.0,24003.8,24005.2
1748271495534.0,24004.3,24005.7
1748271495705.0,24004.3,24005.7
1748271498459.0,24004.8,24006.2
1748271499761.0,24005.8,24007.2
1748271499812.0,24005.3,24006.7
1748271500352.0,24004.8,24006.2
1748271500839.0,24005.3,24006.7
1748271500888.0,24004.8,24006.2
1748271501904.0,24004.3,24005.7
1748271502266.0,24004.8,24006.2
1748271506799.0,24005.8,24007.2
1748271509264.0,24006.8,24008.2
1748271509319.0,24006.3,24007.7
1748271510015,,
1748271510638.0,24005.3,24006.7
1748271517408.0,24005.8,24007.2
1748271517455.0,24005.3,24006.7
1748271520419.0,24005.8,24007.2
1748271520466.0,24006.8,24008.2
1748271525402.0,24004.8,24006.2
1748271526634.0,24004.3,24005.7
1748271529728.0,24003.8,24005.2
1748271541212.0,24002.8,24004.2
1748271541554.0,24003.3,24004.7
1748271541855.0,24002.8,24004.2
1748271543019.0,24002.3,24003.7
1748271543068.0,24002.8,24004.2
1748271543242.0,24002.3,24003.7
1748271543771.0,24002.8,24004.2
1748271551526.0,24003.3,24004.7
1748271551570.0,24003.8,24005.2
1748271553303.0,24003.8,24005.2
1748271555315.0,24003.3,24004.7
1748271555951.0,24003.8,24005.2
1748271560616.0,24003.3,24004.7
1748271561154.0,24003.8,24005.2
1748271569449.0,24004.8,24006.2
1748271569944.0,24004.3,24005.7
1748271569993.0,24003.8,24005.2
1748271570588.0,24003.8,24005.2
1748271570637.0,24004.8,24006.2
1748271573835.0,24004.8,24006.2
1748271573885.0,24004.3,24005.7
1748271575625.0,24004.8,24006.2
1748271580598.0,24003.8,24005.2
1748271581995.0,24004.3,24005.7
1748271582091.0,24004.8,24006.2
1748271585443.0,24004.3,24005.7
1748271585492.0,24003.8,24005.2
1748271586414.0,24004.3,24005.7
1748271586653.0,24004.8,24006.2
1748271586766.0,24004.3,24005.7
1748271587415.0,24004.8,24006.2
1748271588154.0,24005.3,24006.7
1748271589055.0,24004.8,24006.2
1748271591681.0,24004.3,24005.7
1748271591778.0,24004.8,24006.2
1748271595119.0,24003.8,24005.2
1748271596868.0,24003.8,24005.2
1748271596967.0,24003.3,24004.7
1748271597372.0,24003.8,24005.2
1748271597899.0,24003.3,24004.7
1748271598107.0,24003.3,24004.7
1748271598865.0,24003.3,24004.7
1748271599306.0,24003.8,24005.2
1748271600017.0,24004.8,24006.2
1748271600174.0,24004.8,24006.2
1748271600223.0,24004.3,24005.7
1748271600494.0,24005.3,24006.7
1748271600814.0,24005.3,24006.7
1748271601023.0,24005.8,24007.2
1748271604103.0,24003.3,24004.7
1748271604269,,
1748271604397,,
1748271604533.0,24003.8,24005.2
1748271604937.0,24002.8,24004.2
1748271605282.0,24002.3,24003.7
1748271605534.0,24002.8,24004.2
1748271605661.0,24002.3,24003.7
1748271605709.0,24002.8,24004.2
1748271606183.0,24002.3,24003.7
1748271606372.0,24001.8,24003.2
1748271606804.0,24002.8,24004.2
1748271608661.0,24005.3,24006.7
1748271609262.0,24005.8,24007.2
1748271610240.0,24005.3,24006.7
1748271610340.0,24003.8,24005.2
1748271610566.0,24003.3,24004.7
1748271611119.0,24002.8,24004.2
1748271611965.0,24003.3,24004.7
1748271613158.0,24003.8,24005.2
1748271613208.0,24003.3,24004.7
1748271614036.0,24002.8,24004.2
1748271614190.0,24003.3,24004.7
1748271614774.0,24003.8,24005.2
1748271615067.0,24004.8,24006.2
1748271616108.0,24004.3,24005.7
1748271616248.0,24002.8,24004.2
1748271617169.0,24003.3,24004.7
1748271617618.0,24003.8,24005.2
1748271618031.0,24003.3,24004.7
1748271618131.0,24003.3,24004.7
1748271622111.0,24003.3,24004.7
1748271623411.0,24003.8,24005.2
1748271623507.0,24003.3,24004.7
1748271623986.0,24003.8,24005.2
1748271624308.0,24003.3,24004.7
1748271624356.0,24003.8,24005.2
1748271624751.0,24003.3,24004.7
1748271625195.0,24002.8,24004.2
1748271626792.0,24002.8,24004.2
1748271628197.0,24003.3,24004.7
1748271628632.0,24002.8,24004.2
1748271629058.0,24003.3,24004.7
1748271629408.0,24002.8,24004.2
1748271633083.0,24003.3,24004.7
1748271633130.0,24002.8,24004.2
1748271635111.0,24002.3,24003.7
1748271635212.0,24000.8,24002.2
1748271635779.0,24001.3,24002.7
1748271636881.0,24001.3,24002.7
1748271637070.0,24001.8,24003.2
1748271638510.0,24001.3,24002.7
1748271638936.0,24001.3,24002.7
1748271639281.0,24001.8,24003.2
1748271639910.0,24001.3,24002.7
1748271640033.0,24000.8,24002.2
1748271640223.0,24001.3,24002.7
1748271640622.0,24000.8,24002.2
1748271640720.0,24001.3,24002.7
1748271642528.0,24001.8,24003.2
1748271643311.0,24001.3,24002.7
1748271645073.0,24000.8,24002.2
1748271646038.0,24000.3,24001.7
1748271646085.0,24001.3,24002.7
1748271646389.0,24000.8,24002.2
1748271647661.0,24001.3,24002.7
1748271648716.0,24001.8,24003.2
1748271650870.0,24003.3,24004.7
1748271651548.0,24003.3,24004.7
1748271652071.0,24003.8,24005.2
1748271652170.0,24003.3,24004.7
1748271653039.0,24002.8,24004.2
1748271654913.0,24001.8,24003.2
1748271657594.0,24001.8,24003.2
1748271657899.0,24001.8,24003.2
1748271659877.0,24001.8,24003.2
1748271661443.0,24002.8,24004.2
1748271663259,,
1748271666732.0,24001.8,24003.2
1748271667036.0,24001.3,24002.7
1748271667083.0,24001.8,24003.2
1748271668545.0,24001.3,24002.7
1748271668591.0,24001.8,24003.2
1748271668926.0,23997.3,23998.7
1748271669072.0,23996.8,23998.2
1748271671837.0,23994.8,23996.2
1748271672968.0,23995.8,23997.2
1748271673350.0,23996.8,23998.2
1748271674390.0,23997.8,23999.2
1748271675054.0,23998.3,23999.7
1748271677220.0,23998.8,24000.2
1748271677805.0,23998.3,23999.7
1748271680396.0,23998.8,24000.2
1748271681037.0,23998.3,23999.7
1748271681083.0,23997.8,23999.2
1748271681674.0,23998.8,24000.2
1748271682858.0,23999.3,24000.7
1748271682905.0,23999.8,24001.2
1748271684800.0,23999.3,24000.7
1748271684848.0,23999.8,24001.2
1748271688579,,
1748271693144.0,24001.8,24003.2
1748271693667.0,24001.3,24002.7
1748271694501.0,23999.8,24001.2
1748271694702.0,23999.8,24001.2
1748271698211.0,23999.3,24000.7
1748271698706.0,23999.8,24001.2
1748271699035.0,23999.3,24000.7
1748271700027.0,23999.3,24000.7
1748271700318,,
1748271700899.0,23997.3,23998.7
1748271702946.0,23996.8,23998.2
1748271702993.0,23996.3,23997.7
1748271703624.0,23996.8,23998.2
1748271703735.0,23996.8,23998.2
1748271707038.0,23996.3,23997.7
1748271708740.0,23996.8,23998.2
1748271715038.0,23996.3,23997.7
1748271715235.0,23994.3,23995.7
1748271715500.0,23992.8,23994.2
1748271716565.0,23993.3,23994.7
1748271716994.0,23992.8,23994.2
1748271717047,,
1748271717352.0,23992.3,23993.7
1748271717981.0,23992.8,23994.2
1748271718031.0,23992.3,23993.7
1748271718147.0,23992.8,23994.2
1748271720021.0,23993.3,23994.7
1748271720071.0,23995.3,23996.7
1748271720211.0,23994.8,23996.2
1748271724535.0,23995.3,23996.7
1748271725785.0,23995.8,23997.2
1748271725931.0,23994.8,23996.2
1748271727040.0,23994.3,23995.7
1748271730956,,
1748271734962.0,23993.8,23995.2
1748271735008.0,23994.3,23995.7
1748271737013.0,23994.3,23995.7
1748271737065.0,23993.8,23995.2
1748271739085.0,23994.8,23996.2
1748271740081,,
1748271742396.0,23994.3,23995.7
1748271742999.0,23985.3,23986.7
1748271743154,,
1748271743520.0,23984.8,23986.2
1748271743611.0,23985.3,23986.7
1748271743918.0,23985.3,23986.7
1748271744123,,
1748271744607.0,23985.8,23987.2
1748271745064.0,23988.3,23989.7
1748271746678.0,23986.3,23987.7
1748271746726.0,23985.8,23987.2
1748271747466.0,23986.3,23987.7
1748271747880.0,23986.8,23988.2
1748271748136.0,23986.3,23987.7
1748271748667.0,23985.8,23987.2
1748271749593.0,23986.3,23987.7
1748271750035.0,23985.8,23987.2
1748271752070,,
1748271753588.0,23985.8,23987.2
1748271755715.0,23986.3,23987.7
1748271755760.0,23985.8,23987.2
1748271758437.0,23985.8,23987.2
1748271759271.0,23986.3,23987.7
1748271760318,,
1748271760374.0,23986.8,23988.2
1748271761035.0,23986.3,23987.7
1748271761082.0,23985.8,23987.2
1748271764371.0,23984.8,23986.2
1748271770083.0,23984.3,23985.7
1748271771165.0,23984.3,23985.7
1748271775417.0,23983.8,23985.2
1748271775462,,
1748271779086.0,23980.8,23982.2
1748271780329.0,23981.3,23982.7
1748271780589.0,23981.8,23983.2
1748271781037.0,23981.3,23982.7
1748271781446.0,23980.8,23982.2
1748271782381,,
1748271783193.0,23981.8,23983.2
1748271784061.0,23981.3,23982.7
1748271784108.0,23981.8,23983.2
1748271788037.0,23981.3,23982.7
1748271788603.0,23981.8,23983.2
1748271788651,,
1748271789460.0,23980.8,23982.2
1748271790271.0,23981.3,23982.7
1748271794021.0,23981.8,23983.2
1748271796080.0,23983.3,23984.7
1748271796626.0,23983.8,23985.2
1748271797407,,
1748271797508.0,23983.3,23984.7
1748271797753.0,23982.8,23984.2
1748271797805.0,23982.3,23983.7
1748271800036.0,23981.8,23983.2
1748271802243.0,23982.3,23983.7
1748271805047.0,23982.8,23984.2
1748271806673.0,23982.3,23983.7
1748271808135.0,23981.3,23982.7
1748271808877.0,23980.8,23982.2
1748271808923.0,23978.8,23980.2
1748271809038,,
1748271809760.0,23981.3,23982.7
1748271810084.0,23979.3,23980.7
1748271811032.0,23979.8,23981.2
1748271811082.0,23979.3,23980.7
1748271812699.0,23978.8,23980.2
1748271813877.0,23979.3,23980.7
1748271816056.0,23979.8,23981.2
1748271816105.0,23980.3,23981.7
1748271817129.0,23979.8,23981.2
1748271817178.0,23981.3,23982.7
1748271818358.0,23981.3,23982.7
1748271820553.0,23981.8,23983.2
1748271820651.0,23981.3,23982.7
1748271822018.0,23982.3,23983.7
1748271823039.0,23981.8,23983.2
1748271823285.0,23983.8,23985.2
1748271829423.0,23984.3,23985.7
1748271830034.0,23983.3,23984.7
1748271830789.0,23982.8,23984.2
1748271831216.0,23984.3,23985.7
1748271831280.0,23983.8,23985.2
1748271831539.0,23981.8,23983.2
1748271831766.0,23982.8,23984.2
1748271832401.0,23983.3,23984.7
1748271836149.0,23980.8,23982.2
1748271836199.0,23981.3,23982.7
1748271836829.0,23981.8,23983.2
1748271837594.0,23981.3,23982.7
1748271839357.0,23980.8,23982.2
1748271841347,,
1748271842716.0,23980.3,23981.7
1748271842765.0,23979.8,23981.2
1748271843408.0,23981.3,23982.7
1748271843767.0,23980.8,23982.2
1748271843817.0,23981.3,23982.7
1748271844726.0,23980.8,23982.2
1748271845161.0,23981.3,23982.7
1748271847022.0,23981.8,23983.2
1748271847071.0,23980.8,23982.2
1748271847120.0,23981.8,23983.2
1748271847610.0,23981.3,23982.7
1748271847721.0,23981.3,23982.7
1748271848158.0,23980.8,23982.2
1748271850408.0,23980.3,23981.7
1748271853893.0,23979.8,23981.2
1748271854129.0,23980.3,23981.7
1748271856697.0,23979.8,23981.2
1748271857378.0,23980.3,23981.7
1748271857423.0,23979.8,23981.2
1748271857868.0,23979.8,23981.2
1748271857996.0,23979.3,23980.7
1748271858147.0,23977.3,23978.7
1748271858395.0,23977.3,23978.7
1748271859518.0,23977.8,23979.2
1748271859565.0,23978.3,23979.7
1748271859698.0,23978.3,23979.7
1748271859918.0,23978.8,23980.2
1748271860223.0,23979.3,23980.7
1748271861039,,
1748271861808.0,23978.3,23979.7
1748271863508.0,23978.8,23980.2
1748271863556.0,23979.3,23980.7
1748271864023.0,23978.8,23980.2
1748271864123.0,23979.3,23980.7
1748271865607.0,23980.3,23981.7
1748271865764.0,23979.8,23981.2
1748271866016.0,23980.3,23981.7
1748271866541.0,23979.8,23981.2
1748271866641.0,23979.3,23980.7
1748271866830.0,23979.8,23981.2
1748271866903.0,23980.3,23981.7
1748271867629.0,23980.8,23982.2
1748271867862.0,23980.3,23981.7
1748271868086.0,23980.8,23982.2
1748271869036.0,23980.3,23981.7
1748271869082.0,23980.8,23982.2
1748271870227.0,23981.3,23982.7
1748271871036.0,23980.8,23982.2
1748271874181.0,23981.3,23982.7
1748271876719.0,23981.8,23983.2
1748271878005.0,23982.3,23983.7
1748271880023.0,23982.8,23984.2
1748271880069.0,23982.3,23983.7
1748271880896.0,23981.8,23983.2
1748271882501.0,23980.8,23982.2
1748271883247.0,23980.3,23981.7
1748271884039.0,23979.8,23981.2
1748271884217.0,23980.3,23981.7
1748271884571.0,23979.8,23981.2
1748271885168.0,23980.3,23981.7
1748271885322.0,23980.8,23982.2
1748271885528.0,23979.3,23980.7
1748271885645.0,23978.8,23980.2
1748271886075.0,23978.3,23979.7
1748271886178.0,23977.8,23979.2
1748271886749.0,23978.3,23979.7
1748271887667.0,23978.8,23980.2
1748271887976.0,23978.3,23979.7
1748271888076.0,23978.8,23980.2
1748271888682.0,23978.3,23979.7
1748271891780.0,23979.3,23980.7
1748271893429.0,23979.8,23981.2
1748271894999.0,23978.8,23980.2
1748271895051.0,23977.8,23979.2
1748271897751,,
1748271901041.0,23977.3,23978.7
1748271901086.0,23977.8,23979.2
1748271901428.0,23977.3,23978.7
1748271901771.0,23976.3,23977.7
1748271902072.0,23976.3,23977.7
1748271903169.0,23975.8,23977.2
1748271903944.0,23976.3,23977.7
1748271904047.0,23975.3,23976.7
1748271904333.0,23975.8,23977.2
1748271905617.0,23975.3,23976.7
1748271905661.0,23974.8,23976.2
1748271905882.0,23975.3,23976.7
1748271906087.0,23975.3,23976.7
1748271906134.0,23974.3,23975.7
1748271906893.0,23974.3,23975.7
1748271909102.0,23974.3,23975.7
1748271909789.0,23974.8,23976.2
1748271910785.0,23974.3,23975.7
1748271910836.0,23974.8,23976.2
1748271911202.0,23974.3,23975.7
1748271912486.0,23974.8,23976.2
1748271913085.0,23973.8,23975.2
1748271913938.0,23973.8,23975.2
1748271914490.0,23971.8,23973.2
1748271916094.0,23973.8,23975.2
1748271917511.0,23971.8,23973.2
1748271917661.0,23972.3,23973.7
1748271918248.0,23972.3,23973.7
1748271918362.0,23972.8,23974.2
1748271918573.0,23972.3,23973.7
1748271918985.0,23971.8,23973.2
1748271919082.0,23971.8,23973.2
1748271919190.0,23972.3,23973.7
1748271919878.0,23972.8,23974.2
1748271920174.0,23972.3,23973.7
1748271922243.0,23971.8,23973.2
1748271925571,,
1748271928269.0,23972.8,23974.2
1748271929133.0,23971.8,23973.2
1748271932083.0,23970.8,23972.2
1748271932134.0,23971.3,23972.7
1748271932636.0,23970.8,23972.2
1748271933669.0,23971.3,23972.7
1748271934054.0,23971.8,23973.2
1748271936183.0,23972.3,23973.7
1748271936994.0,23971.8,23973.2
1748271940421.0,23972.3,23973.7
1748271942290.0,23972.3,23973.7
1748271942978.0,23971.8,23973.2
1748271944509.0,23972.3,23973.7
1748271944998.0,23972.8,23974.2
1748271948037.0,23972.3,23973.7
1748271948084.0,23973.3,23974.7
1748271948224.0,23973.3,23974.7
1748271949706.0,23972.8,23974.2
1748271949756.0,23973.3,23974.7
1748271952419.0,23973.8,23975.2
1748271953079.0,23973.3,23974.7
1748271955163.0,23972.8,23974.2
1748271955211.0,23972.3,23973.7
1748271956215.0,23972.8,23974.2
1748271956591.0,23972.3,23973.7
1748271959119.0,23972.8,23974.2
1748271959481.0,23972.3,23973.7
1748271961673.0,23971.8,23973.2
1748271961723.0,23970.3,23971.7
1748271962893.0,23970.3,23971.7
1748271963052.0,23970.8,23972.2
1748271963198.0,23971.3,23972.7
1748271963252.0,23970.8,23972.2
1748271964261.0,23971.3,23972.7
1748271964803.0,23971.3,23972.7
1748271964855.0,23971.8,23973.2
1748271965546.0,23972.8,23974.2
1748271965742.0,23972.3,23973.7
1748271966081.0,23971.3,23972.7
1748271966183.0,23970.3,23971.7
1748271966402.0,23970.8,23972.2
1748271966451.0,23971.3,23972.7
1748271967379.0,23970.8,23972.2
1748271967430.0,23970.3,23971.7
1748271967479.0,23970.8,23972.2
1748271967746.0,23971.3,23972.7
1748271969026.0,23970.8,23972.2
1748271969070.0,23971.3,23972.7
1748271969943.0,23970.8,23972.2
1748271969990.0,23971.3,23972.7
1748271970121.0,23970.8,23972.2
1748271970269.0,23971.3,23972.7
1748271971932.0,23971.8,23973.2
1748271971980.0,23971.3,23972.7
1748271972166.0,23971.3,23972.7
1748271972394.0,23971.3,23972.7
1748271973620.0,23971.8,23973.2
1748271973667.0,23971.3,23972.7
1748271974092.0,23971.8,23973.2
1748271975068.0,23971.3,23972.7
1748271977425.0,23971.8,23973.2
1748271977524.0,23971.3,23972.7
1748271980086.0,23971.3,23972.7
1748271981968.0,23971.8,23973.2
1748271983898.0,23971.3,23972.7
1748271985295.0,23972.8,23974.2
1748271985538,,
1748271986580.0,23973.3,23974.7
1748271988355.0,23972.3,23973.7
1748271992746.0,23972.8,23974.2
1748271994086.0,23971.3,23972.7
1748271997054.0,23971.8,23973.2
1748271997356.0,23972.3,23973.7
1748271999392.0,23972.8,23974.2
1748271999440.0,23973.3,23974.7
1748272003267.0,23973.8,23975.2
1748272003431.0,23973.3,23974.7
1748272003529.0,23973.8,23975.2
1748272006643.0,23973.3,23974.7
1748272006741.0,23973.8,23975.2
1748272008036.0,23973.3,23974.7
1748272008187.0,23973.8,23975.2
1748272009631.0,23974.3,23975.7
1748272010155.0,23973.8,23975.2
1748272010205.0,23973.3,23974.7
1748272010845.0,23974.3,23975.7
1748272013290.0,23973.8,23975.2
1748272013340.0,23974.3,23975.7
1748272014321.0,23973.8,23975.2
1748272014559.0,23974.3,23975.7
1748272015657.0,23974.8,23976.2
1748272015798.0,23974.3,23975.7
1748272017037.0,23976.3,23977.7
1748272018100.0,23974.3,23975.7
1748272018209.0,23974.3,23975.7
1748272018744.0,23973.8,23975.2
1748272018793.0,23974.3,23975.7
1748272019201.0,23973.8,23975.2
1748272019416.0,23974.3,23975.7
1748272020435.0,23973.8,23975.2
1748272025932.0,23973.3,23974.7
1748272029038.0,23972.8,23974.2
1748272029087.0,23971.3,23972.7
1748272030051.0,23971.8,23973.2
1748272030100.0,23972.3,23973.7
1748272031456.0,23971.8,23973.2
1748272031552.0,23972.3,23973.7
1748272035646.0,23972.8,23974.2
1748272035742.0,23972.8,23974.2
1748272035987.0,23971.8,23973.2
1748272037025.0,23971.3,23972.7
1748272039017.0,23971.8,23973.2
1748272039062.0,23971.3,23972.7
1748272044037.0,23970.8,23972.2
1748272049300.0,23970.8,23972.2
1748272051070,,
1748272054273.0,23970.3,23971.7
1748272055732.0,23969.8,23971.2
1748272056158.0,23970.3,23971.7
1748272056255.0,23969.8,23971.2
1748272058252.0,23970.3,23971.7
1748272058300.0,23971.3,23972.7
1748272059040.0,23970.8,23972.2
1748272059234.0,23971.3,23972.7
1748272062392.0,23972.3,23973.7
1748272062511.0,23971.8,23973.2
1748272063681.0,23970.3,23971.7
1748272068560,,
1748272069207.0,23970.8,23972.2
1748272069932.0,23970.3,23971.7
1748272070884.0,23970.3,23971.7
1748272073896.0,23969.3,23970.7
1748272074035.0,23968.8,23970.2
1748272074082.0,23969.3,23970.7
1748272074741.0,23969.8,23971.2
1748272075954.0,23969.3,23970.7
1748272079770.0,23970.8,23972.2
1748272079949.0,23970.3,23971.7
1748272080386.0,23970.8,23972.2
1748272080524.0,23970.3,23971.7
1748272081192.0,23969.8,23971.2
1748272081937.0,23970.3,23971.7
1748272083162.0,23969.8,23971.2
1748272083417.0,23970.3,23971.7
1748272083464.0,23971.3,23972.7
1748272086569.0,23971.8,23973.2
1748272087884.0,23971.3,23972.7
1748272088085.0,23970.3,23971.7
1748272088481.0,23970.8,23972.2
1748272088638.0,23970.8,23972.2
1748272090198.0,23971.3,23972.7
1748272091643.0,23971.3,23972.7
1748272091949.0,23970.8,23972.2
1748272093046.0,23970.3,23971.7
1748272093218.0,23970.8,23972.2
1748272094374.0,23968.8,23970.2
1748272096367.0,23968.3,23969.7
1748272096468.0,23968.8,23970.2
1748272096889.0,23968.8,23970.2
1748272098688,,
1748272099613.0,23969.3,23970.7
1748272099663.0,23969.8,23971.2
1748272100156.0,23970.3,23971.7
1748272101702.0,23969.8,23971.2
1748272101748.0,23970.3,23971.7
1748272103706,,
1748272105066.0,23969.8,23971.2
1748272106130.0,23969.3,23970.7
1748272106178.0,23968.8,23970.2
1748272107187.0,23968.8,23970.2
1748272107463.0,23968.3,23969.7
1748272107510.0,23968.8,23970.2
1748272108124.0,23969.8,23971.2
1748272112701.0,23969.3,23970.7
1748272113573.0,23969.8,23971.2
1748272115564.0,23970.3,23971.7
1748272120725.0,23970.8,23972.2
1748272121132.0,23970.8,23972.2
1748272122603.0,23971.3,23972.7
1748272122652.0,23971.8,23973.2
1748272123976.0,23973.3,23974.7
1748272125064.0,23973.8,23975.2
1748272125114.0,23974.3,23975.7
1748272125165.0,23974.8,23976.2
1748272125948.0,23975.3,23976.7
1748272126551.0,23975.8,23977.2
1748272127643.0,23976.3,23977.7
1748272127813.0,23976.8,23978.2
1748272127964.0,23976.8,23978.2
1748272128106.0,23976.3,23977.7
1748272130289.0,23976.3,23977.7
1748272130971.0,23975.8,23977.2
1748272131281.0,23976.3,23977.7
1748272131850.0,23976.8,23978.2
1748272131989.0,23976.3,23977.7
1748272132465.0,23976.3,23977.7
1748272132880.0,23975.3,23976.7
1748272135632.0,23974.8,23976.2
1748272135677.0,23975.3,23976.7
1748272137978.0,23974.8,23976.2
1748272138028.0,23975.8,23977.2
1748272140034.0,23975.3,23976.7
1748272140083.0,23974.8,23976.2
1748272143102.0,23975.3,23976.7
1748272143205.0,23975.8,23977.2
1748272144548,,
1748272144828,,
1748272145505.0,23975.8,23977.2
1748272151489.0,23975.3,23976.7
1748272151618.0,23975.8,23977.2
1748272154035.0,23975.3,23976.7
1748272154317.0,23974.3,23975.7
1748272155069.0,23974.3,23975.7
1748272155486.0,23974.8,23976.2
1748272155537.0,23975.3,23976.7
1748272155729.0,23975.8,23977.2
1748272156222,,
1748272160371.0,23977.8,23979.2
1748272172783.0,23977.3,23978.7
1748272172829,,
1748272173420.0,23977.8,23979.2
1748272173554.0,23977.3,23978.7
1748272176976.0,23977.3,23978.7
1748272179726.0,23977.8,23979.2
1748272179774.0,23977.3,23978.7
1748272180686.0,23977.8,23979.2
1748272182036.0,23977.3,23978.7
1748272182633.0,23976.3,23977.7
1748272183166.0,23976.8,23978.2
1748272184438.0,23977.3,23978.7
1748272184964.0,23977.8,23979.2
1748272185060.0,23976.8,23978.2
1748272185492.0,23977.8,23979.2
1748272186887.0,23978.3,23979.7
1748272186936.0,23978.8,23980.2
1748272189117.0,23978.3,23979.7
1748272189166.0,23977.8,23979.2
1748272190137.0,23978.3,23979.7
1748272191479.0,23977.8,23979.2
1748272193671.0,23978.3,23979.7
1748272196037.0,23977.8,23979.2
1748272196083.0,23977.3,23978.7
1748272200125.0,23978.3,23979.7
1748272201054.0,23978.8,23980.2
1748272201726.0,23978.3,23979.7
1748272203589.0,23980.3,23981.7
1748272204784.0,23981.3,23982.7
1748272206977.0,23981.8,23983.2
1748272207024.0,23982.3,23983.7
1748272207150.0,23981.8,23983.2
1748272207380,,
1748272207768.0,23982.3,23983.7
1748272207926.0,23985.3,23986.7
1748272208075.0,23984.3,23985.7
1748272208302.0,23984.8,23986.2
1748272209117.0,23984.3,23985.7
1748272209982.0,23983.3,23984.7
1748272213251.0,23983.3,23984.7
1748272213693,,
1748272214424.0,23982.8,23984.2
1748272214474,,
1748272215030.0,23982.3,23983.7
1748272216350.0,23983.3,23984.7
1748272219085.0,23982.8,23984.2
1748272221901.0,23982.3,23983.7
1748272222225.0,23984.3,23985.7
1748272222567.0,23984.3,23985.7
1748272223176.0,23984.8,23986.2
1748272223364.0,23985.3,23986.7
1748272223591.0,23984.8,23986.2
1748272224423.0,23984.3,23985.7
1748272224469.0,23983.8,23985.2
1748272225216.0,23982.8,23984.2
1748272225938.0,23982.3,23983.7
1748272227101.0,23982.8,23984.2
1748272230660.0,23983.3,23984.7
1748272231306.0,23982.8,23984.2
1748272232465.0,23981.8,23983.2
1748272232631.0,23982.3,23983.7
1748272233246.0,23981.8,23983.2
1748272233294.0,23982.3,23983.7
1748272236927.0,23983.3,23984.7
1748272247470.0,23984.8,23986.2
1748272247676.0,23983.8,23985.2
1748272249642.0,23983.3,23984.7
1748272250232.0,23981.8,23983.2
1748272251448.0,23981.3,23982.7
1748272251888.0,23981.8,23983.2
1748272253085.0,23981.8,23983.2
1748272255129.0,23982.3,23983.7
1748272255179.0,23983.3,23984.7
1748272263170.0,23983.8,23985.2
1748272267036.0,23983.3,23984.7
1748272267083.0,23982.3,23983.7
1748272267133.0,23983.3,23984.7
1748272269244.0,23982.8,23984.2
1748272269344.0,23982.8,23984.2
1748272269954.0,23982.3,23983.7
1748272270127.0,23983.3,23984.7
1748272272792.0,23983.8,23985.2
1748272281036.0,23983.3,23984.7
1748272281153.0,23983.8,23985.2
1748272285831.0,23983.3,23984.7
1748272286603.0,23982.8,23984.2
1748272286651.0,23982.3,23983.7
1748272287952.0,23982.8,23984.2
1748272292850.0,23983.3,23984.7
1748272292897.0,23983.8,23985.2
1748272295035.0,23983.3,23984.7
1748272295084.0,23982.3,23983.7
1748272300801.0,23982.3,23983.7
1748272301493.0,23982.3,23983.7
1748272308818.0,23981.8,23983.2
1748272309031.0,23981.3,23982.7
1748272309133.0,23981.8,23983.2
1748272309299.0,23981.3,23982.7
1748272309535.0,23981.3,23982.7
1748272310241.0,23980.8,23982.2
1748272310417.0,23981.3,23982.7
1748272311814.0,23982.3,23983.7
1748272317725.0,23981.8,23983.2
1748272317770.0,23982.3,23983.7
1748272323036.0,23981.8,23983.2
1748272323081.0,23980.8,23982.2
1748272323802.0,23980.3,23981.7
1748272323955.0,23981.8,23983.2
