1748267998112.0,7812.8,7813.8
1748268000017.0,7813.0,7814.0
1748268000238.0,7813.2,7814.2
1748268000503.0,7813.5,7814.5
1748268000700.0,7813.2,7814.2
1748268000903.0,7813.7,7814.7
1748268001304.0,7813.5,7814.5
1748268001503.0,7813.7,7814.7
1748268001702,,
1748268002085.0,7814.0,7815.0
1748268002350.0,7813.7,7814.7
1748268003379.0,7813.5,7814.5
1748268003579.0,7813.7,7814.7
1748268004055.0,7814.0,7815.0
1748268004252.0,7814.7,7815.7
1748268005182.0,7815.0,7816.0
1748268005666.0,7815.2,7816.2
1748268006079.0,7815.5,7816.5
1748268007116.0,7815.7,7816.7
1748268007345.0,7815.5,7816.5
1748268008255.0,7815.7,7816.7
1748268008454.0,7815.5,7816.5
1748268009304.0,7815.7,7816.7
1748268010200.0,7815.5,7816.5
1748268010678.0,7815.2,7816.2
1748268010877,,
1748268012318.0,7814.7,7815.7
1748268012517.0,7815.2,7816.2
1748268013067.0,7815.0,7816.0
1748268013262.0,7814.7,7815.7
1748268013462.0,7815.0,7816.0
1748268014267.0,7814.7,7815.7
1748268015038.0,7815.0,7816.0
1748268015240.0,7814.7,7815.7
1748268017183.0,7815.0,7816.0
1748268017383.0,7814.7,7815.7
1748268019026.0,7815.0,7816.0
1748268019225.0,7815.2,7816.2
1748268019425.0,7815.0,7816.0
1748268020440.0,7814.7,7815.7
1748268020640.0,7815.2,7816.2
1748268022258.0,7815.0,7816.0
1748268022455.0,7815.2,7816.2
1748268023065.0,7814.7,7815.7
1748268024798.0,7815.0,7816.0
1748268024998.0,7815.2,7816.2
1748268025448.0,7815.0,7816.0
1748268025645.0,7814.7,7815.7
1748268025999.0,7815.0,7816.0
1748268026200.0,7815.2,7816.2
1748268034464.0,7815.5,7816.5
1748268034660.0,7815.7,7816.7
1748268035222.0,7816.0,7817.0
1748268035419.0,7816.2,7817.2
1748268036138.0,7815.7,7816.7
1748268036410.0,7815.5,7816.5
1748268036608.0,7815.2,7816.2
1748268036809.0,7815.0,7816.0
1748268039439.0,7814.7,7815.7
1748268039635,,
1748268040052.0,7814.5,7815.5
1748268040250.0,7814.7,7815.7
1748268050201.0,7814.5,7815.5
1748268050396.0,7813.5,7814.5
1748268050594.0,7813.2,7814.2
1748268051539.0,7813.7,7814.7
1748268051740.0,7813.2,7814.2
1748268052885.0,7813.0,7814.0
1748268053084.0,7813.2,7814.2
1748268055061.0,7813.0,7814.0
1748268055250.0,7813.2,7814.2
1748268055451.0,7813.0,7814.0
1748268055651.0,7812.2,7813.2
1748268058517.0,7812.5,7813.5
1748268058715.0,7812.2,7813.2
1748268059973.0,7812.5,7813.5
1748268060171,,
1748268060370.0,7812.2,7813.2
1748268062288.0,7812.0,7813.0
1748268063157.0,7812.2,7813.2
1748268069063.0,7812.0,7813.0
1748268069260.0,7812.2,7813.2
1748268070047.0,7812.0,7813.0
1748268070624.0,7812.2,7813.2
1748268071401.0,7812.5,7813.5
1748268071707.0,7812.2,7813.2
1748268072188.0,7812.5,7813.5
1748268072589.0,7812.2,7813.2
1748268074116.0,7812.5,7813.5
1748268076034.0,7812.2,7813.2
1748268077293.0,7812.5,7813.5
1748268077694.0,7813.2,7814.2
1748268079737.0,7813.5,7814.5
1748268080137.0,7813.7,7814.7
1748268084854.0,7813.5,7814.5
1748268085049.0,7813.7,7814.7
1748268086199.0,7813.5,7814.5
1748268086391.0,7812.0,7813.0
1748268086725.0,7812.2,7813.2
1748268086925.0,7812.0,7813.0
1748268089964.0,7812.2,7813.2
1748268090183.0,7812.0,7813.0
1748268098453,,
1748268105175.0,7812.0,7813.0
1748268107220.0,7812.2,7813.2
1748268107812.0,7812.0,7813.0
1748268108545.0,7812.2,7813.2
1748268108947.0,7813.2,7814.2
1748268109334.0,7813.0,7814.0
1748268109815.0,7813.2,7814.2
1748268110315.0,7813.0,7814.0
1748268110513.0,7813.2,7814.2
1748268114998.0,7813.0,7814.0
1748268116584.0,7813.2,7814.2
1748268116783,,
1748268120150.0,7813.5,7814.5
1748268120744.0,7813.7,7814.7
1748268120956,,
1748268121606.0,7814.0,7815.0
1748268121806.0,7813.7,7814.7
1748268130529.0,7814.0,7815.0
1748268131031.0,7813.7,7814.7
1748268131231,,
1748268131774.0,7813.5,7814.5
1748268131972.0,7813.7,7814.7
1748268135017.0,7813.5,7814.5
1748268135848.0,7813.7,7814.7
1748268141038.0,7813.5,7814.5
1748268141690.0,7813.7,7814.7
1748268141889,,
1748268152596.0,7814.0,7815.0
1748268153066.0,7814.2,7815.2
1748268153266.0,7814.5,7815.5
1748268153541.0,7814.2,7815.2
1748268154142.0,7814.2,7815.2
1748268157047.0,7814.5,7815.5
1748268157813.0,7814.2,7815.2
1748268158463.0,7814.5,7815.5
1748268159958.0,7814.2,7815.2
1748268161965.0,7814.0,7815.0
1748268162164.0,7813.7,7814.7
1748268171034.0,7813.5,7814.5
1748268171232.0,7813.7,7814.7
1748268171438.0,7814.0,7815.0
1748268171638.0,7813.7,7814.7
1748268180131.0,7813.5,7814.5
1748268180646.0,7813.7,7814.7
1748268181218.0,7813.2,7814.2
1748268181624.0,7813.5,7814.5
1748268182021.0,7813.2,7814.2
1748268182219.0,7813.5,7814.5
1748268185065.0,7813.2,7814.2
1748268186677,,
1748268186876.0,7813.0,7814.0
1748268187076.0,7812.7,7813.7
1748268189904.0,7813.2,7814.2
1748268190809.0,7813.0,7814.0
1748268191007.0,7813.2,7814.2
1748268194009.0,7813.0,7814.0
1748268195453.0,7813.7,7814.7
1748268195648.0,7813.5,7814.5
1748268196168.0,7813.2,7814.2
1748268200195.0,7813.0,7814.0
1748268200394.0,7813.2,7814.2
1748268203867,,
1748268204065,,
1748268206341.0,7813.5,7814.5
1748268207439.0,7813.7,7814.7
1748268211207.0,7814.0,7815.0
1748268211607.0,7814.2,7815.2
1748268217046.0,7814.0,7815.0
1748268217247.0,7813.0,7814.0
1748268217447.0,7812.7,7813.7
1748268217647.0,7813.2,7814.2
1748268219203.0,7813.0,7814.0
1748268219402.0,7812.7,7813.7
1748268219666.0,7812.5,7813.5
1748268220230.0,7812.2,7813.2
1748268220628.0,7812.5,7813.5
1748268221097.0,7812.2,7813.2
1748268221502.0,7812.0,7813.0
1748268221701.0,7811.7,7812.7
1748268222284.0,7812.0,7813.0
1748268222482.0,7811.5,7812.5
1748268224512.0,7811.2,7812.2
1748268226718.0,7811.0,7812.0
1748268226917.0,7811.5,7812.5
1748268227221.0,7811.2,7812.2
1748268227648.0,7811.5,7812.5
1748268228050.0,7811.2,7812.2
1748268228295.0,7811.5,7812.5
1748268228806.0,7811.2,7812.2
1748268229005.0,7811.5,7812.5
1748268231260,,
1748268232430.0,7811.7,7812.7
1748268232939.0,7812.0,7813.0
1748268234416.0,7812.2,7813.2
1748268234829.0,7812.0,7813.0
1748268235033.0,7811.7,7812.7
1748268235232.0,7812.0,7813.0
1748268235433.0,7812.2,7813.2
1748268239744.0,7812.0,7813.0
1748268240341.0,7811.7,7812.7
1748268243169.0,7812.0,7813.0
1748268243369.0,7811.7,7812.7
1748268244727.0,7812.0,7813.0
1748268244925.0,7812.2,7813.2
1748268245263.0,7812.0,7813.0
1748268246279.0,7811.7,7812.7
1748268252943.0,7811.5,7812.5
1748268253141.0,7811.2,7812.2
1748268254890.0,7811.5,7812.5
1748268255090.0,7811.7,7812.7
1748268255758.0,7811.5,7812.5
1748268256121.0,7811.7,7812.7
1748268257053.0,7811.5,7812.5
1748268257251.0,7811.7,7812.7
1748268258980.0,7812.0,7813.0
1748268259178.0,7811.7,7812.7
1748268269883.0,7812.0,7813.0
1748268270082.0,7811.7,7812.7
1748268271437.0,7812.0,7813.0
1748268274408.0,7811.7,7812.7
1748268277302.0,7812.0,7813.0
1748268280038.0,7811.7,7812.7
1748268280236,,
1748268281850.0,7812.0,7813.0
1748268282249.0,7812.5,7813.5
1748268284653.0,7812.2,7813.2
1748268284852.0,7811.7,7812.7
1748268292657.0,7811.5,7812.5
1748268292855.0,7811.7,7812.7
1748268293499,,
1748268300761.0,7811.5,7812.5
1748268300960.0,7810.7,7811.7
1748268301156,,
1748268302941.0,7810.5,7811.5
1748268303141.0,7810.7,7811.7
1748268305232.0,7811.0,7812.0
1748268307064.0,7811.2,7812.2
1748268307260.0,7812.0,7813.0
1748268307613.0,7811.7,7812.7
1748268311354,,
1748268311552,,
1748268313402.0,7811.5,7812.5
1748268313598.0,7811.2,7812.2
1748268315371.0,7811.0,7812.0
1748268316536.0,7810.7,7811.7
1748268320247.0,7810.5,7811.5
1748268320444.0,7810.2,7811.2
1748268320644.0,7810.7,7811.7
1748268322087.0,7810.5,7811.5
1748268322284.0,7810.2,7811.2
1748268326717.0,7810.5,7811.5
1748268326916.0,7810.2,7811.2
1748268328245.0,7810.5,7811.5
1748268329099.0,7810.7,7811.7
1748268329298,,
1748268330894.0,7811.0,7812.0
1748268331090.0,7811.2,7812.2
1748268340941,,
1748268341140.0,7811.5,7812.5
1748268341339.0,7811.2,7812.2
1748268344719.0,7811.0,7812.0
1748268345199.0,7811.2,7812.2
1748268346626.0,7811.0,7812.0
1748268346824.0,7810.7,7811.7
1748268349359.0,7811.0,7812.0
1748268350941,,
1748268354510.0,7810.7,7811.7
1748268357445.0,7811.0,7812.0
1748268359731.0,7810.7,7811.7
1748268359930,,
1748268360378.0,7810.5,7811.5
1748268360578.0,7810.7,7811.7
1748268363048,,
1748268363248.0,7811.0,7812.0
1748268367640.0,7810.7,7811.7
1748268374077.0,7810.5,7811.5
1748268374272.0,7810.2,7811.2
1748268380983.0,7810.0,7811.0
1748268381183.0,7810.2,7811.2
1748268382700.0,7810.0,7811.0
1748268383199,,
1748268383346.0,7809.7,7810.7
1748268384027.0,7810.0,7811.0
1748268386662.0,7809.7,7810.7
1748268386857.0,7809.5,7810.5
1748268387058.0,7809.7,7810.7
1748268389190.0,7810.0,7811.0
1748268389389.0,7809.7,7810.7
1748268390008.0,7809.5,7810.5
1748268390812.0,7809.2,7810.2
1748268391013,,
1748268393155.0,7809.5,7810.5
1748268394117.0,7809.2,7810.2
1748268395658.0,7809.0,7810.0
1748268395856.0,7808.7,7809.7
1748268398638,,
1748268400037.0,7809.0,7810.0
1748268400235.0,7808.7,7809.7
1748268400458.0,7809.0,7810.0
1748268400654.0,7809.2,7810.2
1748268400990.0,7809.5,7810.5
1748268401641.0,7809.7,7810.7
1748268401840.0,7810.2,7811.2
1748268403261.0,7809.7,7810.7
1748268403461.0,7809.5,7810.5
1748268408610.0,7809.7,7810.7
1748268408806,,
1748268410426.0,7809.5,7810.5
1748268410625.0,7808.5,7809.5
1748268411147.0,7808.2,7809.2
1748268411348.0,7808.5,7809.5
1748268416229.0,7808.2,7809.2
1748268419629.0,7808.5,7809.5
1748268419826.0,7808.2,7809.2
1748268421160.0,7808.5,7809.5
1748268423278.0,7808.2,7809.2
1748268423476,,
1748268431522.0,7808.5,7809.5
1748268431721.0,7808.2,7809.2
1748268434180.0,7808.5,7809.5
1748268434366.0,7808.2,7809.2
1748268436326.0,7808.5,7809.5
1748268444295.0,7808.7,7809.7
1748268444492.0,7808.5,7809.5
1748268446349.0,7808.7,7809.7
1748268448622.0,7809.0,7810.0
1748268449233.0,7808.7,7809.7
1748268451189.0,7809.0,7810.0
1748268451389.0,7808.7,7809.7
1748268457966.0,7809.0,7810.0
1748268458160.0,7809.2,7810.2
1748268458959.0,7809.0,7810.0
1748268459154.0,7808.7,7809.7
1748268459413.0,7809.0,7810.0
1748268459613.0,7809.2,7810.2
1748268460841.0,7809.5,7810.5
1748268462045.0,7809.2,7810.2
1748268462243.0,7809.5,7810.5
1748268463085,,
1748268463284.0,7810.2,7811.2
1748268463486.0,7810.0,7811.0
1748268463687.0,7810.5,7811.5
1748268463889.0,7810.2,7811.2
1748268464927.0,7810.0,7811.0
1748268465326.0,7809.7,7810.7
1748268465526.0,7810.0,7811.0
1748268465730.0,7810.2,7811.2
1748268466125.0,7810.0,7811.0
1748268466659.0,7810.2,7811.2
1748268467662.0,7810.0,7811.0
1748268467860.0,7809.7,7810.7
1748268468293.0,7810.0,7811.0
1748268468491.0,7810.2,7811.2
1748268473319.0,7810.5,7811.5
1748268474601,,
1748268475164.0,7810.7,7811.7
1748268475359.0,7810.5,7811.5
1748268476571.0,7810.2,7811.2
1748268476787.0,7810.0,7811.0
1748268476987.0,7810.2,7811.2
1748268477731.0,7810.5,7811.5
1748268477928.0,7810.2,7811.2
1748268482155.0,7810.5,7811.5
1748268482352.0,7810.2,7811.2
1748268482705.0,7810.5,7811.5
1748268482904.0,7810.0,7811.0
1748268483191.0,7810.2,7811.2
1748268483389,,
1748268483788.0,7810.0,7811.0
1748268484190.0,7810.2,7811.2
1748268484648.0,7810.0,7811.0
1748268486227.0,7810.2,7811.2
1748268486424,,
1748268487977.0,7810.5,7811.5
1748268490661.0,7810.2,7811.2
1748268490857,,
1748268491774.0,7810.5,7811.5
1748268492766.0,7810.7,7811.7
1748268492960,,
1748268493477.0,7811.0,7812.0
1748268494582.0,7811.2,7812.2
1748268495068.0,7810.7,7811.7
1748268496364.0,7811.0,7812.0
1748268496570.0,7810.7,7811.7
1748268499732.0,7811.0,7812.0
1748268502906.0,7811.2,7812.2
1748268504166.0,7811.0,7812.0
1748268504651.0,7811.2,7812.2
1748268504849.0,7810.7,7811.7
1748268514087.0,7811.0,7812.0
1748268518258,,
1748268519064.0,7810.7,7811.7
1748268520766.0,7811.0,7812.0
1748268520960.0,7810.7,7811.7
1748268539202.0,7811.0,7812.0
1748268539399.0,7811.2,7812.2
1748268540036.0,7811.0,7812.0
1748268540234.0,7810.7,7811.7
1748268540738.0,7811.0,7812.0
1748268541262.0,7811.2,7812.2
1748268541754.0,7810.7,7811.7
1748268552080.0,7811.0,7812.0
1748268555741.0,7811.7,7812.7
1748268556232.0,7812.2,7813.2
1748268556633.0,7813.2,7814.2
1748268557486.0,7813.0,7814.0
1748268557887.0,7812.7,7813.7
1748268559446.0,7812.5,7813.5
1748268559643.0,7812.7,7813.7
1748268559961.0,7813.0,7814.0
1748268562048.0,7813.2,7814.2
1748268562445.0,7813.2,7814.2
1748268563891.0,7812.7,7813.7
1748268565172.0,7812.2,7813.2
1748268566132.0,7812.0,7813.0
1748268566619.0,7812.0,7813.0
1748268567028.0,7812.0,7813.0
1748268567427.0,7812.2,7813.2
1748268567632.0,7812.0,7813.0
1748268568123.0,7811.7,7812.7
1748268568504.0,7812.0,7813.0
1748268569661.0,7812.2,7813.2
1748268570062.0,7811.7,7812.7
1748268586052,,
1748268593930.0,7811.5,7812.5
1748268594129,,
1748268594554,,
1748268594755.0,7811.2,7812.2
1748268595039.0,7811.5,7812.5
1748268595239.0,7811.2,7812.2
1748268598519.0,7811.0,7812.0
1748268598718.0,7811.2,7812.2
1748268598917.0,7811.7,7812.7
1748268599542.0,7811.7,7812.7
1748268600019.0,7811.5,7812.5
1748268601452.0,7811.0,7812.0
1748268602402.0,7811.3,7812.3
1748268603028.0,7811.3,7812.3
1748268603228.0,7811.5,7812.5
1748268608577.0,7811.8,7812.8
1748268608773.0,7812.0,7813.0
1748268609448.0,7812.3,7813.3
1748268609849.0,7812.0,7813.0
1748268610146.0,7812.3,7813.3
1748268610360.0,7812.5,7813.5
1748268614673.0,7812.8,7813.8
1748268615072.0,7813.0,7814.0
1748268616365.0,7812.8,7813.8
1748268616565.0,7812.5,7813.5
1748268619362.0,7812.3,7813.3
1748268620500.0,7812.5,7813.5
1748268621342.0,7812.3,7813.3
1748268625410.0,7812.5,7813.5
1748268625606,,
1748268626536.0,7812.3,7813.3
1748268626732.0,7812.0,7813.0
1748268628742.0,7812.3,7813.3
1748268628942.0,7812.5,7813.5
1748268633587.0,7812.8,7813.8
1748268633783.0,7812.5,7813.5
1748268637646.0,7812.8,7813.8
1748268637843.0,7812.5,7813.5
1748268640545.0,7812.8,7813.8
1748268642883.0,7813.0,7814.0
1748268643523.0,7812.8,7813.8
1748268644132.0,7812.5,7813.5
1748268645011.0,7812.8,7813.8
1748268645411.0,7812.8,7813.8
1748268646064.0,7813.0,7814.0
1748268648615.0,7813.3,7814.3
1748268648812.0,7813.5,7814.5
1748268658946.0,7813.5,7814.5
1748268659272.0,7813.8,7814.8
1748268659747.0,7814.0,7815.0
1748268660887.0,7814.0,7815.0
1748268662404.0,7813.8,7814.8
1748268662600.0,7814.0,7815.0
1748268664390.0,7814.3,7815.3
1748268664582,,
1748268665028.0,7814.0,7815.0
1748268665245.0,7814.3,7815.3
1748268668257.0,7814.0,7815.0
1748268668740.0,7814.3,7815.3
1748268670082.0,7814.0,7815.0
1748268675635.0,7814.3,7815.3
1748268676534.0,7814.0,7815.0
1748268677349.0,7814.3,7815.3
1748268677548.0,7814.0,7815.0
1748268678151.0,7814.3,7815.3
1748268678351.0,7814.0,7815.0
1748268679328.0,7814.3,7815.3
1748268682089.0,7814.0,7815.0
1748268682838,,
1748268683039.0,7814.5,7815.5
1748268685049.0,7814.3,7815.3
1748268685247.0,7814.5,7815.5
1748268689923.0,7814.8,7815.8
1748268690120.0,7814.5,7815.5
1748268690322.0,7814.8,7815.8
1748268691108.0,7814.5,7815.5
1748268691649.0,7814.8,7815.8
1748268691848.0,7815.0,7816.0
1748268692231.0,7814.8,7815.8
1748268692439.0,7814.5,7815.5
1748268692633.0,7815.0,7816.0
1748268692920.0,7814.8,7815.8
1748268694284,,
1748268696901.0,7814.3,7815.3
1748268697099,,
1748268697300.0,7814.5,7815.5
1748268698780.0,7814.5,7815.5
1748268699200.0,7814.3,7815.3
1748268699398.0,7814.5,7815.5
1748268700559.0,7814.3,7815.3
1748268700959,,
1748268701232.0,7814.5,7815.5
1748268701631.0,7814.3,7815.3
1748268702030.0,7814.0,7815.0
1748268702551.0,7813.8,7814.8
1748268702950.0,7814.0,7815.0
1748268707491.0,7813.8,7814.8
1748268707947.0,7813.5,7814.5
1748268710724.0,7813.3,7814.3
1748268710921.0,7813.5,7814.5
1748268713165.0,7813.8,7814.8
1748268713365.0,7813.5,7814.5
1748268747647,,
1748268747846.0,7814.0,7815.0
1748268748045.0,7814.5,7815.5
1748268748245.0,7814.3,7815.3
1748268748446.0,7814.5,7815.5
1748268748645.0,7814.8,7815.8
1748268749428.0,7815.0,7816.0
1748268749626,,
1748268750486.0,7814.8,7815.8
1748268751010.0,7814.5,7815.5
1748268751210.0,7814.8,7815.8
1748268754703,,
1748268761022.0,7814.5,7815.5
1748268761218.0,7814.8,7815.8
1748268763412.0,7815.0,7816.0
1748268764021.0,7814.8,7815.8
1748268764642.0,7814.5,7815.5
1748268765886.0,7814.3,7815.3
1748268766087.0,7814.0,7815.0
1748268769701.0,7814.3,7815.3
1748268769898.0,7814.0,7815.0
1748268774177.0,7813.8,7814.8
1748268774376.0,7813.5,7814.5
1748268775157.0,7813.8,7814.8
1748268775357.0,7814.0,7815.0
1748268780346.0,7814.3,7815.3
1748268780544.0,7814.5,7815.5
1748268780744.0,7814.0,7815.0
1748268789821.0,7814.3,7815.3
1748268790219.0,7814.0,7815.0
1748268791625.0,7814.3,7815.3
1748268792031.0,7814.5,7815.5
1748268792230.0,7815.0,7816.0
1748268799294.0,7814.8,7815.8
1748268799493.0,7815.0,7816.0
1748268800394.0,7815.0,7816.0
1748268800589.0,7815.3,7816.3
1748268800790.0,7815.0,7816.0
1748268801180.0,7815.3,7816.3
1748268805777.0,7815.5,7816.5
1748268805975.0,7815.0,7816.0
1748268806202.0,7815.3,7816.3
1748268806400.0,7815.5,7816.5
1748268807145.0,7815.3,7816.3
1748268807343.0,7815.5,7816.5
1748268812372.0,7815.5,7816.5
1748268812630.0,7815.3,7816.3
1748268822468.0,7815.5,7816.5
1748268822664,,
1748268823250.0,7815.5,7816.5
1748268824991.0,7815.8,7816.8
1748268825184.0,7816.0,7817.0
1748268825609.0,7816.5,7817.5
1748268825810.0,7816.3,7817.3
1748268826089.0,7816.5,7817.5
1748268836109.0,7816.8,7817.8
1748268836306.0,7816.5,7817.5
1748268838973.0,7816.8,7817.8
1748268839173.0,7817.0,7818.0
1748268839372.0,7817.3,7818.3
1748268839771.0,7817.0,7818.0
1748268839971.0,7817.3,7818.3
1748268841971.0,7817.0,7818.0
1748268842370.0,7817.0,7818.0
1748268842569.0,7816.5,7817.5
1748268842771.0,7816.8,7817.8
1748268843185.0,7816.5,7817.5
1748268845231.0,7816.8,7817.8
1748268852349.0,7816.5,7817.5
1748268852545,,
1748268852749.0,7816.8,7817.8
1748268852950.0,7817.0,7818.0
1748268853148.0,7817.3,7818.3
1748268853351.0,7817.0,7818.0
1748268853547.0,7817.3,7818.3
1748268855224.0,7817.8,7818.8
1748268855426.0,7817.5,7818.5
1748268857230.0,7817.8,7818.8
1748268857427.0,7817.5,7818.5
1748268868313.0,7817.3,7818.3
1748268868510.0,7817.5,7818.5
1748268868899.0,7817.3,7818.3
1748268869101.0,7817.5,7818.5
1748268869301.0,7817.3,7818.3
1748268869892.0,7817.5,7818.5
1748268872054.0,7817.8,7818.8
1748268872255.0,7817.5,7818.5
1748268876997.0,7817.8,7818.8
1748268882509.0,7817.5,7818.5
1748268882707,,
1748268887902.0,7817.8,7818.8
1748268888302.0,7817.5,7818.5
1748268889425.0,7817.3,7818.3
1748268889618.0,7817.5,7818.5
1748268892028.0,7817.8,7818.8
1748268892508.0,7817.5,7818.5
1748268899052.0,7817.3,7818.3
1748268899252.0,7817.0,7818.0
1748268900227.0,7817.3,7818.3
1748268900438.0,7817.0,7818.0
1748268903797.0,7817.3,7818.3
1748268903993.0,7817.0,7818.0
1748268904781.0,7817.3,7818.3
1748268905038.0,7817.0,7818.0
1748268912069.0,7816.8,7817.8
1748268912264.0,7815.8,7816.8
1748268913239.0,7815.5,7816.5
1748268914096.0,7815.8,7816.8
1748268914294.0,7815.5,7816.5
1748268915947.0,7815.8,7816.8
1748268916147.0,7815.5,7816.5
1748268916561.0,7815.8,7816.8
1748268916792.0,7815.5,7816.5
1748268917191.0,7815.8,7816.8
1748268917477.0,7815.5,7816.5
1748268926284.0,7815.8,7816.8
1748268930301.0,7815.5,7816.5
1748268930508.0,7815.8,7816.8
1748268932087.0,7815.5,7816.5
1748268932286.0,7815.8,7816.8
1748268942621.0,7815.5,7816.5
1748268943869.0,7815.8,7816.8
1748268954878.0,7816.0,7817.0
1748268955076,,
1748268956283.0,7815.8,7816.8
1748268957656.0,7815.5,7816.5
1748268958230.0,7815.8,7816.8
1748268960480,,
1748268960681.0,7815.5,7816.5
1748268962878.0,7815.8,7816.8
1748268963079.0,7815.5,7816.5
1748268964733.0,7815.8,7816.8
1748268967893,,
1748268968602.0,7816.0,7817.0
1748268970416.0,7816.3,7817.3
1748268971447.0,7816.0,7817.0
1748268971648.0,7816.5,7817.5
1748268980041.0,7816.3,7817.3
1748268980237.0,7816.0,7817.0
1748268982025.0,7815.8,7816.8
1748268982223.0,7816.0,7817.0
1748269000735.0,7816.3,7817.3
1748269000931.0,7816.0,7817.0
1748269001722.0,7816.3,7817.3
1748269005037.0,7816.0,7817.0
1748269007920.0,7816.3,7817.3
1748269016175.0,7816.5,7817.5
1748269016372,,
1748269016607.0,7816.8,7817.8
1748269016808.0,7816.5,7817.5
1748269023848.0,7816.3,7817.3
1748269024047.0,7816.0,7817.0
1748269024249.0,7815.8,7816.8
1748269024447.0,7816.0,7817.0
1748269024650.0,7815.8,7816.8
1748269024939.0,7815.5,7816.5
1748269033565.0,7815.8,7816.8
1748269033765.0,7816.0,7817.0
1748269033979.0,7816.3,7817.3
1748269034428.0,7816.5,7817.5
1748269034638.0,7817.0,7818.0
1748269034826.0,7816.8,7817.8
1748269035028.0,7817.0,7818.0
1748269035872.0,7817.3,7818.3
1748269036073.0,7817.5,7818.5
1748269037788.0,7817.8,7818.8
1748269038146.0,7817.5,7818.5
1748269040865.0,7817.8,7818.8
1748269041065.0,7818.0,7819.0
1748269041265.0,7818.3,7819.3
1748269041465.0,7818.0,7819.0
1748269043512.0,7817.8,7818.8
1748269043713.0,7817.5,7818.5
1748269047798,,
1748269049530.0,7817.8,7818.8
1748269049729.0,7818.0,7819.0
1748269050640.0,7817.8,7818.8
1748269051141.0,7818.0,7819.0
1748269051871.0,7817.8,7818.8
1748269052070.0,7817.5,7818.5
1748269061965.0,7817.3,7818.3
1748269062162.0,7816.5,7817.5
1748269062453.0,7816.3,7817.3
1748269062653.0,7816.5,7817.5
1748269064530.0,7816.8,7817.8
1748269066448.0,7816.5,7817.5
1748269066647,,
1748269072028,,
1748269072227.0,7817.0,7818.0
1748269072428.0,7816.8,7817.8
1748269074886.0,7817.0,7818.0
1748269077256.0,7816.8,7817.8
1748269084176.0,7817.0,7818.0
1748269084370,,
1748269085813.0,7817.3,7818.3
1748269086010.0,7817.5,7818.5
1748269086213.0,7817.3,7818.3
1748269086414.0,7817.0,7818.0
1748269089690.0,7817.3,7818.3
1748269092635.0,7817.0,7818.0
1748269093522.0,7817.3,7818.3
1748269094228.0,7817.5,7818.5
1748269094428,,
1748269094629.0,7817.3,7818.3
1748269095152.0,7817.5,7818.5
1748269097834.0,7817.3,7818.3
1748269098032.0,7817.0,7818.0
1748269098810.0,7816.8,7817.8
1748269099582.0,7817.0,7818.0
1748269100099.0,7817.3,7818.3
1748269100296.0,7817.0,7818.0
1748269104232.0,7817.3,7818.3
1748269104428.0,7817.5,7818.5
1748269108285.0,7817.3,7818.3
1748269113555,,
1748269115237.0,7817.0,7818.0
1748269122234.0,7816.8,7817.8
1748269125486.0,7817.0,7818.0
1748269128049.0,7816.8,7817.8
1748269128248.0,7817.0,7818.0
1748269132299.0,7816.8,7817.8
1748269132701.0,7816.3,7817.3
1748269132899.0,7816.5,7817.5
1748269133771.0,7816.8,7817.8
1748269138762.0,7817.0,7818.0
1748269138958.0,7816.8,7817.8
1748269139482.0,7817.0,7818.0
1748269143682.0,7817.3,7818.3
1748269143881.0,7818.0,7819.0
1748269144085.0,7818.3,7819.3
1748269144817.0,7818.0,7819.0
1748269145714.0,7818.3,7819.3
1748269145913.0,7818.0,7819.0
1748269147357.0,7818.3,7819.3
1748269147555.0,7818.0,7819.0
1748269147904.0,7818.3,7819.3
1748269148239.0,7818.0,7819.0
1748269153084.0,7818.3,7819.3
1748269153281.0,7818.8,7819.8
1748269157471.0,7818.5,7819.5
1748269157668,,
1748269157914.0,7818.8,7819.8
1748269160467.0,7818.5,7819.5
1748269161639.0,7818.8,7819.8
1748269162039.0,7818.5,7819.5
1748269162532.0,7818.8,7819.8
1748269162930.0,7818.5,7819.5
1748269188330.0,7818.8,7819.8
1748269188527.0,7818.5,7819.5
1748269192251.0,7818.8,7819.8
1748269192448.0,7818.5,7819.5
1748269199631.0,7818.8,7819.8
1748269199828,,
1748269200012.0,7818.3,7819.3
1748269200909,,
1748269201107,,
1748269203059.0,7818.8,7819.8
1748269203256.0,7818.5,7819.5
1748269204172,,
1748269204371,,
1748269207316.0,7818.3,7819.3
1748269207512,,
1748269207713.0,7818.0,7819.0
1748269209043.0,7817.8,7818.8
1748269209241.0,7818.0,7819.0
1748269210741.0,7818.3,7819.3
1748269210942.0,7818.0,7819.0
1748269211528.0,7818.3,7819.3
1748269211941.0,7818.0,7819.0
1748269212440.0,7818.3,7819.3
1748269216970.0,7818.0,7819.0
1748269217167.0,7818.5,7819.5
1748269220267.0,7818.0,7819.0
1748269222493.0,7818.3,7819.3
1748269222691.0,7818.5,7819.5
1748269223428.0,7818.3,7819.3
1748269223627.0,7818.5,7819.5
1748269224456.0,7818.3,7819.3
1748269224994.0,7818.0,7819.0
1748269227097.0,7818.0,7819.0
1748269227758.0,7818.3,7819.3
1748269227959.0,7818.5,7819.5
1748269230255,,
1748269232646.0,7818.3,7819.3
1748269232846.0,7818.0,7819.0
1748269237046,,
1748269237246.0,7818.5,7819.5
1748269238027.0,7818.3,7819.3
1748269238224,,
1748269238759.0,7818.5,7819.5
1748269242723.0,7818.3,7819.3
1748269242921.0,7818.0,7819.0
1748269248866.0,7817.8,7818.8
1748269249062.0,7817.5,7818.5
1748269250487.0,7817.3,7818.3
1748269250686.0,7817.0,7818.0
1748269250885.0,7816.8,7817.8
1748269251085.0,7817.0,7818.0
1748269252704.0,7816.8,7817.8
1748269253104.0,7816.5,7817.5
1748269255483.0,7816.3,7817.3
1748269255685.0,7816.5,7817.5
1748269267158.0,7816.3,7817.3
1748269267448.0,7816.5,7817.5
1748269268050.0,7815.5,7816.5
1748269269088.0,7815.5,7816.5
1748269269488.0,7814.5,7815.5
1748269270191.0,7814.8,7815.8
1748269270387.0,7814.5,7815.5
1748269271465.0,7814.0,7815.0
1748269272510.0,7814.3,7815.3
1748269273999.0,7814.0,7815.0
1748269275450.0,7813.8,7814.8
1748269275650.0,7814.0,7815.0
1748269280559.0,7814.3,7815.3
1748269280758.0,7814.0,7815.0
1748269281757.0,7814.3,7815.3
1748269282696,,
1748269285089.0,7813.8,7814.8
1748269285287.0,7814.0,7815.0
1748269285921.0,7814.0,7815.0
1748269286874.0,7813.8,7814.8
1748269300235,,
1748269301741.0,7813.5,7814.5
1748269305415.0,7813.5,7814.5
1748269305608.0,7813.3,7814.3
1748269307285.0,7813.0,7814.0
1748269307682.0,7813.5,7814.5
1748269309989.0,7813.8,7814.8
1748269310189.0,7813.5,7814.5
1748269315852.0,7813.3,7814.3
1748269316052.0,7813.0,7814.0
1748269319371.0,7813.3,7814.3
1748269319770.0,7813.0,7814.0
1748269322086.0,7813.3,7814.3
1748269322788.0,7813.0,7814.0
1748269322983,,
1748269327626.0,7812.8,7813.8
1748269327826.0,7813.0,7814.0
1748269328026.0,7812.5,7813.5
1748269329336.0,7812.8,7813.8
1748269329536.0,7813.0,7814.0
1748269330273.0,7813.3,7814.3
1748269335954,,
1748269338388.0,7813.0,7814.0
1748269341108.0,7813.3,7814.3
1748269341557.0,7813.0,7814.0
1748269341755.0,7813.3,7814.3
1748269355051.0,7813.0,7814.0
1748269368081.0,7813.3,7814.3
1748269368279.0,7813.0,7814.0
1748269370188,,
1748269374823.0,7813.3,7814.3
1748269375018.0,7813.0,7814.0
1748269381182,,
1748269391709.0,7813.3,7814.3
1748269392611,,
1748269395129.0,7813.0,7814.0
1748269396992.0,7813.3,7814.3
1748269397762.0,7813.0,7814.0
1748269399553.0,7813.0,7814.0
1748269400034,,
1748269400232,,
1748269403309,,
1748269410301,,
1748269411195.0,7813.3,7814.3
1748269411396.0,7813.0,7814.0
1748269419469.0,7813.3,7814.3
1748269419868.0,7813.3,7814.3
1748269420068.0,7813.0,7814.0
1748269421728.0,7813.0,7814.0
1748269422716.0,7813.3,7814.3
1748269422916.0,7813.5,7814.5
1748269423115.0,7813.0,7814.0
1748269425987.0,7812.8,7813.8
1748269426184.0,7813.0,7814.0
1748269429017.0,7812.8,7813.8
1748269436054.0,7812.5,7813.5
1748269436251,,
1748269440152.0,7812.3,7813.3
1748269440353.0,7812.0,7813.0
1748269441924.0,7812.3,7813.3
1748269442118.0,7812.5,7813.5
1748269446841.0,7812.3,7813.3
1748269447039.0,7812.0,7813.0
1748269450224.0,7812.3,7813.3
1748269454938.0,7811.5,7812.5
1748269455810.0,7811.8,7812.8
1748269456011.0,7811.5,7812.5
1748269456411.0,7812.0,7813.0
1748269459298.0,7812.0,7813.0
1748269469476.0,7812.3,7813.3
1748269470287.0,7812.0,7813.0
1748269470684.0,7812.3,7813.3
1748269476881.0,7812.0,7813.0
1748269477631.0,7812.3,7813.3
1748269479140.0,7812.0,7813.0
1748269480070.0,7812.3,7813.3
1748269481260.0,7811.8,7812.8
1748269481456,,
1748269482390.0,7812.0,7813.0
1748269482588,,
1748269483487.0,7811.8,7812.8
1748269483686.0,7811.5,7812.5
1748269484392.0,7811.8,7812.8
1748269484753.0,7811.5,7812.5
1748269486078.0,7811.8,7812.8
1748269487060.0,7811.5,7812.5
1748269487460.0,7811.8,7812.8
1748269499110.0,7812.0,7813.0
1748269499305,,
1748269508518.0,7812.3,7813.3
1748269515558,,
1748269516548.0,7811.8,7812.8
1748269516747.0,7811.5,7812.5
1748269523218.0,7811.5,7812.5
1748269529828.0,7810.8,7811.8
1748269530059.0,7811.0,7812.0
1748269530261.0,7810.8,7811.8
1748269539046.0,7811.0,7812.0
1748269539242,,
1748269541772.0,7811.3,7812.3
1748269542371.0,7811.5,7812.5
1748269544831.0,7811.8,7812.8
1748269545477.0,7812.0,7813.0
1748269546177.0,7812.3,7813.3
1748269546376.0,7812.0,7813.0
1748269547961.0,7812.3,7813.3
1748269548160.0,7812.5,7813.5
1748269551093.0,7812.8,7813.8
1748269551292.0,7812.5,7813.5
1748269556458,,
1748269557236.0,7812.5,7813.5
1748269557631,,
1748269558118.0,7812.3,7813.3
1748269559100.0,7812.5,7813.5
1748269559293,,
1748269559742.0,7812.3,7813.3
1748269566715.0,7812.5,7813.5
1748269567372.0,7812.8,7813.8
1748269567573.0,7813.0,7814.0
1748269568155.0,7812.8,7813.8
1748269573907.0,7813.0,7814.0
1748269574929.0,7813.3,7814.3
1748269575125.0,7813.0,7814.0
1748269578522.0,7813.3,7814.3
1748269581461.0,7813.5,7814.5
1748269581657.0,7813.8,7814.8
1748269582235.0,7813.8,7814.8
1748269584939.0,7813.5,7814.5
1748269585138.0,7813.3,7814.3
1748269585642.0,7813.0,7814.0
1748269585842.0,7812.8,7813.8
1748269586293.0,7813.0,7814.0
1748269586848.0,7812.8,7813.8
1748269587494.0,7813.0,7814.0
1748269589332.0,7813.3,7814.3
1748269589528.0,7813.5,7814.5
1748269597047.0,7813.3,7814.3
1748269599966.0,7813.5,7814.5
1748269602932.0,7813.3,7814.3
1748269603426.0,7813.5,7814.5
1748269604805.0,7813.0,7814.0
1748269607790.0,7812.8,7813.8
1748269607987.0,7812.5,7813.5
1748269611664.0,7812.3,7813.3
1748269611863.0,7812.0,7813.0
1748269612334.0,7811.8,7812.8
1748269612734.0,7811.8,7812.8
1748269613754.0,7812.0,7813.0
1748269626925.0,7812.3,7813.3
1748269627124.0,7812.0,7813.0
1748269630524.0,7811.8,7812.8
1748269630725.0,7811.5,7812.5
1748269651681,,
1748269652168.0,7812.0,7813.0
1748269654666.0,7812.3,7813.3
1748269655397.0,7812.5,7813.5
1748269688108,,
1748269689954,,
1748269690474.0,7812.8,7813.8
1748269699815.0,7813.0,7814.0
1748269700012,,
1748269700907,,
1748269705237.0,7812.0,7813.0
1748269706260.0,7812.3,7813.3
1748269706461.0,7812.0,7813.0
1748269713092.0,7811.8,7812.8
1748269713288.0,7812.0,7813.0
1748269717585.0,7812.3,7813.3
1748269717783.0,7812.5,7813.5
1748269718216.0,7812.0,7813.0
1748269718706.0,7811.5,7812.5
1748269719367.0,7811.3,7812.3
1748269719564.0,7811.5,7812.5
1748269719938.0,7811.8,7812.8
1748269720138.0,7812.0,7813.0
1748269743785.0,7812.3,7813.3
1748269748942.0,7812.0,7813.0
1748269750856.0,7812.3,7813.3
1748269751054.0,7812.5,7813.5
1748269752769.0,7812.0,7813.0
1748269758832.0,7812.3,7813.3
1748269759902.0,7812.0,7813.0
1748269761793.0,7811.8,7812.8
1748269761992.0,7812.0,7813.0
1748269765058.0,7811.8,7812.8
1748269765256.0,7811.5,7812.5
1748269765710.0,7811.8,7812.8
1748269765909.0,7812.0,7813.0
1748269768486.0,7812.3,7813.3
1748269768886.0,7812.5,7813.5
1748269770916.0,7812.8,7813.8
1748269771118.0,7813.0,7814.0
1748269771703.0,7812.8,7813.8
1748269771900.0,7813.0,7814.0
1748269772718.0,7813.0,7814.0
1748269773430,,
1748269780419.0,7813.3,7814.3
1748269780615.0,7813.0,7814.0
1748269791087.0,7812.8,7813.8
1748269792548.0,7813.0,7814.0
1748269795038.0,7812.8,7813.8
1748269795237.0,7813.0,7814.0
1748269800019.0,7813.7,7814.7
1748269803686.0,7813.7,7814.7
1748269812844.0,7813.5,7814.5
1748269813040.0,7813.2,7814.2
1748269818603.0,7813.2,7814.2
1748269819429.0,7813.2,7814.2
1748269822868.0,7813.5,7814.5
1748269823629.0,7813.5,7814.5
1748269823828.0,7813.2,7814.2
1748269824029.0,7814.7,7815.7
1748269824528.0,7815.0,7816.0
1748269824725.0,7815.2,7816.2
1748269824927.0,7814.7,7815.7
1748269827257.0,7815.0,7816.0
1748269827832.0,7814.7,7815.7
1748269828934.0,7815.0,7816.0
1748269829343.0,7814.7,7815.7
1748269830621.0,7815.0,7816.0
1748269831727.0,7815.2,7816.2
1748269831924,,
1748269834980.0,7815.2,7816.2
1748269838949.0,7815.5,7816.5
1748269839148.0,7815.7,7816.7
1748269839872.0,7816.7,7817.7
1748269841782.0,7817.0,7818.0
1748269842258.0,7817.0,7818.0
1748269842660.0,7816.7,7817.7
1748269843521.0,7817.0,7818.0
1748269843719.0,7817.2,7818.2
1748269844871.0,7817.0,7818.0
1748269845066.0,7816.7,7817.7
1748269851648.0,7815.7,7816.7
1748269852049.0,7814.2,7815.2
1748269852449.0,7814.2,7815.2
1748269852648.0,7814.7,7815.7
1748269853048.0,7815.2,7816.2
1748269853449.0,7815.7,7816.7
1748269854330.0,7815.5,7816.5
1748269854528.0,7815.7,7816.7
1748269855052,,
1748269855621.0,7816.0,7817.0
1748269855803.0,7815.7,7816.7
1748269856719.0,7816.0,7817.0
1748269857123.0,7815.7,7816.7
1748269857795.0,7815.5,7816.5
1748269858193.0,7815.5,7816.5
1748269858817.0,7815.5,7816.5
1748269859326.0,7815.2,7816.2
1748269859954.0,7815.5,7816.5
1748269860555.0,7815.2,7816.2
1748269863364.0,7815.2,7816.2
1748269865141,,
1748269865390.0,7815.2,7816.2
1748269866025.0,7815.5,7816.5
1748269866223.0,7815.7,7816.7
1748269866852.0,7816.0,7817.0
1748269867051.0,7816.2,7817.2
1748269868018.0,7816.0,7817.0
1748269868617.0,7815.7,7816.7
1748269871758.0,7816.0,7817.0
1748269871962.0,7815.7,7816.7
1748269875035.0,7815.5,7816.5
1748269875233.0,7815.2,7816.2
1748269876509,,
1748269877088.0,7815.5,7816.5
1748269877604.0,7815.7,7816.7
1748269877804,,
1748269878002.0,7815.2,7816.2
1748269878651.0,7815.5,7816.5
1748269879048.0,7815.2,7816.2
1748269879579.0,7815.5,7816.5
1748269879777.0,7815.7,7816.7
1748269880389.0,7816.0,7817.0
1748269880780.0,7815.7,7816.7
1748269881709.0,7816.0,7817.0
1748269881910.0,7816.2,7817.2
1748269882990.0,7816.5,7817.5
1748269883829.0,7816.7,7817.7
1748269884238.0,7816.7,7817.7
1748269885700.0,7817.2,7818.2
1748269887557.0,7817.7,7818.7
1748269888109.0,7817.5,7818.5
1748269890099,,
1748269893746.0,7817.2,7818.2
1748269895206.0,7817.5,7818.5
1748269895405.0,7817.2,7818.2
1748269895859.0,7817.5,7818.5
1748269897334.0,7817.7,7818.7
1748269900090.0,7818.0,7819.0
1748269901008.0,7818.0,7819.0
1748269901727,,
1748269901927.0,7818.2,7819.2
1748269902331.0,7818.7,7819.7
1748269902748.0,7819.0,7820.0
1748269902947.0,7818.7,7819.7
1748269907051.0,7819.2,7820.2
1748269908092.0,7819.2,7820.2
1748269910809.0,7819.0,7820.0
1748269911494,,
1748269921774,,
1748269925315.0,7819.0,7820.0
1748269928139,,
1748269929798.0,7819.0,7820.0
1748269929999.0,7819.2,7820.2
1748269931848,,
1748269932455.0,7819.2,7820.2
1748269941076.0,7819.0,7820.0
1748269941272.0,7818.7,7819.7
1748269942603,,
1748269942803,,
1748269944434.0,7818.5,7819.5
1748269944635.0,7818.2,7819.2
1748269948314.0,7818.0,7819.0
1748269948515.0,7818.2,7819.2
1748269949611.0,7818.0,7819.0
1748269949809.0,7817.2,7818.2
1748269950653,,
1748269952634,,
1748269954470.0,7817.5,7818.5
1748269954868.0,7817.2,7818.2
1748269955528.0,7817.5,7818.5
1748269956004.0,7817.2,7818.2
1748269956742.0,7817.0,7818.0
1748269956936.0,7817.2,7818.2
1748269957690.0,7817.5,7818.5
1748269958115.0,7817.0,7818.0
1748269958313.0,7816.7,7817.7
1748269959939.0,7817.0,7818.0
1748269960392.0,7816.7,7817.7
1748269962308.0,7816.5,7817.5
1748269962707.0,7815.7,7816.7
1748269971870.0,7816.0,7817.0
1748269972707.0,7816.2,7817.2
1748269973655.0,7816.5,7817.5
1748269973855.0,7817.0,7818.0
1748269974255.0,7817.0,7818.0
1748269974716.0,7817.2,7818.2
1748269976632.0,7817.5,7818.5
1748269977102.0,7817.7,7818.7
1748269977660.0,7817.5,7818.5
1748269977859.0,7817.2,7818.2
1748269981770.0,7817.0,7818.0
1748269981968.0,7816.7,7817.7
1748269982169.0,7817.0,7818.0
1748269982692.0,7816.7,7817.7
1748269985090.0,7817.0,7818.0
1748269985287.0,7817.2,7818.2
1748269992059.0,7817.5,7818.5
1748269992254.0,7817.7,7818.7
1748269997041.0,7818.0,7819.0
1748269997239,,
1748269998068.0,7818.2,7819.2
1748270003909.0,7817.7,7818.7
1748270010037.0,7817.5,7818.5
1748270010234.0,7817.7,7818.7
1748270013412.0,7818.0,7819.0
1748270014183.0,7818.2,7819.2
1748270015275.0,7818.0,7819.0
1748270015472.0,7817.7,7818.7
1748270020090.0,7818.0,7819.0
1748270020287.0,7817.7,7818.7
1748270023242.0,7818.0,7819.0
1748270023441.0,7818.2,7819.2
1748270024626.0,7818.0,7819.0
1748270024824.0,7818.2,7819.2
1748270025825.0,7818.0,7819.0
1748270026023.0,7817.7,7818.7
1748270034988.0,7818.0,7819.0
1748270035187.0,7817.2,7818.2
1748270040452.0,7817.7,7818.7
1748270044909.0,7817.5,7818.5
1748270045496.0,7817.5,7818.5
1748270045695.0,7817.7,7818.7
1748270068466.0,7818.0,7819.0
1748270069749.0,7817.7,7818.7
1748270070705.0,7818.0,7819.0
1748270076771.0,7818.2,7819.2
1748270076968,,
1748270077169,,
1748270093568.0,7818.0,7819.0
1748270094173.0,7817.5,7818.5
1748270094567.0,7818.0,7819.0
1748270094768.0,7817.7,7818.7
1748270099595.0,7817.7,7818.7
1748270100453.0,7817.5,7818.5
1748270100654.0,7817.2,7818.2
1748270101299.0,7817.5,7818.5
1748270101497.0,7817.2,7818.2
1748270102104.0,7816.7,7817.7
1748270103067.0,7816.5,7817.5
1748270103265.0,7816.2,7817.2
1748270104617.0,7816.5,7817.5
1748270104817.0,7816.7,7817.7
1748270105180.0,7816.5,7817.5
1748270105378.0,7816.2,7817.2
1748270108566.0,7816.5,7817.5
1748270109027.0,7816.2,7817.2
1748270112097.0,7815.7,7816.7
1748270114284.0,7816.0,7817.0
1748270114683.0,7815.7,7816.7
1748270115204.0,7816.0,7817.0
1748270115655.0,7815.7,7816.7
1748270116054.0,7816.0,7817.0
1748270116256.0,7815.7,7816.7
1748270116528.0,7816.0,7817.0
1748270117112.0,7815.7,7816.7
1748270119004.0,7815.5,7816.5
1748270119620.0,7815.7,7816.7
1748270120650.0,7815.2,7816.2
1748270121286.0,7815.5,7816.5
1748270121685.0,7815.2,7816.2
1748270121979.0,7815.5,7816.5
1748270122179.0,7815.7,7816.7
1748270125611.0,7815.5,7816.5
1748270125809.0,7815.2,7816.2
1748270127595.0,7814.2,7815.2
1748270128108.0,7814.7,7815.7
1748270128880.0,7814.5,7815.5
1748270129611,,
1748270129808.0,7815.0,7816.0
1748270131116.0,7815.2,7816.2
1748270131519.0,7815.0,7816.0
1748270132316.0,7815.2,7816.2
1748270132801.0,7815.0,7816.0
1748270133649.0,7814.7,7815.7
1748270138352.0,7815.0,7816.0
1748270138550.0,7815.2,7816.2
1748270140911.0,7814.7,7815.7
1748270142683.0,7815.2,7816.2
1748270142895.0,7814.7,7815.7
1748270143956.0,7815.0,7816.0
1748270144155.0,7815.2,7816.2
1748270145685.0,7815.0,7816.0
1748270145884.0,7814.7,7815.7
1748270155360.0,7815.2,7816.2
1748270156001.0,7815.5,7816.5
1748270156199.0,7815.7,7816.7
1748270159923.0,7815.5,7816.5
1748270160123.0,7815.2,7816.2
1748270170162.0,7815.0,7816.0
1748270170361.0,7815.2,7816.2
1748270171903.0,7815.5,7816.5
1748270172398.0,7816.0,7817.0
1748270175082,,
1748270175280,,
1748270179752,,
1748270183734.0,7816.5,7817.5
1748270183933.0,7816.0,7817.0
1748270185060.0,7815.7,7816.7
1748270185258,,
1748270192130.0,7816.0,7817.0
1748270192327.0,7815.7,7816.7
1748270193132.0,7816.0,7817.0
1748270193332.0,7815.7,7816.7
1748270200146.0,7816.0,7817.0
1748270202848.0,7815.7,7816.7
1748270205734.0,7816.2,7817.2
1748270206818.0,7816.5,7817.5
1748270207017.0,7816.2,7817.2
1748270211860.0,7816.0,7817.0
1748270212059.0,7815.7,7816.7
1748270217383,,
1748270217580.0,7816.0,7817.0
1748270218025.0,7816.2,7817.2
1748270225444.0,7816.2,7817.2
1748270227470.0,7816.5,7817.5
1748270227665.0,7816.7,7817.7
1748270228068.0,7817.0,7818.0
1748270228265.0,7817.2,7818.2
1748270230496.0,7816.7,7817.7
1748270231146.0,7817.0,7818.0
1748270232116.0,7816.7,7817.7
1748270232975.0,7817.0,7818.0
1748270233731.0,7817.2,7818.2
1748270241977.0,7817.0,7818.0
1748270242676.0,7817.2,7818.2
1748270243468.0,7817.0,7818.0
1748270243666.0,7817.2,7818.2
1748270243951.0,7817.0,7818.0
1748270245957.0,7817.2,7818.2
1748270246153.0,7817.0,7818.0
1748270249433.0,7817.2,7818.2
1748270255147.0,7817.5,7818.5
1748270255345.0,7817.2,7818.2
1748270256558.0,7817.5,7818.5
1748270256758.0,7817.2,7818.2
1748270257232.0,7817.5,7818.5
1748270257431.0,7817.2,7818.2
1748270258928.0,7817.5,7818.5
1748270259127.0,7817.2,7818.2
1748270265848.0,7817.5,7818.5
1748270266045.0,7817.2,7818.2
1748270266337.0,7817.0,7818.0
1748270266539.0,7817.2,7818.2
1748270267798.0,7817.0,7818.0
1748270268205.0,7816.5,7817.5
1748270268803.0,7816.7,7817.7
1748270270552.0,7816.5,7817.5
1748270270750.0,7816.2,7817.2
1748270271806.0,7816.5,7817.5
1748270272003.0,7816.7,7817.7
1748270272204.0,7816.2,7817.2
1748270272474.0,7816.5,7817.5
1748270272673.0,7816.2,7817.2
1748270273266.0,7816.5,7817.5
1748270273466.0,7816.2,7817.2
1748270277403.0,7816.0,7817.0
1748270277602.0,7815.7,7816.7
1748270280193.0,7815.5,7816.5
1748270280388.0,7815.7,7816.7
1748270282078.0,7816.0,7817.0
1748270282276.0,7816.7,7817.7
1748270283555.0,7817.0,7818.0
1748270287460.0,7816.7,7817.7
1748270287658,,
1748270287915.0,7816.5,7817.5
1748270288104.0,7816.2,7817.2
1748270289596.0,7816.5,7817.5
1748270291064.0,7816.7,7817.7
1748270291265.0,7816.5,7817.5
1748270298014.0,7816.7,7817.7
1748270298437.0,7816.7,7817.7
1748270302293.0,7816.5,7817.5
1748270302762.0,7816.7,7817.7
1748270305743.0,7816.5,7817.5
1748270305942.0,7816.7,7817.7
1748270307969,,
1748270308372.0,7816.2,7817.2
1748270313430.0,7816.5,7817.5
1748270314815.0,7816.2,7817.2
1748270317859.0,7816.0,7817.0
1748270318056.0,7816.2,7817.2
1748270327669.0,7816.0,7817.0
1748270329432.0,7816.2,7817.2
1748270329628,,
1748270333518.0,7816.5,7817.5
1748270342649.0,7815.2,7816.2
1748270343170.0,7815.5,7816.5
1748270343366,,
1748270344811.0,7815.2,7816.2
1748270345227.0,7815.7,7816.7
1748270347333.0,7816.0,7817.0
1748270347517.0,7816.2,7817.2
1748270359999,,
1748270365042.0,7816.0,7817.0
1748270365237.0,7816.2,7817.2
1748270366315.0,7816.5,7817.5
1748270366512.0,7816.2,7817.2
1748270369234.0,7816.0,7817.0
1748270369633.0,7816.2,7817.2
1748270370712.0,7816.0,7817.0
1748270370911.0,7815.7,7816.7
1748270371112.0,7816.2,7817.2
1748270371509,,
1748270373199.0,7816.0,7817.0
1748270373397.0,7815.7,7816.7
1748270380381.0,7815.5,7816.5
1748270380578.0,7815.7,7816.7
1748270398374.0,7816.0,7817.0
1748270398571.0,7816.2,7817.2
1748270400018.0,7815.7,7816.7
1748270400776.0,7815.2,7816.2
1748270401298.0,7815.7,7816.7
1748270403094.0,7815.2,7816.2
1748270404440.0,7815.2,7816.2
1748270405394.0,7815.5,7816.5
1748270405590.0,7815.7,7816.7
1748270407244.0,7815.7,7816.7
1748270409534.0,7816.0,7817.0
1748270409734.0,7816.5,7817.5
1748270410866.0,7816.5,7817.5
1748270411822.0,7816.7,7817.7
1748270419781.0,7816.2,7817.2
1748270421112.0,7816.0,7817.0
1748270421310.0,7816.2,7817.2
1748270422430.0,7816.0,7817.0
1748270422631.0,7815.7,7816.7
1748270425293.0,7815.5,7816.5
1748270425491.0,7815.7,7816.7
1748270431857.0,7816.0,7817.0
1748270432067.0,7816.2,7817.2
1748270432471.0,7816.2,7817.2
1748270433942.0,7816.5,7817.5
1748270434141.0,7816.7,7817.7
1748270460548.0,7817.2,7818.2
1748270461102.0,7817.0,7818.0
1748270470136.0,7816.7,7817.7
1748270470534.0,7816.7,7817.7
1748270472569.0,7817.0,7818.0
1748270472763.0,7817.2,7818.2
1748270473451.0,7817.5,7818.5
1748270476655.0,7817.7,7818.7
1748270476856.0,7818.2,7819.2
1748270478755.0,7818.5,7819.5
1748270487146.0,7819.5,7820.5
1748270487345.0,7819.2,7820.2
1748270487844.0,7819.5,7820.5
1748270488043.0,7819.7,7820.7
1748270489791,,
1748270489988.0,7820.0,7821.0
1748270490190.0,7820.2,7821.2
1748270490516.0,7820.0,7821.0
1748270491071.0,7820.2,7821.2
1748270491369.0,7820.0,7821.0
1748270491933.0,7820.2,7821.2
1748270494630.0,7820.0,7821.0
1748270497083.0,7819.7,7820.7
1748270497281.0,7819.2,7820.2
1748270498589.0,7819.5,7820.5
1748270500061.0,7819.7,7820.7
1748270500257,,
1748270504598.0,7819.5,7820.5
1748270504798.0,7819.7,7820.7
1748270504997.0,7819.5,7820.5
1748270505309.0,7819.7,7820.7
1748270505511.0,7818.5,7819.5
1748270505940.0,7818.5,7819.5
1748270506334.0,7818.7,7819.7
1748270507492.0,7819.0,7820.0
1748270508640.0,7819.2,7820.2
1748270508839,,
1748270515381.0,7819.5,7820.5
1748270515577.0,7819.7,7820.7
1748270517670.0,7819.5,7820.5
1748270517867.0,7819.7,7820.7
1748270518067.0,7819.5,7820.5
1748270520013.0,7819.7,7820.7
1748270522714.0,7819.5,7820.5
1748270522911.0,7819.7,7820.7
1748270533352.0,7820.0,7821.0
1748270533547.0,7820.2,7821.2
1748270535547,,
1748270540692.0,7820.5,7821.5
1748270540907.0,7820.2,7821.2
1748270541854.0,7820.7,7821.7
1748270543722.0,7820.2,7821.2
1748270545953,,
1748270549068.0,7820.5,7821.5
1748270549468.0,7820.7,7821.7
1748270550092.0,7820.7,7821.7
1748270553112,,
1748270553508,,
1748270556051.0,7820.5,7821.5
1748270556249.0,7820.2,7821.2
1748270557490.0,7820.0,7821.0
1748270557687.0,7819.7,7820.7
1748270558481.0,7819.5,7820.5
1748270559518,,
1748270559931.0,7820.0,7821.0
1748270560133.0,7819.7,7820.7
1748270572109.0,7820.0,7821.0
1748270572308.0,7820.2,7821.2
1748270575777.0,7820.0,7821.0
1748270579351.0,7820.5,7821.5
1748270579551.0,7819.7,7820.7
1748270580909.0,7819.5,7820.5
1748270581109.0,7819.7,7820.7
1748270581345.0,7819.5,7820.5
1748270584869.0,7819.7,7820.7
1748270585365.0,7820.0,7821.0
1748270586252.0,7820.2,7821.2
1748270587811.0,7820.0,7821.0
1748270588010.0,7820.2,7821.2
1748270588692.0,7820.7,7821.7
1748270595593.0,7820.5,7821.5
1748270595792.0,7820.2,7821.2
1748270600202.0,7820.0,7821.0
1748270600400.0,7820.2,7821.2
1748270613427.0,7820.5,7821.5
1748270613627.0,7819.7,7820.7
1748270616361.0,7820.2,7821.2
1748270617368.0,7820.5,7821.5
1748270617568.0,7819.7,7820.7
1748270621424.0,7820.2,7821.2
1748270626020.0,7819.7,7820.7
1748270633725.0,7819.5,7820.5
1748270634123.0,7819.7,7820.7
1748270640224.0,7820.0,7821.0
1748270640623.0,7819.7,7820.7
1748270641519.0,7820.0,7821.0
1748270641919.0,7819.7,7820.7
1748270646085.0,7820.0,7821.0
1748270646281.0,7819.7,7820.7
1748270650129.0,7819.7,7820.7
1748270651133.0,7819.7,7820.7
1748270654018.0,7819.5,7820.5
1748270654416.0,7819.7,7820.7
1748270655936.0,7819.5,7820.5
1748270656136.0,7819.2,7820.2
1748270660408.0,7819.5,7820.5
1748270661863.0,7819.2,7820.2
1748270669378.0,7819.0,7820.0
1748270671573.0,7818.5,7819.5
1748270671771.0,7819.0,7820.0
1748270673620.0,7819.2,7820.2
1748270673817,,
1748270678270.0,7819.5,7820.5
1748270679872.0,7819.2,7820.2
1748270680683.0,7819.5,7820.5
1748270681346,,
1748270682979.0,7820.0,7821.0
1748270683175.0,7820.2,7821.2
1748270684216.0,7820.5,7821.5
1748270684415.0,7820.7,7821.7
1748270691662.0,7820.5,7821.5
1748270691860.0,7820.7,7821.7
1748270700230.0,7821.0,7822.0
1748270700437.0,7820.7,7821.7
1748270700632.0,7820.5,7821.5
1748270700871.0,7820.7,7821.7
1748270701900.0,7821.0,7822.0
1748270702096.0,7820.7,7821.7
1748270702317.0,7821.0,7822.0
1748270702517.0,7821.2,7822.2
1748270702923.0,7821.5,7822.5
1748270703122,,
1748270703325.0,7821.2,7822.2
1748270705281.0,7821.0,7822.0
1748270705905.0,7821.2,7822.2
1748270706306.0,7821.0,7822.0
1748270709470.0,7821.2,7822.2
1748270709668.0,7821.0,7822.0
1748270712389.0,7820.7,7821.7
1748270712788.0,7819.7,7820.7
1748270717461.0,7819.5,7820.5
1748270719891,,
1748270720092.0,7819.2,7820.2
1748270720291.0,7818.7,7819.7
1748270720818.0,7819.0,7820.0
1748270721019.0,7818.7,7819.7
1748270723950.0,7819.0,7820.0
1748270724897.0,7818.7,7819.7
1748270726189.0,7819.0,7820.0
1748270726589.0,7818.7,7819.7
1748270729213.0,7819.0,7820.0
1748270729411.0,7818.7,7819.7
1748270731556.0,7819.0,7820.0
1748270731956.0,7818.7,7819.7
1748270734946.0,7819.0,7820.0
1748270735144.0,7818.7,7819.7
1748270735898.0,7819.0,7820.0
1748270736095.0,7819.7,7820.7
1748270736293.0,7819.5,7820.5
1748270736737.0,7819.5,7820.5
1748270737136.0,7819.2,7820.2
1748270739191.0,7819.7,7820.7
1748270742050.0,7820.0,7821.0
1748270742258.0,7820.2,7821.2
1748270743191.0,7820.0,7821.0
1748270743388.0,7820.2,7821.2
1748270743589.0,7819.7,7820.7
1748270744716.0,7820.0,7821.0
1748270744916.0,7820.2,7821.2
1748270745762.0,7820.0,7821.0
1748270745958.0,7820.2,7821.2
1748270748936.0,7820.0,7821.0
1748270749555.0,7820.2,7821.2
1748270762152.0,7820.0,7821.0
1748270762351.0,7820.2,7821.2
1748270765254.0,7820.2,7821.2
1748270770286.0,7820.0,7821.0
1748270770484.0,7819.7,7820.7
1748270786627.0,7819.7,7820.7
1748270793450.0,7820.0,7821.0
1748270793650.0,7819.7,7820.7
1748270794723.0,7820.0,7821.0
1748270794920.0,7820.2,7821.2
1748270802441.0,7820.0,7821.0
1748270802639.0,7820.2,7821.2
1748270805785.0,7820.5,7821.5
1748270806185.0,7821.5,7822.5
1748270806494.0,7821.2,7822.2
1748270810002.0,7821.0,7822.0
1748270810199.0,7821.2,7822.2
1748270817384.0,7821.0,7822.0
1748270817582.0,7821.2,7822.2
1748270830696.0,7821.7,7822.7
1748270831145.0,7822.0,7823.0
1748270831345.0,7822.2,7823.2
1748270831545.0,7822.5,7823.5
1748270832231.0,7822.0,7823.0
1748270832429.0,7821.7,7822.7
1748270857694.0,7821.5,7822.5
1748270857889,,
1748270858711.0,7821.7,7822.7
1748270859539.0,7821.5,7822.5
1748270859736,,
1748270863676,,
1748270864091.0,7821.2,7822.2
1748270864288,,
1748270868157.0,7820.5,7821.5
1748270868357.0,7820.2,7821.2
1748270869197.0,7820.5,7821.5
1748270869395.0,7820.7,7821.7
1748270881777.0,7820.7,7821.7
1748270890391.0,7820.5,7821.5
1748270890589.0,7820.2,7821.2
1748270890912.0,7820.5,7821.5
1748270893291.0,7820.2,7821.2
1748270893916.0,7820.2,7821.2
1748270895140,,
1748270901782.0,7820.0,7821.0
1748270901979.0,7820.2,7821.2
1748270903414.0,7820.0,7821.0
1748270903612.0,7819.7,7820.7
1748270905151,,
1748270906856.0,7820.0,7821.0
1748270907051.0,7820.2,7821.2
1748270907802.0,7819.7,7820.7
1748270913084.0,7820.0,7821.0
1748270913282.0,7819.7,7820.7
1748270915153,,
1748270916609,,
1748270917993.0,7819.2,7820.2
1748270918982.0,7819.5,7820.5
1748270919180.0,7819.7,7820.7
1748270920920.0,7819.2,7820.2
1748270921598.0,7819.5,7820.5
1748270921863.0,7819.2,7820.2
1748270922824.0,7818.7,7819.7
1748270923030.0,7818.5,7819.5
1748270923430.0,7818.7,7819.7
1748270923897.0,7818.2,7819.2
1748270924760.0,7818.5,7819.5
1748270924959.0,7818.7,7819.7
1748270925801.0,7818.5,7819.5
1748270926563.0,7818.7,7819.7
1748270926762.0,7818.2,7819.2
1748270926962.0,7818.0,7819.0
1748270927309.0,7817.7,7818.7
1748270932225.0,7817.5,7818.5
1748270933185,,
1748270933285.0,7817.2,7818.2
1748270933391.0,7817.7,7818.7
1748270940673.0,7818.2,7819.2
1748270943624.0,7818.2,7819.2
1748270946642.0,7818.5,7819.5
1748270946841.0,7818.7,7819.7
1748270947137.0,7818.5,7819.5
1748270947337.0,7818.7,7819.7
1748270953097.0,7819.0,7820.0
1748270953296.0,7818.7,7819.7
1748270958592.0,7819.0,7820.0
1748270958792.0,7818.7,7819.7
1748270961358.0,7819.0,7820.0
1748270961758.0,7818.7,7819.7
1748270965004.0,7818.5,7819.5
1748270965199.0,7818.7,7819.7
1748270973230.0,7819.0,7820.0
1748270973427.0,7818.7,7819.7
1748270975038.0,7818.5,7819.5
1748270975236.0,7818.7,7819.7
1748270976186.0,7818.5,7819.5
1748270976816.0,7818.7,7819.7
1748270981341.0,7818.2,7819.2
1748270982635.0,7818.5,7819.5
1748270983034.0,7818.7,7819.7
1748270986351.0,7818.5,7819.5
1748270986549.0,7818.2,7819.2
1748270991569.0,7818.2,7819.2
1748270994810.0,7818.0,7819.0
1748270995209.0,7817.7,7818.7
1748270996050,,
1748270997125.0,7817.2,7818.2
1748270998848.0,7817.5,7818.5
1748270999323.0,7817.2,7818.2
1748271011512.0,7817.5,7818.5
1748271011710.0,7817.7,7818.7
1748271012362,,
1748271046209.0,7818.0,7819.0
1748271046407.0,7817.7,7818.7
1748271047032.0,7817.5,7818.5
1748271047758,,
1748271050035.0,7817.5,7818.5
1748271050902.0,7817.7,7818.7
1748271053165.0,7817.5,7818.5
1748271053365.0,7816.2,7817.2
1748271054490.0,7816.7,7817.7
1748271056364.0,7817.0,7818.0
1748271056562.0,7816.7,7817.7
1748271057511,,
1748271058052.0,7816.7,7817.7
1748271059210.0,7817.0,7818.0
1748271059408.0,7816.7,7817.7
1748271064397.0,7816.5,7817.5
1748271064595.0,7816.7,7817.7
1748271066749.0,7817.0,7818.0
1748271070148,,
1748271070349.0,7816.7,7817.7
1748271071493.0,7817.2,7818.2
1748271075487.0,7817.0,7818.0
1748271075687.0,7816.7,7817.7
1748271076502.0,7817.2,7818.2
1748271080424.0,7817.5,7818.5
1748271081400.0,7817.7,7818.7
1748271081599,,
1748271082663.0,7818.0,7819.0
1748271082861.0,7817.7,7818.7
1748271084982.0,7817.7,7818.7
1748271086197.0,7818.0,7819.0
1748271086395.0,7818.2,7819.2
1748271087546.0,7817.7,7818.7
1748271088778.0,7818.0,7819.0
1748271088978.0,7818.2,7819.2
1748271092261.0,7817.7,7818.7
1748271092460.0,7817.2,7818.2
1748271093363.0,7817.5,7818.5
1748271093969.0,7817.2,7818.2
1748271095194.0,7817.5,7818.5
1748271096167.0,7817.7,7818.7
1748271105391.0,7817.5,7818.5
1748271105586.0,7817.2,7818.2
1748271108623.0,7817.7,7818.7
1748271109173.0,7817.2,7818.2
1748271110236.0,7817.5,7818.5
1748271110436.0,7817.7,7818.7
1748271114605.0,7817.2,7818.2
1748271115544.0,7817.5,7818.5
1748271119278.0,7817.7,7818.7
1748271119475.0,7817.2,7818.2
1748271120627.0,7817.5,7818.5
1748271121219.0,7817.2,7818.2
1748271122837.0,7817.5,7818.5
1748271125777.0,7817.2,7818.2
1748271127236.0,7817.5,7818.5
1748271127430.0,7817.7,7818.7
1748271131184.0,7817.5,7818.5
1748271131383.0,7817.2,7818.2
1748271132906.0,7817.5,7818.5
1748271133105.0,7817.7,7818.7
1748271133518.0,7817.5,7818.5
1748271135227.0,7817.7,7818.7
1748271135426.0,7817.5,7818.5
1748271137901.0,7817.7,7818.7
1748271138133.0,7818.0,7819.0
1748271138331.0,7818.7,7819.7
1748271138809.0,7819.0,7820.0
1748271139010.0,7818.7,7819.7
1748271140656.0,7819.0,7820.0
1748271143164,,
1748271143364.0,7818.7,7819.7
1748271144097.0,7819.0,7820.0
1748271144295.0,7818.7,7819.7
1748271144495.0,7819.0,7820.0
1748271144714.0,7819.2,7820.2
1748271146212.0,7819.0,7820.0
1748271146412.0,7818.7,7819.7
1748271146861.0,7819.0,7820.0
1748271147075.0,7818.7,7819.7
1748271149230.0,7819.0,7820.0
1748271149430.0,7818.7,7819.7
1748271149630.0,7819.0,7820.0
1748271149828.0,7818.7,7819.7
1748271157425.0,7819.0,7820.0
1748271157621.0,7818.7,7819.7
1748271159927.0,7819.0,7820.0
1748271160127.0,7818.7,7819.7
1748271160430.0,7819.0,7820.0
1748271160907.0,7818.7,7819.7
1748271163305.0,7819.0,7820.0
1748271163507.0,7819.2,7820.2
1748271171316.0,7819.0,7820.0
1748271171518.0,7819.2,7820.2
1748271172678.0,7819.5,7820.5
1748271172876.0,7819.2,7820.2
1748271183636.0,7819.0,7820.0
1748271183832.0,7818.7,7819.7
1748271184050.0,7818.5,7819.5
1748271184247.0,7818.7,7819.7
1748271185421.0,7818.5,7819.5
1748271185622.0,7818.2,7819.2
1748271185820.0,7818.7,7819.7
1748271187624.0,7818.5,7819.5
1748271187823.0,7818.2,7819.2
1748271205425.0,7818.5,7819.5
1748271205620.0,7818.2,7819.2
1748271206024.0,7818.5,7819.5
1748271206220.0,7818.7,7819.7
1748271211266.0,7818.5,7819.5
1748271211923.0,7818.7,7819.7
1748271212119,,
1748271214050.0,7819.0,7820.0
1748271214247.0,7820.0,7821.0
1748271214450.0,7819.7,7820.7
1748271216152.0,7819.5,7820.5
1748271216352.0,7819.0,7820.0
1748271216940.0,7818.7,7819.7
1748271217139.0,7819.0,7820.0
1748271217336.0,7818.7,7819.7
1748271220780.0,7819.0,7820.0
1748271220978.0,7819.2,7820.2
1748271222399.0,7819.5,7820.5
1748271222997.0,7819.7,7820.7
1748271225059.0,7819.5,7820.5
1748271226998.0,7819.7,7820.7
1748271229614.0,7820.0,7821.0
1748271229813.0,7819.7,7820.7
1748271237587.0,7820.0,7821.0
1748271238405.0,7819.7,7820.7
1748271245229.0,7820.0,7821.0
1748271251151.0,7819.7,7820.7
1748271251349.0,7820.2,7821.2
1748271252168.0,7820.5,7821.5
1748271252366.0,7820.2,7821.2
1748271254290.0,7820.0,7821.0
1748271254490.0,7819.7,7820.7
1748271259424.0,7820.0,7821.0
1748271259625.0,7819.7,7820.7
1748271260022.0,7819.5,7820.5
1748271260223.0,7819.2,7820.2
1748271261004.0,7819.5,7820.5
1748271261941.0,7819.2,7820.2
1748271270343.0,7819.5,7820.5
1748271270764.0,7819.7,7820.7
1748271271162.0,7819.5,7820.5
1748271271645.0,7819.7,7820.7
1748271273587.0,7819.5,7820.5
1748271273783,,
1748271276891.0,7819.2,7820.2
1748271279641.0,7819.5,7820.5
1748271280853.0,7819.7,7820.7
1748271284691.0,7819.5,7820.5
1748271284900.0,7819.0,7820.0
1748271285428.0,7819.2,7820.2
1748271288374.0,7819.5,7820.5
1748271288569.0,7819.2,7820.2
1748271289432.0,7819.5,7820.5
1748271289628.0,7819.2,7820.2
1748271289869.0,7819.5,7820.5
1748271290160.0,7819.2,7820.2
1748271290833.0,7819.5,7820.5
1748271291232.0,7819.7,7820.7
1748271292085.0,7819.5,7820.5
1748271292800.0,7819.2,7820.2
1748271295105.0,7819.5,7820.5
1748271295311.0,7819.7,7820.7
1748271303592.0,7819.5,7820.5
1748271303787.0,7819.7,7820.7
1748271304597.0,7819.5,7820.5
1748271304795.0,7819.2,7820.2
1748271305513.0,7819.5,7820.5
1748271307386.0,7819.2,7820.2
1748271307787.0,7819.5,7820.5
1748271308046.0,7819.2,7820.2
1748271309710.0,7819.5,7820.5
1748271309906.0,7819.2,7820.2
1748271316756.0,7819.5,7820.5
1748271316955.0,7819.7,7820.7
1748271323628.0,7820.0,7821.0
1748271323826.0,7819.7,7820.7
1748271333428.0,7820.0,7821.0
1748271334031.0,7820.2,7821.2
1748271334777.0,7820.5,7821.5
1748271335176.0,7820.7,7821.7
1748271342159.0,7821.0,7822.0
1748271342353.0,7820.7,7821.7
1748271343705.0,7820.7,7821.7
1748271344185.0,7821.0,7822.0
1748271344386.0,7820.7,7821.7
1748271344589.0,7821.0,7822.0
1748271344787.0,7820.7,7821.7
1748271345338.0,7821.0,7822.0
1748271346339.0,7820.7,7821.7
1748271351726.0,7821.0,7822.0
1748271351925.0,7820.7,7821.7
1748271352126.0,7821.2,7822.2
1748271353864.0,7821.0,7822.0
1748271354063.0,7820.7,7821.7
1748271357437.0,7821.0,7822.0
1748271357635.0,7820.7,7821.7
1748271362509.0,7820.5,7821.5
1748271362705.0,7820.7,7821.7
1748271362951.0,7820.5,7821.5
1748271363363.0,7820.7,7821.7
1748271364445,,
1748271367331.0,7820.5,7821.5
1748271367733.0,7819.7,7820.7
1748271368455.0,7820.0,7821.0
1748271368653.0,7819.7,7820.7
1748271368942.0,7819.5,7820.5
1748271369142.0,7819.7,7820.7
1748271370417.0,7820.0,7821.0
1748271370620.0,7820.2,7821.2
1748271370887.0,7820.0,7821.0
1748271371436.0,7819.7,7820.7
1748271371942.0,7820.0,7821.0
1748271372140.0,7820.2,7821.2
1748271374198.0,7820.5,7821.5
1748271374399.0,7820.7,7821.7
1748271375869.0,7821.0,7822.0
1748271376072.0,7820.7,7821.7
1748271388468.0,7820.5,7821.5
1748271388666.0,7820.7,7821.7
1748271397873.0,7821.0,7822.0
1748271398070.0,7820.7,7821.7
1748271404836.0,7821.0,7822.0
1748271405034.0,7820.7,7821.7
1748271407549,,
1748271408161.0,7821.0,7822.0
1748271411013.0,7820.7,7821.7
1748271414930.0,7821.0,7822.0
1748271416087.0,7820.7,7821.7
1748271419588.0,7820.5,7821.5
1748271419789.0,7820.7,7821.7
1748271425231.0,7821.0,7822.0
1748271425428.0,7820.7,7821.7
1748271431121.0,7821.0,7822.0
1748271431312.0,7820.7,7821.7
1748271431511.0,7821.2,7822.2
1748271431915,,
1748271433167.0,7821.7,7822.7
1748271437409.0,7822.0,7823.0
1748271444752,,
1748271453123.0,7822.2,7823.2
1748271453321.0,7822.5,7823.5
1748271453521.0,7822.7,7823.7
1748271453953.0,7822.5,7823.5
1748271455280.0,7822.7,7823.7
1748271458168.0,7822.5,7823.5
1748271459211.0,7822.7,7823.7
1748271460848.0,7822.5,7823.5
1748271461044,,
1748271461920.0,7822.7,7823.7
1748271462116,,
1748271464617.0,7822.5,7823.5
1748271466813.0,7822.7,7823.7
1748271469022.0,7822.5,7823.5
1748271472128,,
1748271475678.0,7822.2,7823.2
1748271475875,,
1748271476074.0,7822.5,7823.5
1748271478331.0,7822.2,7823.2
1748271478528,,
1748271478975.0,7822.5,7823.5
1748271479420.0,7822.2,7823.2
1748271482130.0,7822.5,7823.5
1748271482327.0,7822.2,7823.2
1748271485147.0,7822.5,7823.5
1748271485345.0,7822.0,7823.0
1748271485580.0,7822.2,7823.2
1748271485978.0,7822.0,7823.0
1748271489648,,
1748271489847.0,7821.7,7822.7
1748271491835.0,7822.0,7823.0
1748271492033.0,7822.2,7823.2
1748271492383.0,7822.0,7823.0
1748271492581.0,7821.7,7822.7
1748271495663.0,7822.0,7823.0
1748271495864.0,7821.7,7822.7
1748271498628.0,7822.0,7823.0
1748271499717.0,7822.2,7823.2
1748271499914,,
1748271506341.0,7822.0,7823.0
1748271506755.0,7822.2,7823.2
1748271506956,,
1748271511335.0,7822.0,7823.0
1748271516580.0,7822.2,7823.2
1748271520424.0,7822.5,7823.5
1748271520619.0,7822.7,7823.7
1748271525309.0,7822.5,7823.5
1748271527888,,
1748271529734,,
1748271529932.0,7822.2,7823.2
1748271531161.0,7822.5,7823.5
1748271531358,,
1748271531559.0,7822.2,7823.2
1748271537109,,
1748271541171.0,7822.0,7823.0
1748271541367.0,7821.7,7822.7
1748271567681.0,7822.0,7823.0
1748271567877.0,7822.2,7823.2
1748271569409.0,7822.5,7823.5
1748271569605.0,7822.2,7823.2
1748271569980.0,7822.0,7823.0
1748271570809.0,7822.2,7823.2
1748271573429.0,7822.5,7823.5
1748271575630.0,7822.2,7823.2
1748271575831.0,7822.7,7823.7
1748271580296.0,7822.5,7823.5
1748271580492,,
1748271580694.0,7822.2,7823.2
1748271582001.0,7822.5,7823.5
1748271585449.0,7822.2,7823.2
1748271587424.0,7822.5,7823.5
1748271588158.0,7822.7,7823.7
1748271588354,,
1748271591689.0,7822.5,7823.5
1748271592087.0,7822.2,7823.2
1748271595844.0,7822.0,7823.0
1748271596040.0,7821.7,7822.7
1748271597404.0,7822.0,7823.0
1748271599316.0,7822.2,7823.2
1748271600013.0,7822.5,7823.5
1748271600719.0,7822.3,7823.3
1748271600919.0,7822.5,7823.5
1748271601390.0,7822.3,7823.3
1748271601588.0,7822.5,7823.5
1748271602130.0,7822.3,7823.3
1748271604060.0,7822.0,7823.0
1748271604257.0,7821.5,7822.5
1748271606042.0,7821.3,7822.3
1748271606440.0,7821.0,7822.0
1748271606721.0,7821.3,7822.3
1748271606922.0,7821.5,7822.5
1748271608618.0,7821.8,7822.8
1748271608820.0,7822.3,7823.3
1748271609094.0,7822.0,7823.0
1748271609295.0,7822.3,7823.3
1748271610141.0,7822.0,7823.0
1748271610568.0,7821.8,7822.8
1748271610767.0,7821.5,7822.5
1748271612479.0,7821.8,7822.8
1748271613167.0,7822.0,7823.0
1748271613365,,
1748271614239.0,7821.5,7822.5
1748271614750.0,7821.8,7822.8
1748271614950.0,7822.0,7823.0
1748271615527.0,7822.3,7823.3
1748271616033.0,7822.0,7823.0
1748271616435.0,7821.8,7822.8
1748271617059.0,7821.5,7822.5
1748271617457.0,7822.0,7823.0
1748271618240.0,7821.5,7822.5
1748271623416.0,7821.8,7822.8
1748271623615.0,7821.5,7822.5
1748271624029.0,7822.0,7823.0
1748271624994.0,7821.8,7822.8
1748271625184.0,7822.0,7823.0
1748271625382.0,7821.5,7822.5
1748271626746.0,7822.8,7823.8
1748271626944.0,7821.5,7822.5
1748271627344.0,7821.3,7822.3
1748271627574.0,7821.5,7822.5
1748271627772,,
1748271629062.0,7821.8,7822.8
1748271629261.0,7821.5,7822.5
1748271629939,,
1748271633085.0,7821.8,7822.8
1748271633280.0,7821.5,7822.5
1748271634041.0,7821.3,7822.3
1748271634440.0,7821.5,7822.5
1748271635320.0,7820.8,7821.8
1748271638009.0,7820.5,7821.5
1748271638206.0,7820.8,7821.8
1748271640040.0,7820.5,7821.5
1748271646042.0,7820.3,7821.3
1748271646239.0,7820.5,7821.5
1748271650826.0,7820.8,7821.8
1748271659224,,
1748271659838.0,7821.3,7822.3
1748271660235.0,7821.0,7822.0
1748271661600.0,7821.0,7822.0
1748271661801.0,7821.3,7822.3
1748271662001.0,7821.0,7822.0
1748271662337.0,7821.3,7822.3
1748271666689.0,7821.0,7822.0
1748271666888.0,7820.8,7821.8
1748271668832.0,7820.5,7821.5
1748271669035.0,7819.3,7820.3
1748271669231.0,7819.0,7820.0
1748271670150,,
1748271670835,,
1748271671029.0,7818.8,7819.8
1748271671994.0,7818.0,7819.0
1748271672933.0,7818.3,7819.3
1748271673123.0,7818.5,7819.5
1748271673357.0,7818.8,7819.8
1748271673554.0,7818.5,7819.5
1748271673785.0,7818.8,7819.8
1748271673984.0,7819.0,7820.0
1748271674387.0,7819.3,7820.3
1748271675782.0,7819.5,7820.5
1748271675982.0,7819.0,7820.0
1748271685189.0,7819.3,7820.3
1748271685385.0,7819.5,7820.5
1748271688103.0,7819.3,7820.3
1748271688598.0,7819.5,7820.5
1748271691627.0,7819.3,7820.3
1748271692080.0,7819.0,7820.0
1748271692281.0,7819.5,7820.5
1748271693130.0,7819.8,7820.8
1748271693527.0,7820.0,7821.0
1748271694461.0,7819.8,7820.8
1748271694659.0,7820.0,7821.0
1748271695800.0,7819.8,7820.8
1748271697137.0,7820.0,7821.0
1748271697537.0,7819.8,7820.8
1748271699041.0,7819.5,7820.5
1748271699240,,
1748271701055.0,7819.0,7820.0
1748271707534.0,7818.8,7819.8
1748271708036.0,7819.0,7820.0
1748271708230.0,7818.8,7819.8
1748271715042.0,7818.5,7819.5
1748271715240.0,7818.0,7819.0
1748271716126.0,7817.8,7818.8
1748271716623.0,7818.0,7819.0
1748271717024.0,7817.8,7818.8
1748271718155.0,7818.0,7819.0
1748271719447.0,7817.8,7818.8
1748271720037.0,7818.0,7819.0
1748271720234.0,7818.5,7819.5
1748271721409.0,7818.3,7819.3
1748271721953.0,7818.5,7819.5
1748271722151,,
1748271734965.0,7818.3,7819.3
1748271738389.0,7818.5,7819.5
1748271739243.0,7818.5,7819.5
1748271739630.0,7818.3,7819.3
1748271740031.0,7818.0,7819.0
1748271740227.0,7818.3,7819.3
1748271742353.0,7818.0,7819.0
1748271742864.0,7817.3,7818.3
1748271743263.0,7814.5,7815.5
1748271743462.0,7814.8,7815.8
1748271743662.0,7815.0,7816.0
1748271743871.0,7814.8,7815.8
1748271744269.0,7815.5,7816.5
1748271744875.0,7815.3,7816.3
1748271745076.0,7816.0,7817.0
1748271745871.0,7815.8,7816.8
1748271746070.0,7815.5,7816.5
1748271746415.0,7815.8,7816.8
1748271746617.0,7816.0,7817.0
1748271746818.0,7815.5,7816.5
1748271759917.0,7815.3,7816.3
1748271760113.0,7815.5,7816.5
1748271760317.0,7816.0,7817.0
1748271760517.0,7816.3,7817.3
1748271761038.0,7816.0,7817.0
1748271761238,,
1748271770046.0,7815.8,7816.8
1748271770241.0,7816.0,7817.0
1748271779043.0,7815.8,7816.8
1748271779241.0,7815.0,7816.0
1748271780253.0,7815.3,7816.3
1748271781457.0,7815.0,7816.0
1748271784771,,
1748271788112.0,7814.8,7815.8
1748271788622.0,7815.0,7816.0
1748271789409.0,7814.8,7815.8
1748271789608.0,7814.5,7815.5
1748271790169.0,7814.8,7815.8
1748271790379.0,7815.0,7816.0
1748271796036.0,7815.3,7816.3
1748271796238.0,7816.0,7817.0
1748271800040.0,7815.8,7816.8
1748271800239.0,7815.5,7816.5
1748271802251.0,7815.8,7816.8
1748271802756.0,7815.5,7816.5
1748271804912.0,7815.8,7816.8
1748271806665.0,7815.5,7816.5
1748271807634.0,7815.3,7816.3
1748271808869.0,7815.0,7816.0
1748271809065.0,7814.5,7815.5
1748271809668.0,7814.8,7815.8
1748271809867.0,7815.0,7816.0
1748271810067.0,7814.5,7815.5
1748271810267.0,7814.3,7815.3
1748271811940.0,7814.0,7815.0
1748271812137,,
1748271814831.0,7814.3,7815.3
1748271816065.0,7814.5,7815.5
1748271816257,,
1748271817140.0,7814.8,7815.8
1748271817336.0,7815.0,7816.0
1748271821974.0,7815.3,7816.3
1748271822174.0,7815.5,7816.5
1748271823042.0,7815.3,7816.3
1748271823442.0,7815.5,7816.5
1748271825958.0,7815.3,7816.3
1748271826404.0,7815.5,7816.5
1748271829942.0,7815.3,7816.3
1748271830141.0,7815.0,7816.0
1748271831497.0,7814.8,7815.8
1748271831698.0,7814.5,7815.5
1748271832098.0,7814.8,7815.8
1748271832408.0,7815.0,7816.0
1748271836045.0,7814.8,7815.8
1748271836241.0,7814.3,7815.3
1748271836588.0,7814.5,7815.5
1748271837601.0,7814.3,7815.3
1748271837801.0,7814.0,7815.0
1748271842733.0,7813.8,7814.8
1748271843364.0,7814.0,7815.0
1748271850483.0,7813.8,7814.8
1748271852517.0,7813.5,7814.5
1748271852714.0,7813.8,7814.8
1748271858241.0,7813.0,7814.0
1748271859522.0,7813.3,7814.3
1748271859723.0,7813.5,7814.5
1748271860996.0,7813.3,7814.3
1748271861195.0,7813.5,7814.5
1748271863515.0,7813.8,7814.8
1748271870094,,
1748271874364.0,7814.0,7815.0
1748271874560.0,7814.5,7815.5
1748271878034.0,7814.8,7815.8
1748271879581,,
1748271880029.0,7815.0,7816.0
1748271882458.0,7814.8,7815.8
1748271882658.0,7814.5,7815.5
1748271884043.0,7814.3,7815.3
1748271884241.0,7814.0,7815.0
1748271884441.0,7814.3,7815.3
1748271884640.0,7814.0,7815.0
1748271885252.0,7814.3,7815.3
1748271885491.0,7814.0,7815.0
1748271885684,,
1748271886084.0,7813.8,7814.8
1748271886283.0,7814.0,7815.0
1748271886484.0,7813.8,7814.8
1748271886683.0,7814.0,7815.0
1748271891736.0,7814.3,7815.3
1748271891938.0,7814.0,7815.0
1748271893025.0,7814.3,7815.3
1748271893553.0,7814.5,7815.5
1748271894959.0,7814.3,7815.3
1748271895158.0,7814.0,7815.0
1748271901046.0,7813.8,7814.8
1748271901241.0,7813.5,7814.5
1748271901739.0,7813.3,7814.3
1748271901933.0,7813.5,7814.5
1748271902269.0,7813.3,7814.3
1748271902916.0,7813.0,7814.0
1748271903951.0,7813.3,7814.3
1748271904148.0,7813.0,7814.0
1748271904348.0,7813.3,7814.3
1748271905973.0,7813.0,7814.0
1748271906171.0,7813.3,7814.3
1748271907117.0,7813.0,7814.0
1748271907314,,
1748271908110.0,7812.8,7813.8
1748271908306,,
1748271908692.0,7813.0,7814.0
1748271908890.0,7812.8,7813.8
1748271909295,,
1748271909496.0,7813.0,7814.0
1748271910102.0,7813.3,7814.3
1748271910302.0,7813.0,7814.0
1748271910704.0,7813.3,7814.3
1748271910901.0,7813.5,7814.5
1748271911215.0,7813.3,7814.3
1748271911414.0,7813.5,7814.5
1748271913042.0,7813.3,7814.3
1748271913240.0,7813.0,7814.0
1748271914446.0,7812.8,7813.8
1748271914642.0,7812.5,7813.5
1748271915600.0,7812.3,7813.3
1748271916052.0,7812.5,7813.5
1748271916249.0,7813.0,7814.0
1748271917465.0,7812.8,7813.8
1748271917666.0,7812.5,7813.5
1748271918222.0,7812.8,7813.8
1748271918405.0,7813.0,7814.0
1748271918985.0,7812.8,7813.8
1748271919184.0,7813.0,7814.0
1748271919522,,
1748271925729.0,7813.0,7814.0
1748271928282.0,7813.3,7814.3
1748271928480.0,7813.0,7814.0
1748271932041.0,7812.8,7813.8
1748271932239.0,7813.0,7814.0
1748271932618.0,7812.8,7813.8
1748271932817.0,7812.5,7813.5
1748271933518.0,7812.8,7813.8
1748271933718.0,7813.0,7814.0
1748271936140.0,7812.8,7813.8
1748271936338.0,7813.0,7814.0
1748271940426.0,7813.3,7814.3
1748271940625.0,7813.0,7814.0
1748271948042.0,7812.8,7813.8
1748271948241.0,7813.0,7814.0
1748271952808.0,7813.3,7814.3
1748271953005.0,7813.0,7814.0
1748271955180.0,7812.8,7813.8
1748271955889,,
1748271956088,,
1748271961687.0,7812.5,7813.5
1748271961888.0,7812.3,7813.3
1748271962808.0,7812.0,7813.0
1748271963008,,
1748271963207.0,7812.3,7813.3
1748271963426.0,7812.0,7813.0
1748271964220.0,7812.3,7813.3
1748271964420.0,7812.0,7813.0
1748271964828.0,7812.3,7813.3
1748271965209.0,7812.0,7813.0
1748271965608.0,7812.5,7813.5
1748271966041.0,7812.3,7813.3
1748271966239.0,7812.0,7813.0
1748271967386.0,7811.8,7812.8
1748271967587.0,7812.3,7813.3
1748271968037.0,7812.5,7813.5
1748271968235,,
1748271968435.0,7812.3,7813.3
1748271968635.0,7812.5,7813.5
1748271969027.0,7812.3,7813.3
1748271969227.0,7812.5,7813.5
1748271969428.0,7812.3,7813.3
1748271974709.0,7812.5,7813.5
1748271974908,,
1748271980043.0,7812.3,7813.3
1748271980241.0,7812.5,7813.5
1748271985451.0,7812.5,7813.5
1748271987222.0,7812.8,7813.8
1748271988128.0,7812.5,7813.5
1748271991156,,
1748271991358.0,7812.3,7813.3
1748271991802.0,7812.5,7813.5
1748271992755.0,7812.3,7813.3
1748271993746.0,7812.5,7813.5
1748271994146.0,7812.0,7813.0
1748271994349,,
1748271997252.0,7812.3,7813.3
1748271997452.0,7812.5,7813.5
1748271998731.0,7812.3,7813.3
1748271999130.0,7812.5,7813.5
1748272001558.0,7812.3,7813.3
1748272002056.0,7812.5,7813.5
1748272008041.0,7812.3,7813.3
1748272008241.0,7812.5,7813.5
1748272009672.0,7812.3,7813.3
1748272015679.0,7812.5,7813.5
1748272015877,,
1748272016999.0,7812.8,7813.8
1748272017194.0,7813.5,7814.5
1748272017434.0,7813.3,7814.3
1748272017631.0,7813.0,7814.0
1748272018006.0,7812.8,7813.8
1748272018205.0,7812.5,7813.5
1748272019424.0,7812.8,7813.8
1748272019625.0,7812.5,7813.5
1748272025250.0,7812.8,7813.8
1748272025446.0,7812.5,7813.5
1748272029046.0,7812.3,7813.3
1748272029240,,
1748272030096.0,7812.5,7813.5
1748272034252.0,7812.3,7813.3
1748272044040.0,7812.0,7813.0
1748272044240,,
1748272044480,,
1748272044681.0,7811.5,7812.5
1748272051440.0,7811.8,7812.8
1748272054230.0,7811.5,7812.5
1748272054427.0,7811.8,7812.8
1748272054707.0,7811.5,7812.5
1748272058261.0,7811.8,7812.8
1748272058461.0,7812.3,7813.3
1748272058659.0,7812.5,7813.5
1748272059043.0,7812.3,7813.3
1748272059442.0,7812.5,7813.5
1748272060475.0,7812.3,7813.3
1748272061527.0,7812.5,7813.5
1748272061773.0,7812.3,7813.3
1748272062348.0,7812.5,7813.5
1748272062548.0,7812.3,7813.3
1748272063516.0,7812.0,7813.0
1748272063719.0,7811.5,7812.5
1748272073672,,
1748272080332,,
1748272083435.0,7811.8,7812.8
1748272083633.0,7812.0,7813.0
1748272088041.0,7811.8,7812.8
1748272088240.0,7811.5,7812.5
1748272088640.0,7811.8,7812.8
1748272088840.0,7812.0,7813.0
1748272090205.0,7811.8,7812.8
1748272090404.0,7812.0,7813.0
1748272093047.0,7811.8,7812.8
1748272093243.0,7812.0,7813.0
1748272094334.0,7811.8,7812.8
1748272094531.0,7811.5,7812.5
1748272096991.0,7811.5,7812.5
1748272098475.0,7811.8,7812.8
1748272098674.0,7811.5,7812.5
1748272099619.0,7811.8,7812.8
1748272099818.0,7812.0,7813.0
1748272100019.0,7811.5,7812.5
1748272100217.0,7812.0,7813.0
1748272100611.0,7811.8,7812.8
1748272100810.0,7811.5,7812.5
1748272101705.0,7811.8,7812.8
1748272101905.0,7812.0,7813.0
1748272102105.0,7811.8,7812.8
1748272102597.0,7811.5,7812.5
1748272103100.0,7811.8,7812.8
1748272103664.0,7812.0,7813.0
1748272104885.0,7811.8,7812.8
1748272105082.0,7811.5,7812.5
1748272107043.0,7811.3,7812.3
1748272107442,,
1748272107642.0,7811.8,7812.8
1748272108080,,
1748272108281.0,7812.0,7813.0
1748272110544,,
1748272112389.0,7812.3,7813.3
1748272112589.0,7812.5,7813.5
1748272112790.0,7811.5,7812.5
1748272113562.0,7811.3,7812.3
1748272113758,,
1748272114939.0,7811.0,7812.0
1748272115138.0,7811.5,7812.5
1748272115571.0,7811.8,7812.8
1748272115971.0,7811.5,7812.5
1748272123932.0,7811.8,7812.8
1748272124130.0,7812.0,7813.0
1748272125072.0,7812.3,7813.3
1748272125272.0,7812.5,7813.5
1748272132837.0,7811.8,7812.8
1748272133033.0,7812.0,7813.0
1748272133236.0,7811.8,7812.8
1748272133591.0,7812.0,7813.0
1748272133790,,
1748272137987.0,7811.8,7812.8
1748272138183.0,7812.0,7813.0
1748272140041.0,7811.8,7812.8
1748272140943.0,7812.0,7813.0
1748272141540.0,7811.8,7812.8
1748272142926.0,7812.0,7813.0
1748272143326,,
1748272143683.0,7811.8,7812.8
1748272144506.0,7811.5,7812.5
1748272144704.0,7811.8,7812.8
1748272144907.0,7811.5,7812.5
1748272145227.0,7811.8,7812.8
1748272145626.0,7812.0,7813.0
1748272147335.0,7811.8,7812.8
1748272147531.0,7812.0,7813.0
1748272154046.0,7811.8,7812.8
1748272154246.0,7811.5,7812.5
1748272155512.0,7811.8,7812.8
1748272155690.0,7812.0,7813.0
1748272159789.0,7812.3,7813.3
1748272160328.0,7812.5,7813.5
1748272168040.0,7812.3,7813.3
1748272168961.0,7812.5,7813.5
1748272169703,,
1748272182044.0,7812.3,7813.3
1748272182241.0,7812.5,7813.5
1748272182586.0,7812.3,7813.3
1748272183802.0,7812.5,7813.5
1748272184000.0,7812.3,7813.3
1748272184967.0,7812.5,7813.5
1748272189143.0,7812.3,7813.3
1748272189342.0,7812.5,7813.5
1748272196042.0,7812.3,7813.3
1748272196241.0,7812.5,7813.5
1748272197078.0,7812.3,7813.3
1748272197274.0,7812.5,7813.5
1748272200015.0,7812.8,7813.8
1748272201723.0,7812.6,7813.6
1748272201921.0,7812.8,7813.8
1748272203549.0,7813.1,7814.1
1748272203749.0,7813.8,7814.8
1748272204430.0,7814.1,7815.1
1748272207773.0,7814.3,7815.3
1748272207974.0,7814.8,7815.8
1748272208855.0,7815.1,7816.1
1748272209054.0,7815.3,7816.3
1748272209256.0,7814.8,7815.8
1748272210105.0,7815.1,7816.1
1748272210303.0,7814.8,7815.8
1748272213288,,
1748272213788.0,7815.1,7816.1
1748272213913.0,7815.3,7816.3
1748272214111,,
1748272214632.0,7815.3,7816.3
1748272216508.0,7815.3,7816.3
1748272219041.0,7815.1,7816.1
1748272219239.0,7815.3,7816.3
1748272222191.0,7815.6,7816.6
1748272222386.0,7815.8,7816.8
1748272222586.0,7816.1,7817.1
1748272224592.0,7815.8,7816.8
1748272224792,,
1748272225230.0,7815.6,7816.6
1748272226305.0,7815.8,7816.8
1748272227205.0,7815.6,7816.6
1748272228167.0,7815.8,7816.8
1748272232425.0,7815.6,7816.6
1748272232625.0,7815.8,7816.8
1748272233241.0,7815.3,7816.3
1748272233440.0,7815.6,7816.6
1748272233871.0,7815.3,7816.3
1748272234075,,
1748272234270.0,7815.6,7816.6
1748272235019.0,7815.8,7816.8
1748272235217.0,7815.6,7816.6
1748272236888.0,7815.8,7816.8
1748272237086.0,7816.1,7817.1
1748272239465.0,7816.3,7817.3
1748272241192.0,7816.6,7817.6
1748272241389.0,7816.1,7817.1
1748272243230.0,7816.3,7817.3
1748272244281.0,7816.1,7817.1
1748272244482.0,7816.3,7817.3
1748272247427.0,7816.6,7817.6
1748272247626.0,7816.3,7817.3
1748272251456.0,7816.1,7817.1
1748272251922.0,7816.3,7817.3
1748272253041.0,7816.1,7817.1
1748272257295.0,7816.3,7817.3
1748272258662.0,7816.1,7817.1
1748272259062.0,7816.3,7817.3
1748272261689.0,7816.1,7817.1
1748272261886,,
1748272268529.0,7815.8,7816.8
1748272269251.0,7815.6,7816.6
1748272269451.0,7815.8,7816.8
1748272281043.0,7815.6,7816.6
1748272281238.0,7815.8,7816.8
1748272288330.0,7816.1,7817.1
1748272292002.0,7816.3,7817.3
1748272293055.0,7816.3,7817.3
1748272295044.0,7816.1,7817.1
1748272295487.0,7816.3,7817.3
1748272296159.0,7816.1,7817.1
1748272299476.0,7815.8,7816.8
1748272300338.0,7816.1,7817.1
1748272300755.0,7815.8,7816.8
1748272303408.0,7816.1,7817.1
1748272303608.0,7816.3,7817.3
1748272307140.0,7816.6,7817.6
1748272307340.0,7816.8,7817.8
1748272309041.0,7816.6,7817.6
1748272309240.0,7816.3,7817.3
1748272310207.0,7816.6,7817.6
1748272310408.0,7816.8,7817.8
1748272311503.0,7817.1,7818.1
1748272311926.0,7817.3,7818.3
1748272312148,,
1748272312559.0,7817.1,7818.1
1748272312756.0,7817.3,7818.3
1748272317220,,
1748272323042.0,7817.1,7818.1
1748272323730.0,7816.8,7817.8
1748272323929.0,7817.6,7818.6
1748272324588.0,7817.8,7818.8
1748272324788,,
1748272325230.0,7818.1,7819.1
1748272325426.0,7817.6,7818.6
1748272326432.0,7817.8,7818.8
1748272328132.0,7818.1,7819.1
1748272328345.0,7818.6,7819.6
1748272328531.0,7818.8,7819.8
1748272330029.0,7818.6,7819.6
1748272332027.0,7818.8,7819.8
1748272334029.0,7818.6,7819.6
1748272334226.0,7818.8,7819.8
1748272336087.0,7819.1,7820.1
1748272337873.0,7818.8,7819.8
1748272341042.0,7818.6,7819.6
1748272341238.0,7818.8,7819.8
1748272345175.0,7819.1,7820.1
1748272345370.0,7818.8,7819.8
1748272349606.0,7819.3,7820.3
1748272353704.0,7819.6,7820.6
1748272353907.0,7819.3,7820.3
1748272357126.0,7819.6,7820.6
1748272357323.0,7819.8,7820.8
1748272357539.0,7819.6,7820.6
1748272357737.0,7819.8,7820.8
1748272359042.0,7819.6,7820.6
1748272359240.0,7819.8,7820.8
1748272362168.0,7820.1,7821.1
1748272362366.0,7819.6,7820.6
1748272362892,,
1748272363200.0,7819.6,7820.6
1748272364425.0,7819.8,7820.8
1748272364623.0,7819.3,7820.3
1748272364888.0,7819.6,7820.6
1748272365086.0,7819.8,7820.8
1748272365417.0,7819.6,7820.6
1748272366129.0,7819.3,7820.3
1748272366325,,
1748272367253.0,7819.6,7820.6
1748272367452.0,7819.8,7820.8
1748272369670.0,7819.6,7820.6
1748272369870.0,7819.3,7820.3
1748272376125.0,7819.6,7820.6
1748272376860.0,7819.8,7820.8
1748272377061.0,7819.3,7820.3
1748272377262.0,7819.8,7820.8
1748272377461.0,7819.6,7820.6
1748272378966.0,7819.8,7820.8
1748272384029.0,7820.1,7821.1
1748272384226.0,7819.8,7820.8
1748272386825.0,7819.6,7820.6
1748272387023.0,7819.8,7820.8
1748272394240,,
1748272394438,,
1748272394639,,
1748272412560.0,7819.6,7820.6
1748272412757.0,7819.8,7820.8
1748272413409.0,7820.1,7821.1
1748272413610.0,7819.8,7820.8
1748272416919.0,7820.1,7821.1
1748272417117.0,7819.8,7820.8
1748272417883.0,7820.1,7821.1
1748272418083.0,7819.8,7820.8
1748272421129.0,7819.6,7820.6
1748272421327,,
1748272421727.0,7819.3,7820.3
1748272422032.0,7819.6,7820.6
1748272422442.0,7819.3,7820.3
1748272422641.0,7819.6,7820.6
1748272422841.0,7819.8,7820.8
1748272430912,,
1748272431108,,
1748272433041.0,7819.6,7820.6
1748272433241.0,7818.3,7819.3
1748272433439.0,7818.1,7819.1
1748272433638.0,7818.3,7819.3
1748272434198.0,7818.6,7819.6
1748272434397.0,7818.3,7819.3
1748272434779.0,7818.1,7819.1
1748272435338.0,7817.8,7818.8
1748272441233.0,7818.1,7819.1
1748272442080.0,7817.8,7818.8
1748272445475.0,7818.1,7819.1
1748272445675.0,7817.8,7818.8
1748272446042.0,7817.6,7818.6
1748272446240.0,7817.8,7818.8
1748272449242,,
1748272449440,,
1748272450759.0,7818.1,7819.1
1748272450957.0,7818.3,7819.3
1748272451853.0,7818.1,7819.1
1748272452037,,
1748272452238.0,7817.8,7818.8
1748272452990.0,7818.1,7819.1
1748272453684.0,7817.8,7818.8
1748272454999.0,7818.1,7819.1
1748272456164.0,7817.8,7818.8
1748272456362.0,7818.1,7819.1
1748272457168.0,7817.8,7818.8
1748272457995.0,7818.1,7819.1
1748272458392.0,7818.3,7819.3
1748272459425.0,7818.6,7819.6
1748272459619.0,7818.3,7819.3
1748272460042.0,7818.1,7819.1
1748272460241.0,7818.3,7819.3
1748272464609.0,7818.8,7819.8
1748272464853.0,7818.6,7819.6
1748272465055.0,7818.3,7819.3
1748272466231.0,7818.8,7819.8
1748272466428.0,7819.3,7820.3
1748272467577.0,7819.6,7820.6
1748272467774.0,7819.8,7820.8
1748272470838.0,7820.1,7821.1
1748272471039.0,7820.3,7821.3
1748272472047.0,7820.1,7821.1
1748272472245,,
1748272473430.0,7820.3,7821.3
1748272473627,,
1748272479192.0,7819.1,7820.1
1748272479583.0,7818.8,7819.8
1748272480060.0,7819.1,7820.1
1748272483333.0,7818.8,7819.8
1748272483532.0,7819.1,7820.1
1748272484250.0,7819.3,7820.3
1748272486989,,
1748272491043.0,7819.1,7820.1
1748272491240.0,7818.8,7819.8
1748272495061,,
1748272495258,,
1748272497688.0,7819.1,7820.1
1748272498577.0,7819.3,7820.3
1748272498774,,
1748272500208.0,7819.6,7820.6
1748272500406.0,7819.3,7820.3
1748272501183.0,7819.6,7820.6
1748272501582.0,7819.3,7820.3
1748272501782.0,7819.6,7820.6
1748272502040.0,7819.3,7820.3
1748272502238,,
1748272504427.0,7819.6,7820.6
1748272504624.0,7819.3,7820.3
1748272512418.0,7819.1,7820.1
1748272512615.0,7818.8,7819.8
1748272520045.0,7818.6,7819.6
1748272520243.0,7818.3,7819.3
1748272523987.0,7818.1,7819.1
1748272524186.0,7817.8,7818.8
1748272526266.0,7818.1,7819.1
1748272527359.0,7817.8,7818.8
1748272528768.0,7818.1,7819.1
1748272528967.0,7817.8,7818.8
1748272537787.0,7818.1,7819.1
1748272537985.0,7817.8,7818.8
1748272539802.0,7817.6,7818.6
1748272540001.0,7817.8,7818.8
1748272543090.0,7818.6,7819.6
1748272543288.0,7818.3,7819.3
1748272544521,,
1748272545073.0,7818.6,7819.6
1748272545272.0,7818.8,7819.8
1748272546041.0,7818.6,7819.6
1748272546240.0,7818.3,7819.3
1748272551592.0,7818.6,7819.6
1748272551794.0,7818.8,7819.8
1748272553612.0,7818.6,7819.6
1748272553807.0,7818.1,7819.1
1748272554835.0,7817.8,7818.8
1748272557010.0,7818.1,7819.1
1748272557211.0,7817.8,7818.8
1748272558481.0,7818.1,7819.1
1748272558674.0,7817.8,7818.8
1748272559243.0,7816.8,7817.8
1748272563552.0,7817.1,7818.1
1748272563755.0,7817.3,7818.3
1748272564049.0,7817.1,7818.1
1748272564250.0,7817.3,7818.3
1748272564515.0,7817.1,7818.1
1748272564714,,
1748272565051.0,7817.3,7818.3
1748272566701.0,7817.6,7818.6
1748272566898.0,7817.8,7818.8
1748272568604.0,7818.1,7819.1
1748272568803.0,7817.8,7818.8
1748272577043.0,7817.6,7818.6
1748272577241.0,7817.3,7818.3
1748272588598.0,7817.1,7818.1
1748272588796.0,7816.3,7817.3
1748272592044.0,7816.1,7817.1
1748272592243.0,7816.3,7817.3
1748272598038.0,7816.6,7817.6
1748272598235.0,7816.3,7817.3
1748272599679.0,7816.6,7817.6
1748272599877.0,7816.8,7817.8
1748272605043.0,7816.6,7817.6
1748272605240.0,7816.8,7817.8
1748272612073.0,7816.6,7817.6
1748272612272.0,7816.8,7817.8
1748272618043.0,7816.6,7817.6
1748272618242.0,7816.3,7817.3
1748272620446.0,7816.6,7817.6
1748272620643.0,7816.8,7817.8
1748272620878.0,7816.6,7817.6
1748272621079.0,7816.8,7817.8
1748272624047.0,7817.1,7818.1
1748272624244.0,7817.3,7818.3
1748272627279.0,7817.6,7818.6
1748272627475.0,7817.8,7818.8
1748272632885.0,7818.1,7819.1
1748272633083.0,7817.8,7818.8
1748272635131.0,7818.1,7819.1
1748272635331.0,7818.8,7819.8
1748272641042.0,7818.6,7819.6
1748272643173,,
1748272643369.0,7818.8,7819.8
1748272646424.0,7819.1,7820.1
1748272650095,,
1748272650293.0,7819.3,7820.3
1748272651424.0,7819.1,7820.1
1748272651624.0,7818.8,7819.8
1748272654045.0,7818.6,7819.6
1748272654242.0,7819.1,7820.1
1748272655220.0,7818.8,7819.8
1748272655979.0,7819.1,7820.1
1748272667045.0,7818.8,7819.8
1748272667241.0,7818.3,7819.3
1748272667442.0,7817.8,7818.8
1748272668596.0,7817.6,7818.6
1748272669380.0,7817.3,7818.3
1748272670094.0,7817.8,7818.8
1748272672336.0,7818.1,7819.1
1748272672537.0,7818.3,7819.3
1748272680045.0,7818.1,7819.1
1748272680243.0,7816.8,7817.8
1748272684278.0,7817.1,7818.1
1748272684473,,
1748272684944.0,7817.3,7818.3
1748272691218.0,7817.1,7818.1
1748272691411,,
1748272692429.0,7817.3,7818.3
1748272693167.0,7816.8,7817.8
1748272693367.0,7816.6,7817.6
1748272693677.0,7816.8,7817.8
1748272696948.0,7817.1,7818.1
1748272697145,,
1748272697936.0,7817.3,7818.3
1748272698132,,
1748272699093.0,7817.1,7818.1
1748272700028,,
1748272700228.0,7816.8,7817.8
1748272700426.0,7817.1,7818.1
1748272703861.0,7816.8,7817.8
1748272712426.0,7817.1,7818.1
1748272712623.0,7817.3,7818.3
1748272726024.0,7817.1,7818.1
1748272726224.0,7817.3,7818.3
1748272728569,,
1748272728777,,
1748272732042.0,7817.1,7818.1
1748272732241.0,7816.8,7817.8
1748272732455,,
1748272733011.0,7816.6,7817.6
1748272733419.0,7816.8,7817.8
1748272739462,,
1748272748350.0,7817.1,7818.1
1748272748547,,
1748272756147,,
1748272758042.0,7816.8,7817.8
1748272758239,,
1748272771040.0,7816.6,7817.6
1748272771241.0,7816.8,7817.8
1748272771733.0,7816.3,7817.3
1748272773429.0,7816.6,7817.6
1748272773627.0,7816.8,7817.8
1748272776410.0,7816.6,7817.6
1748272776608.0,7816.8,7817.8
1748272777956.0,7817.1,7818.1
1748272778156.0,7817.3,7818.3
1748272778991.0,7817.6,7818.6
1748272780393.0,7817.3,7818.3
1748272780592,,
1748272782740.0,7817.1,7818.1
1748272783354.0,7817.3,7818.3
1748272786049.0,7817.1,7818.1
1748272786247.0,7816.8,7817.8
1748272788779.0,7817.1,7818.1
1748272788980.0,7817.3,7818.3
1748272795040,,
1748272799042.0,7817.1,7818.1
1748272799241.0,7817.6,7818.6
1748272800014.0,7817.0,7818.0
1748272800226.0,7817.0,7818.0
1748272803276,,
1748272803479.0,7816.7,7817.7
1748272804018.0,7816.7,7817.7
1748272808551.0,7817.0,7818.0
1748272810916,,
1748272811116.0,7817.2,7818.2
1748272812042.0,7817.0,7818.0
1748272812241.0,7817.2,7818.2
1748272814062.0,7817.0,7818.0
1748272814789.0,7816.7,7817.7
1748272816868.0,7816.5,7817.5
1748272817066,,
1748272817873.0,7816.2,7817.2
1748272818412,,
1748272818609.0,7816.0,7817.0
1748272819526.0,7816.2,7817.2
1748272819725.0,7816.0,7817.0
1748272819961.0,7816.2,7817.2
1748272825041.0,7816.0,7817.0
1748272825237.0,7816.2,7817.2
1748272825494.0,7816.5,7817.5
1748272825693.0,7816.2,7817.2
1748272843046,,
1748272843245,,
1748272844013,,
1748272852333,,
1748272852534,,
1748272854553,,
1748272854771.0,7817.2,7818.2
1748272856845.0,7817.5,7818.5
1748272857246.0,7817.2,7818.2
1748272857445.0,7817.7,7818.7
1748272857643.0,7817.5,7818.5
1748272858796.0,7818.0,7819.0
1748272858995.0,7818.2,7819.2
1748272859196.0,7818.0,7819.0
1748272859497,,
1748272859701.0,7817.7,7818.7
1748272860966.0,7818.0,7819.0
1748272861166.0,7817.7,7818.7
1748272870183.0,7817.5,7818.5
1748272870380,,
1748272870582.0,7817.7,7818.7
1748272873086.0,7818.0,7819.0
1748272874581.0,7817.7,7818.7
1748272876509.0,7817.5,7818.5
1748272876710.0,7816.7,7817.7
1748272888330.0,7817.0,7818.0
1748272888526,,
1748272888727.0,7817.5,7818.5
1748272890608,,
1748272890808,,
1748272891687.0,7817.7,7818.7
1748272891883,,
1748272892744.0,7817.5,7818.5
1748272892940.0,7817.7,7818.7
1748272893430.0,7818.0,7819.0
1748272893626.0,7817.5,7818.5
1748272894445.0,7817.7,7818.7
1748272895034,,
1748272895236.0,7817.5,7818.5
1748272895980.0,7817.7,7818.7
1748272902541.0,7817.5,7818.5
1748272902742.0,7817.7,7818.7
1748272904717.0,7817.5,7818.5
1748272908034.0,7817.2,7818.2
1748272908233,,
1748272916760.0,7817.5,7818.5
1748272916960.0,7817.2,7818.2
1748272939639.0,7817.5,7818.5
1748272940686,,
1748272940886,,
1748272941172.0,7817.7,7818.7
1748272942055,,
1748272945431.0,7817.5,7818.5
1748272945628.0,7817.2,7818.2
1748272945928,,
1748272950345,,
1748272952614,,
1748272953411.0,7817.5,7818.5
1748272953608.0,7817.2,7818.2
1748272954590.0,7817.5,7818.5
1748272954789,,
1748272956257.0,7817.2,7818.2
1748272957023.0,7817.5,7818.5
1748272957224.0,7817.7,7818.7
1748272960057,,
1748272960255.0,7817.5,7818.5
1748272961966.0,7817.2,7818.2
1748272962163,,
1748272964697.0,7817.0,7818.0
1748272964896.0,7817.2,7818.2
1748272966067,,
1748272966471.0,7818.2,7819.2
1748272967028.0,7818.0,7819.0
1748272967224.0,7818.2,7819.2
1748272967425.0,7818.5,7819.5
1748272968922,,
1748272969121.0,7818.7,7819.7
1748272970760.0,7818.5,7819.5
1748272971747.0,7818.2,7819.2
1748272972680,,
1748272974645.0,7818.0,7819.0
1748272974840,,
1748272975054.0,7817.7,7818.7
1748272975255.0,7818.0,7819.0
1748272975457,,
1748272975658.0,7818.2,7819.2
1748272981052,,
1748272985538,,
1748272990101,,
1748272995505,,
1748272998282.0,7818.5,7819.5
1748272998478,,
1748273003250.0,7818.2,7819.2
1748273006605.0,7818.5,7819.5
1748273010164,,
1748273010366.0,7819.0,7820.0
1748273010567.0,7819.2,7820.2
1748273010765.0,7819.0,7820.0
1748273011166.0,7819.2,7820.2
1748273012791.0,7819.0,7820.0
1748273013412.0,7819.2,7820.2
1748273013609.0,7819.0,7820.0
1748273016052,,
1748273018030.0,7819.2,7820.2
1748273018224,,
1748273024447.0,7819.5,7820.5
1748273024645.0,7820.0,7821.0
1748273024843.0,7820.2,7821.2
1748273025446.0,7820.0,7821.0
1748273025956.0,7820.2,7821.2
1748273034850.0,7820.0,7821.0
1748273036036.0,7820.2,7821.2
1748273037020.0,7820.0,7821.0
1748273037219,,
1748273042926.0,7820.2,7821.2
1748273043423.0,7820.5,7821.5
1748273043622.0,7820.2,7821.2
1748273055032,,
1748273059908.0,7819.7,7820.7
1748273068446.0,7819.5,7820.5
1748273068645.0,7819.7,7820.7
1748273083527.0,7820.0,7821.0
1748273083725.0,7819.7,7820.7
1748273093609.0,7820.0,7821.0
1748273093807.0,7820.2,7821.2
1748273094654.0,7820.5,7821.5
1748273094849.0,7820.2,7821.2
1748273100373,,
1748273104205.0,7820.0,7821.0
1748273104603.0,7819.7,7820.7
1748273117175.0,7819.5,7820.5
1748273117372,,
1748273121251.0,7819.7,7820.7
1748273124245.0,7819.5,7820.5
1748273124443.0,7819.2,7820.2
1748273125320.0,7819.5,7820.5
1748273126911.0,7819.2,7820.2
1748273128410.0,7819.5,7820.5
1748273129128,,
1748273129328,,
1748273132143,,
1748273134285.0,7820.0,7821.0
1748273134480.0,7819.7,7820.7
1748273135292.0,7820.0,7821.0
1748273135513.0,7820.7,7821.7
1748273136907,,
1748273137105,,
1748273141458.0,7821.0,7822.0
1748273143961,,
1748273144162.0,7821.2,7822.2
1748273148435.0,7821.0,7822.0
1748273148634.0,7821.2,7822.2
1748273149004.0,7821.0,7822.0
1748273149208.0,7820.7,7821.7
1748273149405.0,7820.5,7821.5
1748273150654.0,7820.2,7821.2
1748273150847,,
1748273158505.0,7820.0,7821.0
1748273158702.0,7820.2,7821.2
1748273160614.0,7820.5,7821.5
1748273160812,,
1748273164360,,
1748273164975.0,7820.7,7821.7
1748273168503,,
1748273175047.0,7821.0,7822.0
1748273175246.0,7821.2,7822.2
1748273176471.0,7821.5,7822.5
1748273176669.0,7821.2,7822.2
1748273177507.0,7821.5,7822.5
1748273177904,,
1748273179033.0,7821.2,7822.2
1748273183870.0,7821.5,7822.5
1748273185791.0,7821.7,7822.7
1748273185990,,
1748273186190.0,7822.0,7823.0
1748273186564.0,7821.7,7822.7
1748273187345.0,7822.0,7823.0
1748273192278,,
1748273192495.0,7822.2,7823.2
1748273193409.0,7822.5,7823.5
1748273193608.0,7822.2,7823.2
1748273194313.0,7822.5,7823.5
1748273194528.0,7822.2,7823.2
1748273194993.0,7822.0,7823.0
1748273195190,,
1748273195560.0,7822.2,7823.2
1748273195759.0,7822.0,7823.0
1748273198489,,
1748273198990.0,7822.2,7823.2
1748273199202.0,7822.0,7823.0
1748273199557.0,7822.2,7823.2
1748273200540,,
1748273201469.0,7822.0,7823.0
1748273201670.0,7822.2,7823.2
1748273202600.0,7822.0,7823.0
1748273203062.0,7821.7,7822.7
1748273203257,,
1748273218987.0,7821.5,7822.5
1748273222197,,
1748273225296.0,7821.7,7822.7
1748273225497,,
1748273226307.0,7821.5,7822.5
1748273226807.0,7821.7,7822.7
1748273228425.0,7821.5,7822.5
1748273228624.0,7821.2,7822.2
1748273228830.0,7821.5,7822.5
1748273229330.0,7821.2,7822.2
1748273230705.0,7821.5,7822.5
1748273231208.0,7821.7,7822.7
1748273231405,,
1748273233050.0,7821.5,7822.5
1748273233246.0,7821.2,7822.2
1748273234040.0,7821.5,7822.5
1748273235046.0,7821.7,7822.7
1748273235932.0,7821.5,7822.5
1748273236132.0,7821.7,7822.7
1748273243806.0,7821.5,7822.5
1748273249948.0,7822.7,7823.7
1748273252619.0,7823.0,7824.0
1748273252821.0,7823.2,7824.2
1748273253429.0,7823.5,7824.5
1748273253629.0,7823.2,7824.2
1748273256727.0,7823.5,7824.5
1748273256928.0,7823.7,7824.7
1748273258237.0,7824.0,7825.0
1748273258434.0,7824.2,7825.2
1748273264455.0,7824.0,7825.0
1748273265023.0,7824.2,7825.2
1748273265223,,
1748273265664,,
1748273267285.0,7824.0,7825.0
1748273267484.0,7823.7,7824.7
1748273269720,,
1748273271384.0,7823.5,7824.5
1748273273007.0,7823.2,7824.2
1748273273205,,
1748273273776,,
1748273274177,,
1748273274676.0,7823.5,7824.5
1748273274874.0,7823.2,7824.2
1748273277833,,
1748273278034.0,7823.0,7824.0
1748273280160,,
1748273280358,,
1748273281480,,
1748273281659.0,7823.7,7824.7
1748273285018.0,7824.0,7825.0
1748273287215,,
1748273293946,,
1748273294045.0,7824.2,7825.2
1748273294231.0,7823.7,7824.7
1748273297878,,
1748273298078.0,7824.2,7825.2
1748273299808.0,7824.0,7825.0
1748273300006.0,7823.7,7824.7
1748273302171,,
1748273308279.0,7824.0,7825.0
1748273308476.0,7824.2,7825.2
1748273308831.0,7824.0,7825.0
1748273309564.0,7824.2,7825.2
1748273310036.0,7824.0,7825.0
1748273310235.0,7824.2,7825.2
1748273311952.0,7824.5,7825.5
1748273312149.0,7824.2,7825.2
1748273313409.0,7824.5,7825.5
1748273313606.0,7824.2,7825.2
1748273314338,,
1748273314574.0,7824.0,7825.0
1748273314773.0,7823.7,7824.7
1748273315877.0,7823.5,7824.5
1748273316073.0,7823.2,7824.2
1748273318395,,
1748273320850.0,7823.5,7824.5
1748273321047.0,7823.2,7824.2
1748273322451,,
1748273330511,,
1748273331491,,
1748273332176.0,7823.0,7824.0
1748273332378.0,7823.2,7824.2
1748273332589,,
1748273335009.0,7823.5,7824.5
1748273335206.0,7823.2,7824.2
1748273336647,,
1748273338949.0,7823.0,7824.0
1748273339146.0,7822.7,7823.7
1748273340250.0,7822.5,7823.5
1748273340451.0,7823.0,7824.0
1748273340701,,
1748273341555,,
1748273342266.0,7823.2,7824.2
1748273348072.0,7823.5,7824.5
1748273349040.0,7823.7,7824.7
1748273349240,,
1748273351774.0,7823.5,7824.5
1748273351971.0,7823.7,7824.7
1748273352420,,
1748273354605,,
1748273354706.0,7824.0,7825.0
1748273354891.0,7824.2,7825.2
1748273355109,,
1748273355366.0,7824.5,7825.5
1748273355567.0,7824.2,7825.2
1748273355763,,
1748273360981,,
1748273361482.0,7824.2,7825.2
1748273362043.0,7824.0,7825.0
1748273362241,,
1748273363230.0,7824.2,7825.2
1748273369093,,
1748273370200.0,7824.0,7825.0
1748273370397.0,7823.7,7824.7
1748273375944.0,7823.5,7824.5
1748273376145,,
1748273376778,,
1748273377204,,
1748273377745,,
1748273379865.0,7823.0,7824.0
1748273380064.0,7823.7,7824.7
1748273380637,,
1748273380837.0,7823.5,7824.5
1748273381238.0,7823.2,7824.2
1748273382631,,
1748273382833.0,7823.5,7824.5
1748273385030.0,7823.2,7824.2
1748273385226,,
1748273385428,,
1748273386030.0,7823.0,7824.0
1748273386228,,
1748273386428,,
1748273387043.0,7823.2,7824.2
1748273387240,,
1748273387479,,
1748273387680,,
1748273388987,,
1748273389383,,
1748273391446,,
1748273392116.0,7823.5,7824.5
1748273393429,,
1748273393628,,
1748273393827,,
1748273394945.0,7824.0,7825.0
1748273395146.0,7823.7,7824.7
1748273395611.0,7824.0,7825.0
1748273396010.0,7823.5,7824.5
1748273396209.0,7823.7,7824.7
1748273396448.0,7823.5,7824.5
1748273396649.0,7823.7,7824.7
1748273396847.0,7823.5,7824.5
1748273397048.0,7823.7,7824.7
1748273397618.0,7823.5,7824.5
1748273397816.0,7823.7,7824.7
1748273398454.0,7824.0,7825.0
1748273398651.0,7823.7,7824.7
1748273399145,,
1748273399536,,
1748273400033.0,7819.1,7820.1
1748273400133.0,7818.6,7820.6
1748273400335.0,7819.6,7821.6
1748273400534.0,7819.4,7821.4
1748273401293.0,7819.1,7821.1
1748273401691.0,7818.9,7820.9
1748273402117.0,7818.6,7820.6
1748273402313,,
1748273403254.0,7818.9,7820.9
1748273403452.0,7818.6,7820.6
1748273403837.0,7818.9,7820.9
1748273404038.0,7818.6,7820.6
1748273405228.0,7818.9,7820.9
1748273405626.0,7818.6,7820.6
1748273406391.0,7818.4,7820.4
1748273406587.0,7818.6,7820.6
1748273407483,,
1748273408638.0,7818.4,7820.4
1748273409128.0,7818.1,7820.1
1748273409326,,
1748273410057,,
1748273410531.0,7818.4,7820.4
1748273410730.0,7818.6,7820.6
1748273411400,,
1748273411599.0,7818.9,7820.9
1748273413315.0,7818.6,7820.6
1748273413515,,
1748273415835.0,7818.4,7820.4
1748273416034.0,7818.6,7820.6
1748273416898.0,7818.4,7820.4
1748273417096.0,7818.6,7820.6
1748273417439.0,7818.9,7820.9
1748273417645.0,7818.6,7820.6
1748273422553,,
1748273422749,,
1748273422951.0,7818.9,7820.9
1748273423150.0,7819.1,7821.1
1748273424288,,
1748273424487.0,7818.6,7820.6
1748273425081.0,7818.4,7820.4
1748273425278.0,7818.6,7820.6
1748273426177.0,7819.1,7821.1
1748273427429.0,7819.4,7821.4
1748273427629.0,7819.6,7821.6
1748273427924.0,7819.4,7821.4
1748273428325.0,7819.6,7821.6
1748273429366.0,7819.4,7821.4
1748273429563.0,7819.1,7821.1
1748273430009.0,7819.4,7821.4
1748273430212.0,7819.1,7821.1
1748273431932.0,7818.9,7820.9
1748273432132.0,7819.1,7821.1
1748273433248.0,7818.9,7820.9
1748273433445.0,7818.6,7820.6
1748273433949.0,7818.4,7820.4
1748273434135.0,7817.9,7819.9
1748273434786.0,7817.6,7819.6
1748273440654.0,7817.4,7819.4
1748273440849,,
1748273443544,,
1748273443706.0,7817.6,7819.6
1748273443905,,
1748273444161,,
1748273446379.0,7817.4,7819.4
1748273446577,,
1748273449402,,
1748273449598,,
1748273449812.0,7817.1,7819.1
1748273450114.0,7817.4,7819.4
1748273450515.0,7817.1,7819.1
1748273451784.0,7817.4,7819.4
1748273456026.0,7817.6,7819.6
1748273457295,,
1748273457491,,
1748273457694.0,7817.9,7819.9
1748273458292.0,7817.6,7819.6
1748273458692.0,7817.9,7819.9
1748273459380,,
1748273460865.0,7818.1,7820.1
1748273461061,,
1748273462997.0,7818.4,7820.4
1748273463195,,
1748273465734.0,7818.1,7820.1
1748273465931.0,7818.4,7820.4
1748273466608,,
1748273466805,,
1748273467005.0,7818.6,7820.6
1748273469216.0,7818.4,7820.4
1748273469614.0,7818.6,7820.6
1748273469816.0,7818.9,7820.9
1748273470017.0,7818.6,7820.6
1748273472047.0,7818.9,7820.9
1748273473275.0,7818.6,7820.6
1748273473473,,
1748273480864.0,7818.9,7820.9
1748273481062.0,7819.1,7821.1
1748273481261.0,7818.9,7820.9
1748273483371.0,7819.1,7821.1
1748273483564,,
1748273484470.0,7818.9,7820.9
1748273487732.0,7818.6,7820.6
1748273487932,,
1748273489579,,
1748273489779.0,7818.9,7820.9
1748273490236.0,7819.4,7821.4
1748273490433,,
1748273490633.0,7819.6,7821.6
1748273491482.0,7819.9,7821.9
1748273491680,,
1748273492383.0,7820.1,7822.1
1748273492581,,
1748273493141.0,7821.4,7823.4
1748273493339.0,7820.6,7822.6
1748273494102.0,7820.9,7822.9
1748273494300.0,7820.6,7822.6
1748273494532.0,7820.4,7822.4
1748273494731.0,7820.6,7822.6
1748273494965.0,7820.4,7822.4
1748273496343,,
1748273496543,,
1748273497346.0,7820.1,7822.1
1748273497545.0,7819.9,7821.9
1748273498891.0,7820.1,7822.1
1748273499088,,
1748273499301,,
1748273499501,,
1748273505351.0,7819.9,7821.9
1748273505749.0,7819.6,7821.6
1748273508039.0,7818.4,7820.4
1748273508237.0,7817.4,7819.4
1748273508810.0,7817.1,7819.1
1748273509726.0,7816.9,7818.9
1748273509924.0,7816.6,7818.6
1748273515838,,
1748273516037.0,7816.4,7818.4
1748273521649.0,7816.1,7818.1
1748273523261.0,7815.6,7817.6
1748273526251,,
1748273528842,,
1748273529043.0,7816.9,7818.9
1748273531663.0,7817.1,7819.1
1748273531859,,
1748273532651,,
1748273532850,,
1748273533879.0,7817.4,7819.4
1748273534104.0,7817.6,7819.6
1748273534303,,
1748273536160.0,7817.9,7819.9
1748273537439.0,7818.1,7820.1
1748273537638.0,7818.4,7820.4
1748273543126.0,7818.1,7820.1
1748273543325,,
1748273543955.0,7817.9,7819.9
1748273544406.0,7817.6,7819.6
1748273544590.0,7817.9,7819.9
1748273544790.0,7817.6,7819.6
1748273548911.0,7817.4,7819.4
1748273549110.0,7817.6,7819.6
1748273550589.0,7818.4,7820.4
1748273550788,,
1748273550988,,
1748273552278.0,7819.4,7821.4
1748273552476,,
1748273554070.0,7819.6,7821.6
1748273554272.0,7819.9,7821.9
1748273555084,,
1748273555484.0,7820.4,7822.4
1748273560970.0,7819.4,7821.4
1748273561168,,
1748273561449,,
1748273561652.0,7818.6,7820.6
1748273561851.0,7817.9,7819.9
1748273562052.0,7818.1,7820.1
1748273566321.0,7818.1,7820.1
1748273570033.0,7817.9,7819.9
1748273570230.0,7817.6,7819.6
1748273571260.0,7817.4,7819.4
1748273571459,,
1748273572306,,
1748273572505.0,7817.1,7819.1
1748273578938.0,7816.9,7818.9
1748273579135.0,7816.6,7818.6
1748273580544.0,7816.4,7818.4
1748273581483.0,7816.1,7818.1
1748273581682.0,7816.4,7818.4
1748273583027.0,7816.1,7818.1
1748273592342.0,7816.4,7818.4
1748273592539.0,7816.9,7818.9
1748273593928.0,7817.1,7819.1
1748273594124,,
1748273599508.0,7817.4,7819.4
1748273599707,,
1748273603383,,
1748273605494,,
1748273605694.0,7817.9,7819.9
1748273606906,,
1748273607104.0,7818.4,7820.4
1748273607880.0,7817.9,7819.9
1748273612756.0,7817.6,7819.6
1748273622635.0,7818.9,7820.9
1748273622832.0,7819.1,7821.1
1748273624517.0,7819.4,7821.4
1748273627045.0,7819.1,7821.1
1748273627240,,
1748273628313.0,7818.9,7820.9
1748273628511.0,7818.4,7820.4
1748273629356.0,7818.1,7820.1
1748273631762.0,7818.4,7820.4
1748273632256.0,7818.1,7820.1
1748273636713.0,7817.9,7819.9
1748273636912.0,7818.1,7820.1
1748273637817,,
1748273638015,,
1748273638731.0,7817.9,7819.9
1748273641024.0,7818.1,7820.1
1748273641219,,
1748273643250,,
1748273643448,,
1748273644027.0,7817.9,7819.9
1748273644224,,
1748273645043.0,7818.1,7820.1
1748273645239,,
1748273646249,,
1748273646449.0,7817.9,7819.9
1748273648989,,
1748273649386,,
1748273650262,,
1748273650462,,
1748273651248,,
1748273651659,,
1748273652614.0,7817.9,7819.9
1748273652811.0,7818.1,7820.1
1748273653450,,
1748273655772,,
1748273655972,,
1748273656250.0,7817.9,7819.9
1748273656450,,
1748273658558.0,7818.4,7820.4
1748273658759.0,7818.1,7820.1
1748273659251,,
1748273659988.0,7817.9,7819.9
1748273660806.0,7818.1,7820.1
1748273661005.0,7818.4,7820.4
1748273661580.0,7818.1,7820.1
1748273661778.0,7817.9,7819.9
1748273662265.0,7818.9,7820.9
1748273662467.0,7818.6,7820.6
1748273663073.0,7818.9,7820.9
1748273663273,,
1748273663740,,
1748273664416.0,7818.6,7820.6
1748273664817.0,7818.4,7820.4
1748273665017.0,7818.9,7820.9
1748273668004,,
1748273668104.0,7818.6,7820.6
1748273668501.0,7818.9,7820.9
1748273668702,,
1748273669792.0,7819.1,7821.1
1748273669989,,
1748273671664,,
1748273671861.0,7819.4,7821.4
1748273672062.0,7819.6,7821.6
1748273672567.0,7819.9,7821.9
1748273672768.0,7820.4,7822.4
1748273673633.0,7821.4,7823.4
1748273673831.0,7820.9,7822.9
1748273675294,,
1748273675491,,
1748273675692.0,7821.1,7823.1
1748273676773.0,7819.9,7821.9
1748273676969,,
1748273677601.0,7819.6,7821.6
1748273677800,,
1748273678002.0,7819.9,7821.9
1748273678201.0,7820.6,7822.6
1748273678753.0,7820.4,7822.4
1748273679861.0,7820.1,7822.1
1748273680061,,
1748273680363.0,7819.9,7821.9
1748273680561.0,7819.6,7821.6
1748273681417.0,7819.4,7821.4
1748273682507,,
1748273682708.0,7819.1,7821.1
1748273682906.0,7819.4,7821.4
1748273684038,,
1748273684236,,
1748273684693,,
1748273684896,,
1748273685880,,
1748273685979.0,7819.9,7821.9
1748273688195,,
1748273688391,,
1748273689935,,
