1748267999281.0,23211.3,23241.3
1748267999513.0,23211.1,23241.1
1748268000309.0,23211.6,23241.6
1748268000590.0,23211.1,23241.1
1748268000816.0,23211.6,23241.6
1748268001390.0,23211.3,23241.3
1748268001613.0,23211.6,23241.6
1748268001840.0,23211.1,23241.1
1748268002214.0,23211.9,23241.9
1748268002438.0,23211.6,23241.6
1748268002699.0,23211.3,23241.3
1748268002927.0,23211.1,23241.1
1748268003311.0,23210.5,23240.5
1748268003797.0,23210.8,23240.8
1748268004073.0,23211.1,23241.1
1748268004299.0,23212.2,23242.2
1748268004399.0,23212.4,23242.4
1748268005210.0,23212.7,23242.7
1748268006011.0,23212.4,23242.4
1748268006237.0,23213.0,23243.0
1748268007280.0,23213.5,23243.5
1748268007505.0,23213.0,23243.0
1748268008679.0,23212.4,23242.4
1748268009389.0,23212.7,23242.7
1748268009616.0,23213.0,23243.0
1748268009839.0,23213.2,23243.2
1748268010063.0,23213.0,23243.0
1748268010638.0,23212.7,23242.7
1748268011147.0,23213.0,23243.0
1748268011372.0,23212.4,23242.4
1748268012117.0,23212.7,23242.7
1748268012340.0,23212.4,23242.4
1748268015449.0,23211.9,23241.9
1748268019252.0,23212.4,23242.4
1748268019665.0,23211.9,23241.9
1748268020461.0,23211.4,23241.4
1748268023214.0,23211.9,23241.9
1748268024385.0,23211.1,23241.1
1748268024637.0,23211.4,23241.4
1748268025033.0,23211.6,23241.6
1748268025464.0,23211.4,23241.4
1748268026226.0,23211.9,23241.9
1748268034701.0,23212.2,23242.2
1748268034800.0,23212.7,23242.7
1748268036166.0,23211.9,23241.9
1748268036491.0,23211.7,23241.7
1748268036644.0,23211.4,23241.4
1748268040081.0,23211.1,23241.1
1748268040766.0,23211.4,23241.4
1748268043894.0,23211.1,23241.1
1748268044423.0,23211.4,23241.4
1748268044967.0,23210.8,23240.8
1748268050430.0,23209.2,23239.2
1748268050652.0,23208.4,23238.4
1748268051358.0,23208.7,23238.7
1748268051584.0,23208.4,23238.4
1748268052216.0,23208.7,23238.7
1748268052626.0,23208.4,23238.4
1748268053029.0,23208.1,23238.1
1748268053254.0,23207.9,23237.9
1748268054083.0,23208.1,23238.1
1748268054372.0,23207.9,23237.9
1748268054597.0,23208.4,23238.4
1748268054821.0,23208.1,23238.1
1748268055045.0,23208.4,23238.4
1748268055496.0,23208.1,23238.1
1748268055594.0,23207.6,23237.6
1748268055794.0,23207.3,23237.3
1748268056019.0,23207.6,23237.6
1748268056930.0,23207.0,23237.0
1748268057155.0,23207.6,23237.6
1748268060200.0,23208.4,23238.4
1748268060424.0,23208.1,23238.1
1748268061266.0,23207.8,23237.8
1748268061763.0,23207.6,23237.6
1748268063575.0,23208.1,23238.1
1748268063995.0,23208.6,23238.6
1748268067399.0,23208.4,23238.4
1748268067622.0,23208.6,23238.6
1748268071426.0,23209.7,23239.7
1748268071649.0,23210.3,23240.3
1748268071874.0,23209.7,23239.7
1748268072415.0,23210.3,23240.3
1748268072640.0,23209.7,23239.7
1748268074676.0,23210.3,23240.3
1748268077520.0,23210.5,23240.5
1748268079477.0,23210.8,23240.8
1748268080242.0,23211.1,23241.1
1748268080468.0,23210.8,23240.8
1748268086425.0,23209.4,23239.4
1748268086521.0,23209.1,23239.1
1748268086694.0,23208.9,23238.9
1748268089418.0,23208.6,23238.6
1748268090145.0,23208.9,23238.9
1748268091063.0,23208.6,23238.6
1748268092071.0,23208.4,23238.4
1748268096056.0,23208.9,23238.9
1748268096279.0,23208.6,23238.6
1748268096934.0,23208.9,23238.9
1748268099929.0,23209.1,23239.1
1748268102101.0,23209.4,23239.4
1748268107700.0,23210.0,23240.0
1748268109156.0,23210.3,23240.3
1748268109255.0,23210.8,23240.8
1748268112772.0,23211.3,23241.3
1748268115514.0,23211.1,23241.1
1748268116369.0,23210.5,23240.5
1748268116970.0,23210.3,23240.3
1748268117412.0,23210.0,23240.0
1748268117637.0,23210.5,23240.5
1748268120943.0,23211.1,23241.1
1748268131334.0,23210.5,23240.5
1748268135229.0,23210.0,23240.0
1748268135872.0,23210.3,23240.3
1748268138066.0,23210.0,23240.0
1748268138289.0,23210.3,23240.3
1748268139241.0,23210.0,23240.0
1748268150580.0,23209.7,23239.7
1748268151464.0,23210.0,23240.0
1748268154110.0,23209.5,23239.5
1748268158681.0,23210.0,23240.0
1748268160480.0,23210.0,23240.0
1748268162253.0,23209.7,23239.7
1748268164346.0,23210.0,23240.0
1748268165691.0,23209.5,23239.5
1748268166086.0,23209.7,23239.7
1748268169359.0,23209.5,23239.5
1748268169584.0,23210.0,23240.0
1748268169805.0,23209.7,23239.7
1748268170032.0,23210.0,23240.0
1748268170379.0,23208.7,23238.7
1748268171149.0,23208.9,23238.9
1748268171549.0,23209.5,23239.5
1748268175387.0,23209.2,23239.2
1748268177466.0,23209.5,23239.5
1748268189871.0,23210.0,23240.0
1748268190095.0,23209.5,23239.5
1748268190993.0,23208.4,23238.4
1748268191472.0,23208.7,23238.7
1748268191871.0,23208.4,23238.4
1748268192095.0,23208.7,23238.7
1748268192320.0,23208.4,23238.4
1748268192727.0,23207.9,23237.9
1748268194943.0,23207.6,23237.6
1748268195167.0,23208.4,23238.4
1748268195467.0,23208.7,23238.7
1748268195865.0,23208.9,23238.9
1748268196736.0,23209.2,23239.2
1748268196963.0,23209.5,23239.5
1748268198337.0,23208.9,23238.9
1748268203978.0,23208.4,23238.4
1748268205014.0,23208.7,23238.7
1748268205565.0,23208.4,23238.4
1748268207457.0,23208.7,23238.7
1748268207681.0,23208.4,23238.4
1748268213429.0,23208.7,23238.7
1748268213651.0,23208.4,23238.4
1748268215471.0,23208.7,23238.7
1748268217135.0,23208.4,23238.4
1748268217463.0,23207.8,23237.8
1748268217773.0,23208.1,23238.1
1748268219431.0,23207.8,23237.8
1748268219655.0,23207.6,23237.6
1748268221508.0,23207.3,23237.3
1748268221604.0,23206.7,23236.7
1748268221903.0,23206.2,23236.2
1748268222130.0,23206.5,23236.5
1748268222505.0,23206.2,23236.2
1748268225715.0,23205.7,23235.7
1748268226382.0,23205.9,23235.9
1748268226607.0,23205.7,23235.7
1748268226828.0,23204.6,23234.6
1748268227867.0,23205.1,23235.1
1748268228093.0,23204.6,23234.6
1748268228518.0,23204.8,23234.8
1748268228829.0,23204.6,23234.6
1748268229054.0,23204.8,23234.8
1748268229312.0,23204.6,23234.6
1748268230466.0,23205.1,23235.1
1748268230687.0,23204.8,23234.8
1748268230913.0,23205.1,23235.1
1748268231717.0,23204.8,23234.8
1748268232201.0,23205.1,23235.1
1748268232420.0,23205.4,23235.4
1748268232963.0,23205.7,23235.7
1748268236521.0,23206.2,23236.2
1748268236743.0,23205.9,23235.9
1748268237415.0,23206.2,23236.2
1748268237641.0,23205.7,23235.7
1748268237865.0,23205.9,23235.9
1748268238217.0,23205.7,23235.7
1748268238614.0,23205.9,23235.9
1748268240372.0,23205.1,23235.1
1748268241688.0,23204.8,23234.8
1748268243145.0,23205.1,23235.1
1748268248783.0,23204.6,23234.6
1748268249182.0,23204.8,23234.8
1748268249405.0,23204.6,23234.6
1748268250360.0,23204.8,23234.8
1748268251151.0,23205.1,23235.1
1748268251550.0,23204.6,23234.6
1748268254291.0,23205.1,23235.1
1748268255107.0,23205.7,23235.7
1748268257569.0,23205.9,23235.9
1748268257792.0,23205.7,23235.7
1748268259194.0,23206.2,23236.2
1748268261512.0,23206.5,23236.5
1748268261736.0,23206.2,23236.2
1748268262840.0,23206.5,23236.5
1748268263207.0,23206.2,23236.2
1748268264447.0,23206.7,23236.7
1748268265556.0,23206.5,23236.5
1748268265927.0,23206.7,23236.7
1748268271080.0,23206.5,23236.5
1748268272970.0,23206.2,23236.2
1748268275128.0,23205.7,23235.7
1748268275896.0,23205.9,23235.9
1748268277320.0,23206.2,23236.2
1748268278646.0,23205.9,23235.9
1748268279144.0,23205.7,23235.7
1748268279367.0,23205.9,23235.9
1748268279744.0,23206.2,23236.2
1748268301178.0,23205.4,23235.4
1748268301725.0,23204.8,23234.8
1748268303167.0,23204.2,23234.2
1748268303986.0,23203.7,23233.7
1748268304573.0,23203.9,23233.9
1748268305476.0,23204.2,23234.2
1748268306259.0,23203.9,23233.9
1748268306732.0,23203.1,23233.1
1748268306833.0,23204.2,23234.2
1748268307297.0,23204.4,23234.4
1748268311968.0,23203.9,23233.9
1748268313635.0,23203.6,23233.6
1748268313731.0,23203.1,23233.1
1748268320096.0,23202.5,23232.5
1748268320319.0,23202.0,23232.0
1748268320545.0,23202.3,23232.3
1748268320769.0,23202.5,23232.5
1748268322403.0,23202.3,23232.3
1748268322836.0,23202.5,23232.5
1748268323060.0,23202.0,23232.0
1748268324499.0,23201.5,23231.5
1748268326437.0,23202.0,23232.0
1748268330463.0,23201.7,23231.7
1748268330687.0,23202.0,23232.0
1748268340075.0,23203.1,23233.1
1748268344967.0,23202.5,23232.5
1748268345418.0,23203.1,23233.1
1748268348191.0,23202.5,23232.5
1748268348415.0,23202.0,23232.0
1748268350689.0,23202.5,23232.5
1748268352927.0,23202.8,23232.8
1748268353153.0,23202.5,23232.5
1748268354203.0,23202.0,23232.0
1748268355064.0,23202.5,23232.5
1748268355288.0,23202.0,23232.0
1748268360017.0,23201.5,23231.5
1748268363386.0,23202.0,23232.0
1748268374310.0,23201.7,23231.7
1748268383203.0,23201.4,23231.4
1748268383427.0,23201.2,23231.2
1748268385713.0,23200.1,23230.1
1748268386873.0,23199.3,23229.3
1748268387095.0,23199.6,23229.6
1748268389075.0,23199.8,23229.8
1748268389326.0,23200.1,23230.1
1748268389725.0,23199.8,23229.8
1748268391481.0,23200.1,23230.1
1748268392698.0,23200.4,23230.4
1748268392924.0,23200.1,23230.1
1748268393383.0,23200.6,23230.6
1748268395235.0,23200.4,23230.4
1748268395682.0,23200.1,23230.1
1748268395887.0,23199.8,23229.8
1748268395988.0,23199.3,23229.3
1748268397116.0,23199.8,23229.8
1748268398442.0,23200.1,23230.1
1748268400579.0,23200.6,23230.6
1748268401206.0,23201.2,23231.2
1748268401902.0,23201.7,23231.7
1748268405786.0,23201.4,23231.4
1748268406877.0,23201.2,23231.2
1748268407102.0,23201.7,23231.7
1748268410759.0,23200.9,23230.9
1748268419841.0,23201.1,23231.1
1748268420084.0,23200.9,23230.9
1748268420312.0,23200.6,23230.6
1748268420681.0,23200.3,23230.3
1748268420907.0,23200.6,23230.6
1748268421466.0,23200.9,23230.9
1748268425686.0,23201.4,23231.4
1748268431671.0,23202.0,23232.0
1748268434158.0,23201.7,23231.7
1748268434381.0,23202.0,23232.0
1748268435601.0,23201.4,23231.4
1748268443316.0,23200.9,23230.9
1748268448840.0,23201.1,23231.1
1748268451216.0,23201.4,23231.4
1748268458200.0,23201.7,23231.7
1748268458297.0,23202.0,23232.0
1748268458901.0,23202.3,23232.3
1748268459128.0,23201.2,23231.2
1748268459226.0,23200.9,23230.9
1748268459351.0,23200.3,23230.3
1748268459575.0,23200.9,23230.9
1748268459687.0,23201.2,23231.2
1748268460310.0,23200.9,23230.9
1748268460892.0,23200.6,23230.6
1748268461117.0,23201.2,23231.2
1748268462219.0,23200.9,23230.9
1748268463737.0,23201.2,23231.2
1748268464714.0,23200.9,23230.9
1748268465715.0,23201.2,23231.2
1748268467874.0,23200.9,23230.9
1748268470918.0,23201.2,23231.2
1748268473659.0,23201.7,23231.7
1748268474585.0,23202.3,23232.3
1748268476598.0,23201.7,23231.7
1748268486508.0,23202.0,23232.0
1748268487934.0,23201.7,23231.7
1748268488157.0,23202.0,23232.0
1748268489171.0,23201.7,23231.7
1748268491688.0,23201.4,23231.4
1748268492009.0,23202.0,23232.0
1748268492987.0,23202.5,23232.5
1748268493545.0,23202.8,23232.8
1748268493769.0,23202.5,23232.5
1748268493994.0,23202.0,23232.0
1748268495227.0,23202.3,23232.3
1748268496388.0,23202.5,23232.5
1748268503229.0,23203.1,23233.1
1748268505724.0,23202.8,23232.8
1748268506652.0,23203.1,23233.1
1748268507285.0,23202.5,23232.5
1748268508325.0,23202.8,23232.8
1748268508548.0,23202.5,23232.5
1748268510182.0,23203.1,23233.1
1748268514809.0,23203.6,23233.6
1748268515457.0,23203.3,23233.3
1748268516559.0,23203.1,23233.1
1748268517008.0,23203.6,23233.6
1748268519602.0,23202.8,23232.8
1748268519826.0,23203.1,23233.1
1748268524420.0,23203.3,23233.3
1748268524725.0,23203.1,23233.1
1748268524950.0,23203.6,23233.6
1748268526242.0,23203.1,23233.1
1748268526465.0,23202.8,23232.8
1748268526963.0,23203.1,23233.1
1748268528415.0,23202.5,23232.5
1748268528812.0,23203.1,23233.1
1748268533284.0,23203.3,23233.3
1748268533683.0,23203.1,23233.1
1748268534324.0,23203.3,23233.3
1748268534546.0,23203.1,23233.1
1748268552289.0,23203.3,23233.3
1748268555804.0,23203.9,23233.9
1748268556252.0,23204.4,23234.4
1748268556699.0,23205.8,23235.8
1748268556923.0,23205.3,23235.3
1748268557908.0,23204.7,23234.7
1748268558333.0,23205.0,23235.0
1748268559146.0,23204.7,23234.7
1748268559666.0,23204.2,23234.2
1748268560823.0,23203.9,23233.9
1748268561048.0,23203.7,23233.7
1748268561731.0,23203.9,23233.9
1748268561956.0,23203.7,23233.7
1748268562179.0,23203.9,23233.9
1748268562406.0,23203.1,23233.1
1748268562938.0,23203.4,23233.4
1748268563161.0,23203.1,23233.1
1748268563918.0,23202.6,23232.6
1748268565249.0,23201.8,23231.8
1748268565432.0,23202.3,23232.3
1748268566144.0,23202.0,23232.0
1748268566369.0,23201.8,23231.8
1748268567083.0,23202.3,23232.3
1748268567847.0,23203.4,23233.4
1748268568295.0,23202.6,23232.6
1748268568746.0,23203.1,23233.1
1748268569244.0,23203.1,23233.1
1748268570172.0,23202.8,23232.8
1748268570716.0,23203.1,23233.1
1748268571430.0,23203.4,23233.4
1748268572911.0,23203.6,23233.6
1748268573137.0,23203.4,23233.4
1748268573604.0,23203.6,23233.6
1748268574005.0,23202.8,23232.8
1748268575251.0,23202.6,23232.6
1748268575699.0,23202.8,23232.8
1748268580919.0,23203.1,23233.1
1748268581893.0,23202.8,23232.8
1748268582460.0,23203.1,23233.1
1748268585231.0,23203.1,23233.1
1748268585456.0,23203.4,23233.4
1748268585906.0,23203.6,23233.6
1748268586151.0,23203.9,23233.9
1748268586375.0,23203.6,23233.6
1748268586600.0,23203.9,23233.9
1748268590194.0,23203.4,23233.4
1748268594064.0,23203.1,23233.1
1748268594287.0,23203.4,23233.4
1748268596061.0,23203.9,23233.9
1748268596509.0,23203.6,23233.6
1748268597502.0,23203.6,23233.6
1748268598587.0,23203.4,23233.4
1748268600306.0,23203.9,23233.9
1748268602018.0,23203.6,23233.6
1748268602426.0,23203.9,23233.9
1748268602651.0,23203.6,23233.6
1748268606122.0,23203.9,23233.9
1748268608582.0,23204.2,23234.2
1748268609675.0,23204.7,23234.7
1748268609898.0,23204.5,23234.5
1748268610124.0,23204.2,23234.2
1748268610349.0,23204.5,23234.5
1748268610871.0,23204.7,23234.7
1748268613720.0,23204.5,23234.5
1748268613941.0,23204.7,23234.7
1748268616586.0,23203.9,23233.9
1748268617011.0,23204.2,23234.2
1748268617410.0,23203.7,23233.7
1748268618240.0,23204.2,23234.2
1748268622877.0,23204.5,23234.5
1748268624955.0,23204.2,23234.2
1748268633863.0,23204.5,23234.5
1748268634678.0,23204.2,23234.2
1748268635474.0,23203.7,23233.7
1748268637872.0,23203.9,23233.9
1748268640397.0,23204.2,23234.2
1748268641717.0,23204.5,23234.5
1748268642910.0,23204.7,23234.7
1748268643657.0,23204.2,23234.2
1748268646917.0,23204.5,23234.5
1748268648695.0,23204.7,23234.7
1748268648847.0,23205.0,23235.0
1748268660366.0,23205.6,23235.6
1748268660796.0,23205.3,23235.3
1748268663165.0,23205.6,23235.6
1748268663559.0,23205.3,23235.3
1748268663782.0,23205.6,23235.6
1748268664625.0,23205.9,23235.9
1748268665233.0,23205.3,23235.3
1748268670121.0,23205.0,23235.0
1748268673743.0,23205.3,23235.3
1748268674215.0,23205.0,23235.0
1748268675746.0,23205.3,23235.3
1748268676181.0,23205.9,23235.9
1748268676757.0,23205.6,23235.6
1748268680223.0,23205.9,23235.9
1748268680716.0,23205.6,23235.6
1748268680940.0,23205.9,23235.9
1748268688547.0,23205.6,23235.6
1748268690299.0,23205.9,23235.9
1748268691333.0,23205.3,23235.3
1748268691662.0,23205.6,23235.6
1748268692425.0,23205.3,23235.3
1748268692650.0,23205.6,23235.6
1748268692877.0,23205.9,23235.9
1748268693102.0,23205.3,23235.3
1748268694769.0,23205.9,23235.9
1748268694992.0,23206.1,23236.1
1748268695219.0,23206.4,23236.4
1748268695443.0,23206.1,23236.1
1748268695668.0,23206.4,23236.4
1748268696723.0,23205.9,23235.9
1748268697345.0,23205.6,23235.6
1748268698144.0,23205.9,23235.9
1748268698367.0,23205.6,23235.6
1748268698739.0,23205.3,23235.3
1748268698963.0,23205.6,23235.6
1748268699214.0,23205.3,23235.3
1748268699441.0,23205.9,23235.9
1748268700825.0,23205.3,23235.3
1748268701050.0,23204.8,23234.8
1748268701446.0,23205.3,23235.3
1748268701671.0,23205.0,23235.0
1748268701994.0,23204.5,23234.5
1748268702123.0,23205.0,23235.0
1748268702668.0,23204.8,23234.8
1748268702935.0,23205.0,23235.0
1748268709114.0,23204.5,23234.5
1748268709659.0,23204.8,23234.8
1748268712203.0,23204.5,23234.5
1748268712426.0,23204.8,23234.8
1748268712806.0,23205.0,23235.0
1748268713031.0,23204.8,23234.8
1748268713256.0,23205.0,23235.0
1748268713481.0,23204.8,23234.8
1748268713706.0,23205.0,23235.0
1748268714929.0,23204.8,23234.8
1748268716526.0,23205.0,23235.0
1748268717180.0,23204.8,23234.8
1748268718988.0,23205.0,23235.0
1748268719384.0,23204.8,23234.8
1748268720197.0,23205.0,23235.0
1748268723263.0,23205.3,23235.3
1748268726963.0,23205.0,23235.0
1748268727188.0,23205.6,23235.6
1748268733585.0,23205.0,23235.0
1748268734211.0,23205.3,23235.3
1748268735673.0,23205.6,23235.6
1748268738292.0,23205.8,23235.8
1748268740501.0,23206.1,23236.1
1748268740724.0,23205.6,23235.6
1748268744054.0,23205.8,23235.8
1748268745225.0,23205.6,23235.6
1748268754709.0,23205.0,23235.0
1748268758716.0,23205.3,23235.3
1748268758940.0,23205.6,23235.6
1748268759165.0,23204.8,23234.8
1748268759388.0,23205.0,23235.0
1748268763312.0,23205.0,23235.0
1748268773827.0,23204.5,23234.5
1748268774357.0,23203.4,23233.4
1748268774692.0,23203.7,23233.7
1748268775184.0,23204.0,23234.0
1748268775952.0,23204.5,23234.5
1748268781129.0,23205.0,23235.0
1748268792273.0,23205.3,23235.3
1748268795718.0,23205.9,23235.9
1748268798820.0,23205.6,23235.6
1748268799502.0,23205.3,23235.3
1748268800399.0,23204.3,23234.3
1748268800623.0,23204.8,23234.8
1748268804216.0,23204.5,23234.5
1748268805591.0,23204.8,23234.8
1748268811474.0,23204.3,23234.3
1748268812857.0,23203.7,23233.7
1748268814747.0,23204.0,23234.0
1748268815167.0,23204.3,23234.3
1748268822777.0,23204.8,23234.8
1748268823067.0,23204.9,23234.9
1748268823294.0,23204.8,23234.8
1748268825004.0,23204.9,23234.9
1748268825231.0,23205.1,23235.1
1748268825637.0,23205.6,23235.6
1748268829411.0,23205.9,23235.9
1748268830124.0,23206.2,23236.2
1748268831533.0,23205.9,23235.9
1748268832967.0,23206.2,23236.2
1748268839259.0,23206.5,23236.5
1748268840456.0,23206.7,23236.7
1748268840854.0,23206.5,23236.5
1748268841079.0,23206.7,23236.7
1748268842075.0,23206.5,23236.5
1748268842212.0,23206.2,23236.2
1748268848786.0,23205.6,23235.6
1748268852971.0,23205.9,23235.9
1748268853301.0,23205.6,23235.6
1748268855190.0,23206.2,23236.2
1748268855290.0,23206.5,23236.5
1748268855718.0,23206.2,23236.2
1748268857097.0,23206.5,23236.5
1748268870041.0,23206.7,23236.7
1748268873559.0,23206.5,23236.5
1748268875796.0,23206.7,23236.7
1748268877015.0,23207.0,23237.0
1748268879596.0,23207.5,23237.5
1748268880130.0,23207.3,23237.3
1748268880895.0,23207.5,23237.5
1748268882661.0,23207.3,23237.3
1748268885440.0,23207.0,23237.0
1748268888131.0,23207.5,23237.5
1748268889008.0,23207.3,23237.3
1748268889411.0,23207.5,23237.5
1748268892585.0,23207.8,23237.8
1748268893599.0,23207.5,23237.5
1748268893822.0,23207.8,23237.8
1748268894047.0,23207.5,23237.5
1748268895030.0,23207.8,23237.8
1748268896067.0,23207.5,23237.5
1748268898682.0,23207.8,23237.8
1748268900423.0,23207.5,23237.5
1748268907666.0,23207.8,23237.8
1748268908748.0,23207.5,23237.5
1748268910132.0,23208.1,23238.1
1748268911302.0,23208.3,23238.3
1748268912042.0,23208.1,23238.1
1748268912299.0,23207.8,23237.8
1748268925956.0,23207.2,23237.2
1748268926467.0,23207.5,23237.5
1748268927353.0,23207.2,23237.2
1748268927582.0,23207.5,23237.5
1748268927956.0,23207.2,23237.2
1748268930515.0,23207.0,23237.0
1748268930757.0,23207.2,23237.2
1748268932217.0,23207.0,23237.0
1748268932440.0,23207.2,23237.2
1748268934880.0,23207.5,23237.5
1748268935299.0,23207.2,23237.2
1748268939294.0,23207.5,23237.5
1748268942359.0,23207.8,23237.8
1748268942757.0,23207.5,23237.5
1748268942979.0,23207.2,23237.2
1748268943892.0,23207.5,23237.5
1748268945671.0,23207.2,23237.2
1748268946070.0,23207.5,23237.5
1748268955011.0,23207.8,23237.8
1748268955235.0,23207.5,23237.5
1748268956293.0,23207.2,23237.2
1748268959279.0,23206.2,23236.2
1748268959677.0,23205.9,23235.9
1748268959902.0,23206.2,23236.2
1748268962399.0,23205.6,23235.6
1748268962907.0,23206.2,23236.2
1748268968625.0,23206.8,23236.8
1748268970618.0,23207.0,23237.0
1748268971575.0,23207.3,23237.3
1748268971800.0,23207.0,23237.0
1748268972026.0,23206.8,23236.8
1748268972993.0,23207.0,23237.0
1748268973218.0,23206.8,23236.8
1748268976216.0,23207.0,23237.0
1748268976613.0,23206.8,23236.8
1748268976964.0,23206.5,23236.5
1748268977403.0,23206.2,23236.2
1748268977803.0,23206.8,23236.8
1748268981337.0,23206.5,23236.5
1748268981559.0,23206.2,23236.2
1748268982249.0,23205.9,23235.9
1748268982539.0,23206.2,23236.2
1748268989859.0,23206.5,23236.5
1748268991111.0,23206.2,23236.2
1748268992714.0,23206.5,23236.5
1748268993114.0,23206.8,23236.8
1748269020421.0,23206.5,23236.5
1748269022487.0,23206.2,23236.2
1748269024086.0,23205.9,23235.9
1748269024212.0,23205.6,23235.6
1748269024437.0,23205.9,23235.9
1748269024660.0,23206.2,23236.2
1748269025010.0,23205.6,23235.6
1748269025237.0,23205.9,23235.9
1748269028871.0,23205.6,23235.6
1748269029891.0,23205.9,23235.9
1748269033899.0,23206.8,23236.8
1748269034629.0,23207.3,23237.3
1748269036120.0,23207.6,23237.6
1748269036365.0,23208.1,23238.1
1748269036765.0,23208.4,23238.4
1748269036987.0,23208.7,23238.7
1748269041095.0,23209.2,23239.2
1748269041492.0,23208.7,23238.7
1748269043719.0,23208.4,23238.4
1748269044530.0,23208.7,23238.7
1748269045285.0,23208.4,23238.4
1748269047801.0,23208.7,23238.7
1748269049449.0,23208.4,23238.4
1748269049847.0,23208.7,23238.7
1748269052099.0,23208.1,23238.1
1748269052762.0,23207.8,23237.8
1748269052985.0,23208.1,23238.1
1748269054354.0,23207.8,23237.8
1748269055177.0,23208.1,23238.1
1748269062202.0,23207.8,23237.8
1748269062299.0,23207.3,23237.3
1748269062674.0,23206.5,23236.5
1748269066560.0,23206.2,23236.2
1748269067408.0,23206.5,23236.5
1748269071941.0,23206.2,23236.2
1748269082397.0,23205.9,23235.9
1748269084190.0,23205.7,23235.7
1748269084415.0,23206.2,23236.2
1748269084915.0,23205.9,23235.9
1748269086143.0,23206.2,23236.2
1748269086367.0,23205.9,23235.9
1748269086717.0,23206.2,23236.2
1748269098424.0,23205.9,23235.9
1748269102696.0,23206.2,23236.2
1748269102920.0,23205.9,23235.9
1748269110435.0,23206.2,23236.2
1748269112130.0,23205.9,23235.9
1748269114921.0,23206.2,23236.2
1748269122923.0,23205.9,23235.9
1748269124657.0,23206.2,23236.2
1748269124880.0,23205.9,23235.9
1748269125465.0,23205.7,23235.7
1748269125691.0,23205.9,23235.9
1748269125918.0,23206.2,23236.2
1748269126143.0,23205.9,23235.9
1748269126366.0,23205.7,23235.7
1748269128263.0,23205.9,23235.9
1748269128662.0,23205.7,23235.7
1748269130491.0,23205.4,23235.4
1748269131205.0,23205.7,23235.7
1748269131833.0,23205.4,23235.4
1748269132470.0,23205.1,23235.1
1748269133424.0,23205.4,23235.4
1748269133649.0,23205.7,23235.7
1748269133875.0,23205.9,23235.9
1748269136570.0,23206.2,23236.2
1748269136791.0,23205.9,23235.9
1748269139308.0,23206.2,23236.2
1748269139703.0,23206.5,23236.5
1748269141288.0,23206.2,23236.2
1748269142965.0,23206.5,23236.5
1748269143912.0,23207.0,23237.0
1748269144012.0,23206.8,23236.8
1748269144225.0,23207.0,23237.0
1748269145045.0,23206.8,23236.8
1748269145969.0,23207.0,23237.0
1748269153662.0,23207.6,23237.6
1748269156422.0,23207.8,23237.8
1748269157085.0,23208.1,23238.1
1748269157487.0,23207.6,23237.6
1748269158926.0,23207.8,23237.8
1748269160646.0,23208.1,23238.1
1748269164423.0,23207.6,23237.6
1748269165043.0,23207.8,23237.8
1748269167183.0,23208.1,23238.1
1748269168551.0,23207.8,23237.8
1748269170155.0,23208.1,23238.1
1748269170380.0,23207.8,23237.8
1748269174287.0,23208.1,23238.1
1748269189331.0,23207.8,23237.8
1748269189554.0,23208.1,23238.1
1748269194949.0,23207.8,23237.8
1748269195387.0,23207.6,23237.6
1748269200565.0,23207.3,23237.3
1748269200968.0,23207.6,23237.6
1748269201193.0,23207.3,23237.3
1748269201799.0,23207.6,23237.6
1748269204424.0,23207.3,23237.3
1748269206443.0,23207.0,23237.0
1748269206666.0,23207.3,23237.3
1748269209048.0,23207.0,23237.0
1748269209568.0,23207.3,23237.3
1748269209794.0,23207.0,23237.0
1748269210215.0,23207.3,23237.3
1748269210613.0,23207.0,23237.0
1748269210837.0,23207.3,23237.3
1748269211062.0,23207.0,23237.0
1748269211608.0,23207.3,23237.3
1748269212011.0,23206.5,23236.5
1748269212235.0,23206.8,23236.8
1748269212458.0,23206.5,23236.5
1748269212684.0,23207.0,23237.0
1748269214790.0,23208.1,23238.1
1748269215413.0,23207.6,23237.6
1748269217848.0,23207.3,23237.3
1748269218071.0,23207.6,23237.6
1748269219163.0,23208.1,23238.1
1748269227391.0,23207.6,23237.6
1748269228050.0,23207.8,23237.8
1748269228463.0,23207.6,23237.6
1748269228863.0,23207.8,23237.8
1748269229344.0,23208.1,23238.1
1748269229568.0,23207.0,23237.0
1748269231873.0,23206.8,23236.8
1748269234197.0,23207.0,23237.0
1748269236855.0,23206.8,23236.8
1748269238774.0,23207.0,23237.0
1748269239177.0,23207.3,23237.3
1748269240878.0,23207.6,23237.6
1748269241103.0,23207.3,23237.3
1748269241947.0,23207.0,23237.0
1748269245677.0,23206.8,23236.8
1748269245901.0,23207.0,23237.0
1748269248951.0,23206.8,23236.8
1748269250720.0,23206.5,23236.5
1748269252595.0,23206.2,23236.2
1748269252988.0,23205.9,23235.9
1748269253289.0,23206.2,23236.2
1748269254051.0,23205.9,23235.9
1748269255291.0,23206.2,23236.2
1748269255688.0,23205.9,23235.9
1748269255963.0,23206.2,23236.2
1748269256187.0,23205.9,23235.9
1748269258213.0,23206.2,23236.2
1748269259557.0,23205.9,23235.9
1748269261874.0,23206.2,23236.2
1748269263526.0,23206.5,23236.5
1748269263972.0,23206.8,23236.8
1748269264198.0,23206.2,23236.2
1748269265101.0,23206.5,23236.5
1748269266563.0,23206.5,23236.5
1748269266789.0,23206.2,23236.2
1748269267916.0,23205.7,23235.7
1748269268141.0,23206.2,23236.2
1748269269201.0,23204.1,23234.1
1748269269299.0,23203.8,23233.8
1748269270402.0,23204.0,23234.0
1748269270623.0,23204.3,23234.3
1748269271399.0,23203.2,23233.2
1748269272543.0,23204.3,23234.3
1748269273232.0,23204.9,23234.9
1748269274432.0,23204.3,23234.3
1748269275719.0,23204.9,23234.9
1748269282719.0,23204.3,23234.3
1748269286376.0,23204.6,23234.6
1748269286825.0,23203.8,23233.8
1748269287715.0,23204.3,23234.3
1748269294043.0,23204.0,23234.0
1748269295194.0,23203.8,23233.8
1748269296642.0,23204.3,23234.3
1748269297057.0,23204.0,23234.0
1748269297662.0,23203.8,23233.8
1748269300317.0,23203.2,23233.2
1748269301144.0,23202.7,23232.7
1748269302533.0,23202.7,23232.7
1748269303381.0,23203.0,23233.0
1748269303777.0,23203.2,23233.2
1748269305405.0,23202.7,23232.7
1748269305987.0,23202.4,23232.4
1748269306414.0,23202.2,23232.2
1748269307890.0,23202.4,23232.4
1748269308999.0,23201.9,23231.9
1748269309225.0,23202.2,23232.2
1748269309808.0,23201.9,23231.9
1748269310259.0,23202.7,23232.7
1748269311315.0,23202.2,23232.2
1748269314903.0,23201.9,23231.9
1748269315353.0,23201.6,23231.6
1748269321771.0,23201.3,23231.3
1748269322337.0,23202.2,23232.2
1748269323083.0,23201.6,23231.6
1748269324228.0,23201.9,23231.9
1748269324451.0,23201.6,23231.6
1748269326913.0,23201.9,23231.9
1748269327425.0,23201.6,23231.6
1748269328086.0,23201.3,23231.3
1748269328322.0,23201.9,23231.9
1748269329598.0,23202.7,23232.7
1748269330814.0,23203.0,23233.0
1748269331114.0,23203.2,23233.2
1748269336413.0,23203.8,23233.8
1748269338415.0,23204.3,23234.3
1748269339668.0,23204.9,23234.9
1748269341409.0,23205.4,23235.4
1748269341858.0,23205.1,23235.1
1748269342082.0,23205.4,23235.4
1748269342472.0,23205.1,23235.1
1748269344306.0,23204.9,23234.9
1748269346277.0,23205.4,23235.4
1748269351964.0,23205.1,23235.1
1748269352190.0,23204.9,23234.9
1748269355864.0,23204.3,23234.3
1748269358325.0,23204.6,23234.6
1748269361210.0,23204.9,23234.9
1748269364545.0,23205.1,23235.1
1748269368013.0,23205.1,23235.1
1748269369210.0,23205.4,23235.4
1748269370489.0,23205.1,23235.1
1748269372505.0,23204.9,23234.9
1748269372731.0,23205.1,23235.1
1748269372957.0,23205.9,23235.9
1748269376956.0,23205.6,23235.6
1748269377354.0,23205.4,23235.4
1748269379585.0,23205.9,23235.9
1748269383957.0,23205.6,23235.6
1748269386598.0,23205.9,23235.9
1748269387380.0,23206.4,23236.4
1748269388636.0,23205.9,23235.9
1748269389727.0,23205.6,23235.6
1748269390801.0,23205.9,23235.9
1748269391723.0,23206.1,23236.1
1748269392427.0,23205.9,23235.9
1748269394948.0,23206.1,23236.1
1748269395347.0,23205.9,23235.9
1748269396337.0,23206.1,23236.1
1748269397219.0,23206.4,23236.4
1748269401280.0,23205.9,23235.9
1748269407226.0,23206.4,23236.4
1748269407638.0,23206.1,23236.1
1748269410304.0,23205.9,23235.9
1748269410527.0,23206.1,23236.1
1748269411208.0,23206.4,23236.4
1748269414364.0,23206.1,23236.1
1748269414675.0,23205.9,23235.9
1748269414898.0,23206.4,23236.4
1748269416377.0,23206.1,23236.1
1748269416775.0,23205.9,23235.9
1748269419982.0,23206.1,23236.1
1748269420209.0,23205.9,23235.9
1748269429742.0,23205.6,23235.6
1748269432427.0,23205.9,23235.9
1748269436274.0,23205.3,23235.3
1748269437667.0,23204.8,23234.8
1748269438739.0,23205.1,23235.1
1748269440186.0,23204.8,23234.8
1748269440413.0,23205.3,23235.3
1748269442361.0,23205.9,23235.9
1748269444687.0,23206.1,23236.1
1748269448040.0,23205.9,23235.9
1748269448262.0,23206.4,23236.4
1748269451138.0,23206.9,23236.9
1748269454103.0,23206.7,23236.7
1748269454928.0,23206.4,23236.4
1748269455026.0,23206.1,23236.1
1748269455847.0,23206.4,23236.4
1748269456423.0,23206.7,23236.7
1748269457722.0,23206.4,23236.4
1748269469691.0,23206.9,23236.9
1748269470186.0,23206.7,23236.7
1748269470411.0,23206.4,23236.4
1748269471057.0,23206.7,23236.7
1748269471729.0,23206.4,23236.4
1748269481990.0,23206.7,23236.7
1748269482415.0,23206.9,23236.9
1748269483503.0,23206.7,23236.7
1748269483730.0,23206.4,23236.4
1748269484123.0,23206.7,23236.7
1748269484407.0,23206.9,23236.9
1748269485980.0,23206.4,23236.4
1748269487668.0,23206.7,23236.7
1748269489432.0,23206.9,23236.9
1748269490773.0,23206.7,23236.7
1748269494468.0,23206.4,23236.4
1748269500464.0,23205.9,23235.9
1748269501393.0,23206.1,23236.1
1748269505715.0,23205.9,23235.9
1748269506619.0,23206.4,23236.4
1748269512914.0,23206.7,23236.7
1748269514240.0,23206.4,23236.4
1748269515509.0,23206.9,23236.9
1748269516772.0,23206.4,23236.4
1748269517349.0,23205.9,23235.9
1748269519462.0,23206.1,23236.1
1748269522453.0,23206.4,23236.4
1748269522678.0,23205.9,23235.9
1748269529054.0,23205.6,23235.6
1748269529963.0,23205.3,23235.3
1748269530157.0,23205.6,23235.6
1748269534061.0,23205.8,23235.8
1748269535521.0,23206.1,23236.1
1748269541176.0,23206.7,23236.7
1748269542327.0,23207.2,23237.2
1748269543042.0,23207.5,23237.5
1748269548184.0,23208.0,23238.0
1748269549315.0,23207.7,23237.7
1748269549540.0,23208.0,23238.0
1748269555389.0,23208.3,23238.3
1748269555738.0,23208.0,23238.0
1748269556419.0,23208.3,23238.3
1748269556800.0,23208.0,23238.0
1748269567812.0,23208.2,23238.2
1748269568286.0,23207.5,23237.5
1748269568639.0,23207.7,23237.7
1748269568864.0,23207.5,23237.5
1748269573566.0,23208.0,23238.0
1748269574179.0,23208.3,23238.3
1748269578756.0,23208.6,23238.6
1748269581467.0,23208.9,23238.9
1748269581693.0,23208.6,23238.6
1748269582429.0,23208.9,23238.9
1748269584329.0,23209.4,23239.4
1748269585159.0,23209.1,23239.1
1748269585674.0,23208.6,23238.6
1748269586283.0,23208.8,23238.8
1748269586504.0,23209.1,23239.1
1748269587063.0,23208.8,23238.8
1748269587485.0,23209.1,23239.1
1748269589566.0,23209.4,23239.4
1748269589854.0,23209.9,23239.9
1748269591285.0,23209.6,23239.6
1748269594835.0,23209.4,23239.4
1748269603830.0,23209.6,23239.6
1748269604054.0,23209.4,23239.4
1748269608127.0,23208.6,23238.6
1748269609677.0,23208.8,23238.8
1748269611731.0,23208.0,23238.0
1748269611898.0,23207.7,23237.7
1748269612823.0,23207.2,23237.2
1748269614456.0,23206.9,23236.9
1748269614679.0,23207.2,23237.2
1748269617865.0,23207.5,23237.5
1748269618089.0,23207.2,23237.2
1748269630752.0,23206.1,23236.1
1748269651910.0,23206.4,23236.4
1748269652848.0,23206.7,23236.7
1748269654902.0,23207.2,23237.2
1748269658192.0,23206.9,23236.9
1748269666519.0,23207.2,23237.2
1748269670388.0,23206.9,23236.9
1748269684972.0,23207.2,23237.2
1748269685928.0,23206.9,23236.9
1748269686326.0,23207.2,23237.2
1748269686551.0,23206.9,23236.9
1748269693329.0,23205.9,23235.9
1748269696431.0,23205.6,23235.6
1748269697080.0,23205.3,23235.3
1748269697302.0,23205.9,23235.9
1748269700121.0,23206.1,23236.1
1748269702191.0,23205.9,23235.9
1748269703829.0,23206.1,23236.1
1748269704972.0,23206.4,23236.4
1748269706701.0,23205.9,23235.9
1748269708186.0,23205.6,23235.6
1748269709235.0,23205.6,23235.6
1748269709734.0,23205.6,23235.6
1748269710452.0,23205.9,23235.9
1748269718678.0,23205.6,23235.6
1748269718797.0,23205.3,23235.3
1748269718903.0,23205.6,23235.6
1748269720177.0,23205.9,23235.9
1748269720272.0,23206.4,23236.4
1748269721690.0,23206.4,23236.4
1748269721964.0,23206.7,23236.7
1748269724132.0,23205.9,23235.9
1748269725219.0,23205.6,23235.6
1748269725667.0,23205.6,23235.6
1748269728479.0,23205.3,23235.3
1748269728702.0,23205.9,23235.9
1748269732832.0,23205.6,23235.6
1748269733954.0,23205.3,23235.3
1748269734178.0,23205.6,23235.6
1748269735878.0,23205.6,23235.6
1748269737826.0,23205.9,23235.9
1748269738050.0,23206.1,23236.1
1748269738673.0,23206.4,23236.4
1748269739880.0,23206.4,23236.4
1748269741709.0,23206.7,23236.7
1748269742775.0,23206.9,23236.9
1748269748505.0,23207.2,23237.2
1748269750955.0,23207.5,23237.5
1748269752792.0,23207.2,23237.2
1748269754935.0,23207.5,23237.5
1748269762243.0,23207.5,23237.5
1748269765281.0,23206.9,23236.9
1748269771258.0,23207.5,23237.5
1748269771719.0,23207.2,23237.2
1748269772114.0,23207.5,23237.5
1748269772543.0,23207.2,23237.2
1748269773840.0,23207.5,23237.5
1748269780456.0,23207.9,23237.9
1748269781596.0,23207.6,23237.6
1748269781820.0,23207.4,23237.4
1748269783829.0,23207.6,23237.6
1748269784836.0,23207.9,23237.9
1748269786377.0,23207.6,23237.6
1748269787866.0,23207.4,23237.4
1748269797226.0,23207.1,23237.1
1748269800165.0,23207.4,23237.4
1748269801550.0,23207.1,23237.1
1748269801954.0,23207.4,23237.4
1748269809816.0,23206.8,23236.8
1748269813257.0,23206.6,23236.6
1748269813919.0,23206.3,23236.3
1748269815173.0,23206.0,23236.0
1748269815960.0,23206.0,23236.0
1748269816329.0,23206.3,23236.3
1748269816554.0,23206.0,23236.0
1748269816986.0,23206.3,23236.3
1748269818595.0,23206.5,23236.5
1748269819043.0,23206.7,23236.7
1748269819493.0,23206.5,23236.5
1748269819755.0,23206.2,23236.2
1748269820511.0,23206.2,23236.2
1748269822411.0,23205.7,23235.7
1748269822637.0,23206.2,23236.2
1748269822966.0,23206.5,23236.5
1748269823451.0,23206.2,23236.2
1748269824222.0,23206.5,23236.5
1748269824322.0,23207.0,23237.0
1748269824857.0,23206.8,23236.8
1748269825412.0,23207.0,23237.0
1748269827554.0,23207.6,23237.6
1748269827857.0,23207.3,23237.3
1748269828650.0,23207.3,23237.3
1748269828921.0,23207.6,23237.6
1748269829572.0,23207.0,23237.0
1748269830299.0,23206.5,23236.5
1748269830847.0,23206.8,23236.8
1748269831321.0,23207.0,23237.0
1748269831818.0,23206.8,23236.8
1748269832043.0,23207.0,23237.0
1748269832675.0,23206.8,23236.8
1748269833126.0,23206.8,23236.8
1748269833349.0,23206.5,23236.5
1748269834496.0,23206.2,23236.2
1748269835548.0,23206.5,23236.5
1748269836909.0,23206.2,23236.2
1748269837420.0,23206.5,23236.5
1748269839985.0,23207.3,23237.3
1748269840128.0,23207.6,23237.6
1748269840529.0,23207.3,23237.3
1748269841644.0,23207.9,23237.9
1748269842342.0,23207.3,23237.3
1748269842801.0,23206.8,23236.8
1748269845282.0,23206.5,23236.5
1748269845686.0,23205.7,23235.7
1748269845908.0,23205.2,23235.2
1748269846133.0,23204.6,23234.6
1748269846358.0,23204.9,23234.9
1748269847093.0,23204.9,23234.9
1748269847541.0,23205.7,23235.7
1748269848293.0,23205.2,23235.2
1748269848976.0,23205.4,23235.4
1748269849202.0,23205.7,23235.7
1748269849754.0,23205.2,23235.2
1748269849980.0,23204.6,23234.6
1748269851681.0,23203.6,23233.6
1748269852130.0,23198.4,23228.4
1748269852579.0,23197.6,23227.6
1748269852823.0,23197.9,23227.9
1748269853304.0,23199.0,23229.0
1748269853529.0,23200.1,23230.1
1748269853881.0,23200.6,23230.6
1748269854383.0,23200.1,23230.1
1748269854829.0,23201.1,23231.1
1748269855055.0,23200.8,23230.8
1748269855608.0,23201.4,23231.4
1748269856646.0,23201.4,23231.4
1748269857097.0,23201.7,23231.7
1748269857546.0,23200.1,23230.1
1748269857997.0,23200.1,23230.1
1748269858448.0,23200.1,23230.1
1748269858896.0,23200.1,23230.1
1748269859346.0,23200.1,23230.1
1748269860180.0,23199.8,23229.8
1748269860629.0,23199.8,23229.8
1748269861082.0,23199.5,23229.5
1748269861444.0,23199.0,23229.0
1748269862105.0,23199.5,23229.5
1748269862512.0,23199.2,23229.2
1748269862737.0,23199.0,23229.0
1748269863165.0,23199.2,23229.2
1748269863582.0,23199.0,23229.0
1748269864206.0,23200.1,23230.1
1748269864428.0,23199.8,23229.8
1748269864959.0,23200.1,23230.1
1748269865616.0,23199.0,23229.0
1748269867179.0,23200.1,23230.1
1748269867477.0,23199.8,23229.8
1748269867700.0,23199.5,23229.5
1748269868150.0,23198.7,23228.7
1748269868375.0,23199.0,23229.0
1748269868602.0,23199.5,23229.5
1748269868826.0,23199.0,23229.0
1748269869136.0,23198.4,23228.4
1748269870827.0,23197.9,23227.9
1748269871053.0,23198.4,23228.4
1748269871276.0,23198.2,23228.2
1748269871727.0,23198.4,23228.4
1748269871951.0,23199.0,23229.0
1748269872291.0,23198.4,23228.4
1748269872750.0,23197.9,23227.9
1748269873695.0,23198.4,23228.4
1748269874143.0,23199.0,23229.0
1748269874368.0,23198.7,23228.7
1748269874693.0,23199.0,23229.0
1748269875162.0,23198.4,23228.4
1748269875965.0,23198.7,23228.7
1748269876187.0,23199.0,23229.0
1748269876565.0,23199.2,23229.2
1748269877113.0,23199.5,23229.5
1748269877736.0,23199.5,23229.5
1748269878663.0,23199.8,23229.8
1748269879095.0,23200.1,23230.1
1748269879544.0,23200.1,23230.1
1748269880381.0,23200.6,23230.6
1748269880899.0,23201.1,23231.1
1748269881664.0,23201.4,23231.4
1748269882116.0,23201.1,23231.1
1748269883146.0,23201.7,23231.7
1748269883369.0,23202.0,23232.0
1748269884227.0,23202.0,23232.0
1748269884454.0,23202.5,23232.5
1748269885712.0,23202.8,23232.8
1748269887582.0,23203.4,23233.4
1748269890242.0,23202.9,23232.9
1748269890776.0,23203.4,23233.4
1748269895431.0,23204.0,23234.0
1748269897358.0,23205.0,23235.0
1748269902470.0,23205.6,23235.6
1748269903940.0,23205.9,23235.9
1748269904921.0,23205.3,23235.3
1748269905404.0,23205.0,23235.0
1748269907065.0,23204.8,23234.8
1748269907514.0,23204.5,23234.5
1748269907877.0,23204.2,23234.2
1748269909093.0,23204.5,23234.5
1748269909491.0,23204.2,23234.2
1748269909746.0,23204.5,23234.5
1748269909970.0,23204.2,23234.2
1748269910414.0,23204.8,23234.8
1748269918907.0,23205.3,23235.3
1748269919655.0,23205.0,23235.0
1748269920087.0,23205.3,23235.3
1748269921385.0,23205.0,23235.0
1748269921609.0,23205.3,23235.3
1748269924464.0,23204.8,23234.8
1748269925178.0,23204.8,23234.8
1748269925403.0,23204.5,23234.5
1748269925628.0,23204.8,23234.8
1748269925912.0,23204.5,23234.5
1748269926305.0,23204.2,23234.2
1748269926530.0,23204.5,23234.5
1748269926964.0,23204.2,23234.2
1748269928097.0,23203.7,23233.7
1748269928485.0,23204.0,23234.0
1748269928882.0,23203.7,23233.7
1748269929468.0,23204.0,23234.0
1748269929881.0,23204.2,23234.2
1748269930105.0,23204.0,23234.0
1748269930328.0,23203.7,23233.7
1748269930555.0,23203.4,23233.4
1748269931637.0,23203.7,23233.7
1748269931859.0,23203.4,23233.4
1748269933274.0,23203.7,23233.7
1748269934136.0,23203.4,23233.4
1748269934994.0,23203.7,23233.7
1748269935219.0,23204.2,23234.2
1748269939565.0,23204.5,23234.5
1748269944212.0,23204.8,23234.8
1748269944613.0,23204.5,23234.5
1748269946153.0,23204.8,23234.8
1748269947127.0,23204.5,23234.5
1748269948629.0,23204.5,23234.5
1748269949281.0,23204.2,23234.2
1748269949658.0,23204.0,23234.0
1748269950116.0,23203.1,23233.1
1748269950633.0,23203.1,23233.1
1748269951083.0,23203.1,23233.1
1748269952496.0,23203.7,23233.7
1748269952919.0,23203.4,23233.4
1748269953948.0,23202.9,23232.9
1748269954691.0,23203.4,23233.4
1748269956223.0,23202.9,23232.9
1748269957718.0,23203.1,23233.1
1748269957943.0,23202.9,23232.9
1748269959953.0,23203.1,23233.1
1748269962502.0,23202.9,23232.9
1748269962826.0,23202.0,23232.0
1748269967906.0,23202.3,23232.3
1748269969259.0,23202.0,23232.0
1748269969654.0,23202.3,23232.3
1748269971831.0,23202.6,23232.6
1748269972575.0,23202.8,23232.8
1748269973199.0,23202.8,23232.8
1748269973422.0,23203.1,23233.1
1748269973891.0,23203.4,23233.4
1748269974158.0,23203.4,23233.4
1748269974753.0,23202.9,23232.9
1748269976893.0,23203.4,23233.4
1748269978342.0,23203.1,23233.1
1748269978565.0,23202.9,23232.9
1748269980406.0,23202.3,23232.3
1748269980630.0,23202.6,23232.6
1748269981019.0,23202.3,23232.3
1748269982005.0,23202.2,23232.2
1748269982229.0,23202.3,23232.3
1748269982706.0,23202.1,23232.1
1748269983409.0,23201.5,23231.5
1748269983507.0,23201.0,23231.0
1748269983681.0,23201.5,23231.5
1748269984680.0,23201.9,23231.9
1748269985419.0,23202.1,23232.1
1748269985515.0,23202.3,23232.3
1748269985826.0,23202.1,23232.1
1748269988016.0,23202.3,23232.3
1748269989989.0,23202.9,23232.9
1748269991010.0,23202.6,23232.6
1748269992268.0,23202.9,23232.9
1748269998497.0,23203.1,23233.1
1748269999864.0,23202.9,23232.9
1748270000086.0,23203.1,23233.1
1748270004281.0,23202.9,23232.9
1748270006123.0,23203.4,23233.4
1748270007565.0,23203.1,23233.1
1748270013648.0,23203.4,23233.4
1748270015489.0,23202.3,23232.3
1748270018271.0,23202.6,23232.6
1748270020432.0,23202.3,23232.3
1748270023262.0,23202.6,23232.6
1748270024839.0,23202.3,23232.3
1748270029601.0,23202.1,23232.1
1748270029821.0,23201.8,23231.8
1748270030231.0,23201.5,23231.5
1748270030739.0,23201.3,23231.3
1748270030963.0,23201.5,23231.5
1748270031612.0,23200.7,23230.7
1748270035211.0,23201.0,23231.0
1748270036027.0,23201.3,23231.3
1748270036249.0,23201.0,23231.0
1748270039538.0,23200.4,23230.4
1748270039705.0,23200.7,23230.7
1748270040431.0,23201.0,23231.0
1748270040528.0,23201.3,23231.3
1748270041774.0,23201.3,23231.3
1748270047983.0,23201.5,23231.5
1748270050480.0,23201.8,23231.8
1748270052766.0,23201.3,23231.3
1748270057806.0,23199.2,23229.2
1748270063349.0,23199.5,23229.5
1748270067530.0,23199.2,23229.2
1748270069768.0,23199.5,23229.5
1748270070216.0,23199.2,23229.2
1748270075145.0,23199.8,23229.8
1748270077000.0,23199.5,23229.5
1748270077223.0,23199.8,23229.8
1748270077449.0,23199.5,23229.5
1748270078734.0,23199.8,23229.8
1748270094389.0,23199.2,23229.2
1748270100547.0,23198.2,23228.2
1748270100769.0,23197.9,23227.9
1748270100994.0,23197.6,23227.6
1748270101316.0,23197.9,23227.9
1748270101548.0,23197.6,23227.6
1748270101772.0,23197.9,23227.9
1748270102097.0,23197.3,23227.3
1748270102293.0,23197.1,23227.1
1748270102948.0,23196.8,23226.8
1748270103170.0,23196.5,23226.5
1748270103461.0,23196.8,23226.8
1748270103688.0,23196.5,23226.5
1748270103965.0,23196.8,23226.8
1748270104365.0,23196.3,23226.3
1748270104766.0,23197.3,23227.3
1748270105692.0,23197.1,23227.1
1748270106115.0,23196.8,23226.8
1748270107533.0,23197.1,23227.1
1748270107757.0,23196.8,23226.8
1748270108586.0,23197.1,23227.1
1748270109291.0,23196.8,23226.8
1748270112072.0,23195.7,23225.7
1748270112392.0,23195.0,23225.0
1748270112617.0,23194.6,23224.6
1748270112867.0,23194.4,23224.4
1748270113093.0,23194.9,23224.9
1748270113527.0,23195.2,23225.2
1748270113751.0,23195.4,23225.4
1748270114332.0,23195.2,23225.2
1748270114609.0,23195.2,23225.2
1748270114783.0,23195.4,23225.4
1748270115385.0,23194.7,23224.7
1748270115609.0,23195.2,23225.2
1748270115835.0,23194.9,23224.9
1748270116188.0,23195.2,23225.2
1748270116415.0,23194.7,23224.7
1748270117337.0,23194.1,23224.1
1748270117961.0,23193.8,23223.8
1748270118319.0,23194.4,23224.4
1748270118543.0,23194.6,23224.6
1748270118766.0,23194.9,23224.9
1748270118991.0,23194.6,23224.6
1748270119217.0,23193.3,23223.3
1748270120249.0,23193.0,23223.0
1748270120471.0,23192.7,23222.7
1748270121371.0,23193.3,23223.3
1748270121595.0,23193.0,23223.0
1748270122196.0,23193.3,23223.3
1748270122595.0,23193.0,23223.0
1748270122817.0,23193.3,23223.3
1748270123045.0,23193.8,23223.8
1748270123359.0,23193.5,23223.5
1748270124157.0,23193.8,23223.8
1748270125303.0,23193.5,23223.5
1748270126378.0,23193.3,23223.3
1748270127631.0,23193.0,23223.0
1748270127857.0,23191.9,23221.9
1748270128080.0,23193.0,23223.0
1748270130380.0,23193.3,23223.3
1748270130602.0,23193.5,23223.5
1748270131345.0,23194.1,23224.1
1748270132343.0,23194.3,23224.3
1748270132565.0,23194.6,23224.6
1748270132971.0,23194.3,23224.3
1748270133542.0,23193.8,23223.8
1748270133966.0,23193.5,23223.5
1748270134887.0,23193.8,23223.8
1748270135284.0,23194.1,23224.1
1748270135917.0,23193.8,23223.8
1748270136436.0,23194.1,23224.1
1748270136661.0,23194.3,23224.3
1748270137148.0,23194.1,23224.1
1748270137546.0,23194.3,23224.3
1748270138003.0,23194.1,23224.1
1748270138605.0,23194.3,23224.3
1748270138831.0,23194.1,23224.1
1748270141060.0,23193.5,23223.5
1748270141283.0,23193.8,23223.8
1748270141508.0,23193.5,23223.5
1748270142484.0,23193.8,23223.8
1748270142885.0,23193.5,23223.5
1748270147363.0,23194.1,23224.1
1748270150832.0,23193.5,23223.5
1748270153726.0,23193.0,23223.0
1748270155187.0,23193.3,23223.3
1748270156025.0,23193.5,23223.5
1748270156333.0,23193.5,23223.5
1748270156904.0,23193.5,23223.5
1748270158549.0,23193.8,23223.8
1748270161706.0,23194.4,23224.4
1748270162676.0,23194.9,23224.9
1748270163722.0,23194.4,23224.4
1748270164468.0,23194.6,23224.6
1748270164912.0,23194.9,23224.9
1748270165531.0,23194.6,23224.6
1748270165911.0,23194.9,23224.9
1748270166310.0,23194.6,23224.6
1748270166536.0,23194.4,23224.4
1748270166760.0,23194.6,23224.6
1748270167689.0,23194.9,23224.9
1748270170537.0,23194.9,23224.9
1748270171504.0,23194.8,23224.8
1748270171921.0,23194.9,23224.9
1748270172187.0,23195.4,23225.4
1748270174602.0,23196.0,23226.0
1748270179872.0,23196.5,23226.5
1748270181733.0,23196.0,23226.0
1748270182765.0,23195.7,23225.7
1748270183792.0,23195.4,23225.4
1748270186034.0,23195.4,23225.4
1748270186261.0,23195.7,23225.7
1748270186974.0,23195.4,23225.4
1748270188014.0,23195.2,23225.2
1748270192607.0,23194.9,23224.9
1748270195690.0,23195.2,23225.2
1748270196492.0,23195.4,23225.4
1748270197577.0,23195.2,23225.2
1748270197802.0,23195.4,23225.4
1748270202540.0,23196.0,23226.0
1748270203620.0,23195.7,23225.7
1748270204072.0,23195.7,23225.7
1748270204719.0,23195.7,23225.7
1748270205169.0,23195.7,23225.7
1748270205464.0,23196.0,23226.0
1748270210208.0,23196.2,23226.2
1748270210431.0,23196.0,23226.0
1748270210656.0,23196.2,23226.2
1748270211491.0,23196.5,23226.5
1748270211724.0,23196.0,23226.0
1748270213880.0,23196.2,23226.2
1748270218721.0,23197.0,23227.0
1748270220299.0,23196.7,23226.7
1748270222238.0,23196.4,23226.4
1748270227704.0,23196.7,23226.7
1748270229668.0,23196.7,23226.7
1748270231168.0,23197.0,23227.0
1748270231564.0,23197.3,23227.3
1748270241913.0,23197.0,23227.0
1748270243683.0,23196.7,23226.7
1748270245467.0,23197.0,23227.0
1748270245972.0,23196.7,23226.7
1748270246197.0,23197.0,23227.0
1748270247047.0,23196.7,23226.7
1748270250689.0,23197.0,23227.0
1748270252267.0,23196.7,23226.7
1748270252490.0,23197.0,23227.0
1748270254293.0,23196.7,23226.7
1748270254851.0,23197.0,23227.0
1748270256466.0,23197.3,23227.3
1748270257458.0,23197.5,23227.5
1748270257914.0,23197.8,23227.8
1748270258522.0,23197.5,23227.5
1748270260066.0,23197.3,23227.3
1748270260308.0,23197.0,23227.0
1748270260768.0,23196.7,23226.7
1748270261791.0,23197.0,23227.0
1748270262318.0,23196.7,23226.7
1748270263556.0,23197.0,23227.0
1748270263779.0,23196.7,23226.7
1748270265444.0,23197.0,23227.0
1748270266501.0,23196.7,23226.7
1748270267444.0,23196.2,23226.2
1748270268417.0,23195.4,23225.4
1748270269033.0,23195.9,23225.9
1748270269546.0,23195.4,23225.4
1748270270121.0,23195.1,23225.1
1748270273131.0,23194.8,23224.8
1748270273581.0,23194.8,23224.8
1748270276004.0,23194.6,23224.6
1748270277552.0,23194.3,23224.3
1748270277649.0,23193.7,23223.7
1748270278666.0,23194.0,23224.0
1748270279633.0,23193.7,23223.7
1748270280409.0,23193.4,23223.4
1748270280698.0,23193.7,23223.7
1748270280924.0,23194.3,23224.3
1748270281402.0,23193.4,23223.4
1748270281624.0,23193.7,23223.7
1748270282320.0,23194.0,23224.0
1748270282418.0,23194.6,23224.6
1748270283258.0,23194.6,23224.6
1748270285505.0,23194.3,23224.3
1748270286997.0,23194.0,23224.0
1748270287218.0,23194.6,23224.6
1748270287905.0,23194.4,23224.4
1748270288145.0,23194.1,23224.1
1748270289666.0,23194.6,23224.6
1748270289792.0,23195.1,23225.1
1748270290667.0,23194.8,23224.8
1748270291088.0,23195.1,23225.1
1748270298448.0,23195.3,23225.3
1748270302324.0,23195.6,23225.6
1748270306634.0,23195.6,23225.6
1748270309312.0,23195.3,23225.3
1748270309922.0,23195.1,23225.1
1748270310703.0,23194.6,23224.6
1748270310926.0,23194.8,23224.8
1748270311811.0,23194.6,23224.6
1748270318374.0,23194.3,23224.3
1748270319185.0,23194.6,23224.6
1748270321696.0,23194.8,23224.8
1748270324144.0,23194.6,23224.6
1748270330360.0,23194.8,23224.8
1748270330583.0,23194.0,23224.0
1748270332498.0,23193.7,23223.7
1748270333746.0,23194.0,23224.0
1748270334223.0,23194.3,23224.3
1748270334847.0,23194.3,23224.3
1748270336932.0,23195.1,23225.1
1748270337450.0,23194.6,23224.6
1748270341224.0,23194.0,23224.0
1748270342780.0,23193.2,23223.2
1748270344827.0,23192.6,23222.6
1748270346100.0,23192.9,23222.9
1748270346542.0,23193.2,23223.2
1748270346919.0,23192.9,23222.9
1748270347316.0,23192.6,23222.6
1748270347540.0,23193.2,23223.2
1748270347982.0,23192.6,23222.6
1748270350521.0,23192.9,23222.9
1748270351804.0,23192.6,23222.6
1748270353105.0,23192.9,23222.9
1748270353328.0,23192.6,23222.6
1748270353553.0,23192.9,23222.9
1748270356305.0,23193.2,23223.2
1748270357414.0,23192.9,23222.9
1748270357638.0,23193.2,23223.2
1748270361871.0,23192.9,23222.9
1748270362691.0,23192.6,23222.6
1748270362916.0,23193.2,23223.2
1748270363140.0,23192.9,23222.9
1748270363488.0,23193.2,23223.2
1748270364045.0,23192.9,23222.9
1748270365131.0,23192.6,23222.6
1748270365356.0,23193.2,23223.2
1748270372048.0,23192.9,23222.9
1748270372642.0,23192.6,23222.6
1748270372869.0,23192.9,23222.9
1748270373987.0,23192.6,23222.6
1748270376856.0,23192.1,23222.1
1748270377364.0,23192.1,23222.1
1748270378739.0,23191.6,23221.6
1748270380394.0,23191.0,23221.0
1748270387020.0,23191.0,23221.0
1748270387470.0,23191.0,23221.0
1748270388918.0,23191.3,23221.3
1748270389140.0,23191.6,23221.6
1748270389838.0,23191.3,23221.3
1748270391322.0,23191.6,23221.6
1748270391721.0,23192.1,23222.1
1748270393234.0,23191.8,23221.8
1748270395597.0,23192.1,23222.1
1748270395994.0,23191.8,23221.8
1748270396421.0,23192.1,23222.1
1748270401449.0,23192.6,23222.6
1748270403295.0,23192.1,23222.1
1748270406884.0,23192.4,23222.4
1748270407109.0,23191.6,23221.6
1748270407932.0,23191.8,23221.8
1748270409856.0,23192.1,23222.1
1748270410278.0,23192.4,23222.4
1748270410502.0,23192.1,23222.1
1748270410727.0,23192.4,23222.4
1748270412032.0,23192.7,23222.7
1748270414579.0,23193.2,23223.2
1748270414805.0,23193.5,23223.5
1748270419817.0,23193.2,23223.2
1748270421327.0,23192.6,23222.6
1748270421828.0,23192.9,23222.9
1748270422227.0,23192.6,23222.6
1748270422886.0,23191.8,23221.8
1748270423109.0,23192.1,23222.1
1748270425519.0,23191.6,23221.6
1748270426426.0,23191.8,23221.8
1748270428240.0,23191.7,23221.7
1748270432041.0,23191.7,23221.7
1748270432356.0,23192.0,23222.0
1748270432581.0,23191.7,23221.7
1748270433505.0,23191.7,23221.7
1748270433962.0,23192.0,23222.0
1748270434176.0,23192.3,23222.3
1748270437155.0,23192.0,23222.0
1748270437378.0,23192.3,23222.3
1748270440711.0,23192.5,23222.5
1748270442372.0,23192.8,23222.8
1748270442991.0,23192.3,23222.3
1748270444258.0,23192.1,23222.1
1748270448717.0,23192.4,23222.4
1748270448945.0,23192.1,23222.1
1748270449166.0,23191.8,23221.8
1748270450366.0,23192.1,23222.1
1748270454022.0,23191.6,23221.6
1748270462662.0,23191.8,23221.8
1748270465558.0,23192.1,23222.1
1748270467020.0,23191.8,23221.8
1748270468103.0,23191.6,23221.6
1748270472797.0,23191.8,23221.8
1748270473214.0,23192.1,23222.1
1748270475814.0,23192.4,23222.4
1748270476039.0,23192.7,23222.7
1748270477241.0,23193.8,23223.8
1748270477615.0,23194.0,23224.0
1748270478022.0,23193.5,23223.5
1748270478422.0,23193.0,23223.0
1748270479023.0,23193.2,23223.2
1748270479468.0,23193.5,23223.5
1748270479692.0,23193.0,23223.0
1748270486399.0,23193.5,23223.5
1748270486962.0,23193.8,23223.8
1748270487282.0,23194.3,23224.3
1748270487529.0,23194.6,23224.6
1748270487931.0,23194.9,23224.9
1748270488350.0,23195.1,23225.1
1748270488575.0,23194.9,23224.9
1748270490732.0,23194.3,23224.3
1748270491434.0,23194.0,23224.0
1748270494173.0,23194.3,23224.3
1748270495289.0,23193.8,23223.8
1748270497387.0,23193.2,23223.2
1748270499168.0,23193.8,23223.8
1748270502296.0,23194.0,23224.0
1748270502845.0,23193.8,23223.8
1748270505692.0,23193.5,23223.5
1748270505790.0,23193.0,23223.0
1748270507772.0,23193.2,23223.2
1748270507994.0,23193.0,23223.0
1748270508592.0,23193.2,23223.2
1748270508917.0,23193.6,23223.6
1748270509825.0,23193.9,23223.9
1748270510443.0,23194.0,23224.0
1748270511726.0,23194.3,23224.3
1748270513058.0,23194.6,23224.6
1748270514272.0,23194.3,23224.3
1748270514495.0,23194.6,23224.6
1748270516144.0,23194.9,23224.9
1748270518614.0,23194.3,23224.3
1748270525235.0,23193.8,23223.8
1748270528061.0,23194.3,23224.3
1748270529442.0,23194.6,23224.6
1748270529664.0,23194.3,23224.3
1748270531202.0,23194.9,23224.9
1748270534049.0,23194.3,23224.3
1748270534537.0,23194.6,23224.6
1748270537262.0,23194.9,23224.9
1748270540894.0,23195.4,23225.4
1748270541975.0,23196.2,23226.2
1748270543294.0,23195.7,23225.7
1748270543842.0,23195.1,23225.1
1748270543987.0,23194.9,23224.9
1748270545925.0,23195.1,23225.1
1748270546551.0,23194.9,23224.9
1748270548518.0,23195.1,23225.1
1748270549515.0,23195.2,23225.2
1748270550612.0,23194.9,23224.9
1748270550967.0,23195.2,23225.2
1748270551191.0,23194.6,23224.6
1748270552103.0,23194.9,23224.9
1748270552352.0,23194.6,23224.6
1748270556283.0,23194.3,23224.3
1748270557281.0,23193.8,23223.8
1748270560145.0,23194.3,23224.3
1748270572410.0,23194.6,23224.6
1748270579445.0,23194.3,23224.3
1748270583066.0,23194.6,23224.6
1748270583628.0,23194.3,23224.3
1748270584699.0,23194.6,23224.6
1748270584926.0,23194.9,23224.9
1748270585698.0,23194.3,23224.3
1748270586773.0,23194.9,23224.9
1748270588033.0,23194.3,23224.3
1748270599926.0,23193.5,23223.5
1748270600326.0,23193.0,23223.0
1748270600548.0,23193.2,23223.2
1748270600999.0,23193.2,23223.2
1748270603469.0,23193.0,23223.0
1748270606147.0,23193.2,23223.2
1748270616388.0,23194.0,23224.0
1748270616836.0,23193.2,23223.2
1748270617062.0,23193.5,23223.5
1748270620659.0,23193.8,23223.8
1748270621447.0,23194.3,23224.3
1748270624075.0,23194.0,23224.0
1748270624713.0,23194.3,23224.3
1748270626010.0,23194.9,23224.9
1748270626482.0,23194.3,23224.3
1748270630776.0,23194.6,23224.6
1748270631174.0,23194.9,23224.9
1748270631396.0,23194.6,23224.6
1748270640252.0,23194.3,23224.3
1748270641882.0,23194.6,23224.6
1748270643809.0,23194.9,23224.9
1748270644034.0,23194.3,23224.3
1748270654300.0,23193.8,23223.8
1748270660820.0,23194.0,23224.0
1748270667217.0,23194.3,23224.3
1748270673849.0,23194.9,23224.9
1748270674645.0,23194.6,23224.6
1748270676960.0,23194.9,23224.9
1748270677184.0,23194.3,23224.3
1748270678450.0,23194.6,23224.6
1748270679465.0,23194.9,23224.9
1748270680358.0,23194.3,23224.3
1748270680865.0,23194.6,23224.6
1748270681088.0,23194.9,23224.9
1748270683217.0,23195.2,23225.2
1748270688531.0,23194.9,23224.9
1748270689481.0,23194.6,23224.6
1748270690182.0,23195.2,23225.2
1748270700427.0,23194.6,23224.6
1748270700651.0,23194.1,23224.1
1748270701380.0,23194.3,23224.3
1748270702064.0,23194.6,23224.6
1748270702739.0,23194.9,23224.9
1748270702864.0,23194.8,23224.8
1748270703147.0,23194.6,23224.6
1748270703371.0,23194.8,23224.8
1748270703764.0,23194.9,23224.9
1748270704726.0,23194.8,23224.8
1748270705198.0,23194.6,23224.6
1748270706123.0,23194.9,23224.9
1748270706346.0,23194.6,23224.6
1748270707015.0,23194.9,23224.9
1748270708174.0,23194.6,23224.6
1748270709248.0,23194.9,23224.9
1748270710116.0,23194.6,23224.6
1748270712855.0,23194.1,23224.1
1748270712954.0,23193.8,23223.8
1748270713865.0,23193.3,23223.3
1748270720450.0,23192.4,23222.4
1748270721189.0,23191.6,23221.6
1748270723761.0,23191.6,23221.6
1748270724136.0,23192.2,23222.2
1748270726552.0,23192.4,23222.4
1748270731217.0,23192.7,23222.7
1748270732037.0,23192.2,23222.2
1748270734115.0,23192.4,23222.4
1748270735033.0,23192.7,23222.7
1748270738277.0,23193.0,23223.0
1748270738891.0,23193.3,23223.3
1748270739224.0,23193.8,23223.8
1748270739340.0,23194.1,23224.1
1748270740397.0,23193.8,23223.8
1748270742243.0,23194.1,23224.1
1748270742470.0,23193.8,23223.8
1748270743567.0,23193.6,23223.6
1748270743788.0,23193.3,23223.3
1748270744731.0,23193.6,23223.6
1748270750012.0,23194.1,23224.1
1748270750968.0,23193.6,23223.6
1748270757603.0,23194.1,23224.1
1748270770512.0,23193.6,23223.6
1748270773795.0,23193.8,23223.8
1748270774750.0,23193.6,23223.6
1748270781216.0,23193.3,23223.3
1748270781855.0,23193.3,23223.3
1748270784222.0,23193.0,23223.0
1748270786554.0,23193.3,23223.3
1748270787526.0,23193.0,23223.0
1748270790277.0,23192.5,23222.5
1748270793612.0,23192.7,23222.7
1748270802467.0,23192.5,23222.5
1748270805301.0,23192.7,23222.7
1748270805528.0,23192.5,23222.5
1748270806119.0,23193.0,23223.0
1748270806298.0,23192.8,23222.8
1748270809717.0,23193.0,23223.0
1748270810117.0,23192.8,23222.8
1748270820309.0,23193.3,23223.3
1748270820736.0,23192.8,23222.8
1748270828483.0,23193.0,23223.0
1748270830523.0,23193.3,23223.3
1748270831417.0,23193.8,23223.8
1748270831641.0,23194.7,23224.7
1748270832537.0,23193.8,23223.8
1748270835375.0,23193.5,23223.5
1748270836138.0,23193.8,23223.8
1748270836786.0,23194.1,23224.1
1748270837411.0,23194.4,23224.4
1748270848012.0,23194.6,23224.6
1748270856185.0,23194.4,23224.4
1748270868204.0,23194.1,23224.1
1748270868300.0,23193.5,23223.5
1748270869115.0,23193.8,23223.8
1748270869434.0,23194.1,23224.1
1748270870927.0,23194.4,23224.4
1748270871319.0,23194.1,23224.1
1748270879518.0,23194.4,23224.4
1748270880779.0,23194.1,23224.1
1748270881229.0,23193.3,23223.3
1748270881668.0,23192.8,23222.8
1748270881891.0,23193.3,23223.3
1748270882338.0,23193.0,23223.0
1748270883690.0,23192.8,23222.8
1748270890725.0,23191.4,23221.4
1748270891254.0,23192.2,23222.2
1748270891793.0,23191.7,23221.7
1748270892015.0,23191.9,23221.9
1748270892351.0,23192.2,23222.2
1748270893522.0,23191.6,23221.6
1748270894134.0,23192.5,23222.5
1748270894964.0,23192.7,23222.7
1748270896308.0,23192.2,23222.2
1748270896967.0,23192.5,23222.5
1748270898483.0,23192.2,23222.2
1748270898878.0,23192.5,23222.5
1748270901788.0,23191.9,23221.9
1748270906399.0,23191.6,23221.6
1748270907265.0,23191.9,23221.9
1748270907818.0,23191.6,23221.6
1748270909967.0,23191.9,23221.9
1748270910647.0,23192.2,23222.2
1748270913095.0,23192.5,23222.5
1748270916981.0,23192.2,23222.2
1748270917969.0,23192.5,23222.5
1748270918199.0,23191.9,23221.9
1748270919065.0,23192.2,23222.2
1748270922838.0,23191.6,23221.6
1748270923462.0,23191.3,23221.3
1748270923687.0,23191.1,23221.1
1748270925044.0,23191.3,23221.3
1748270927192.0,23191.6,23221.6
1748270927590.0,23191.3,23221.3
1748270928964.0,23191.6,23221.6
1748270933190.0,23191.3,23221.3
1748270934579.0,23191.6,23221.6
1748270936151.0,23191.1,23221.1
1748270937481.0,23191.3,23221.3
1748270939713.0,23191.6,23221.6
1748270943522.0,23191.9,23221.9
1748270946730.0,23191.6,23221.6
1748270949256.0,23191.9,23221.9
1748270949380.0,23192.2,23222.2
1748270950391.0,23191.9,23221.9
1748270953365.0,23192.2,23222.2
1748270954046.0,23191.9,23221.9
1748270955344.0,23192.2,23222.2
1748270956425.0,23192.5,23222.5
1748270957914.0,23193.0,23223.0
1748270958813.0,23193.3,23223.3
1748270961589.0,23193.0,23223.0
1748270965222.0,23191.9,23221.9
1748270968296.0,23191.4,23221.4
1748270975423.0,23191.9,23221.9
1748270976373.0,23191.4,23221.4
1748270976652.0,23191.4,23221.4
1748270976963.0,23191.6,23221.6
1748270977363.0,23191.9,23221.9
1748270982777.0,23192.2,23222.2
1748270983930.0,23191.9,23221.9
1748270986564.0,23191.4,23221.4
1748270988385.0,23191.6,23221.6
1748270994825.0,23191.4,23221.4
1748270995042.0,23191.1,23221.1
1748270996058.0,23191.3,23221.3
1748270996457.0,23191.1,23221.1
1748270998476.0,23191.3,23221.3
1748271000135.0,23191.6,23221.6
1748271001210.0,23191.9,23221.9
1748271001790.0,23191.6,23221.6
1748271002515.0,23191.3,23221.3
1748271004932.0,23191.6,23221.6
1748271006102.0,23191.3,23221.3
1748271009310.0,23191.6,23221.6
1748271009534.0,23192.2,23222.2
1748271011740.0,23192.7,23222.7
1748271023631.0,23193.2,23223.2
1748271025189.0,23193.0,23223.0
1748271025592.0,23192.7,23222.7
1748271027995.0,23193.0,23223.0
1748271029326.0,23193.0,23223.0
1748271030261.0,23192.7,23222.7
1748271039822.0,23193.0,23223.0
1748271040431.0,23192.7,23222.7
1748271041460.0,23193.0,23223.0
1748271043410.0,23193.2,23223.2
1748271047007.0,23192.7,23222.7
1748271047231.0,23192.2,23222.2
1748271051219.0,23192.4,23222.4
1748271053524.0,23191.6,23221.6
1748271053911.0,23191.9,23221.9
1748271054383.0,23192.2,23222.2
1748271054578.0,23191.6,23221.6
1748271055763.0,23191.6,23221.6
1748271056603.0,23191.1,23221.1
1748271057053.0,23190.0,23220.0
1748271057627.0,23190.3,23220.3
1748271057851.0,23190.0,23220.0
1748271058545.0,23190.3,23220.3
1748271059431.0,23190.6,23220.6
1748271060113.0,23191.1,23221.1
1748271062527.0,23190.8,23220.8
1748271063060.0,23191.1,23221.1
1748271064717.0,23190.3,23220.3
1748271065095.0,23190.6,23220.6
1748271065816.0,23190.0,23220.0
1748271069806.0,23189.5,23219.5
1748271070033.0,23188.9,23218.9
1748271070256.0,23188.4,23218.4
1748271071026.0,23188.3,23218.3
1748271071507.0,23188.9,23218.9
1748271073976.0,23189.1,23219.1
1748271074474.0,23189.4,23219.4
1748271074876.0,23188.9,23218.9
1748271075711.0,23188.3,23218.3
1748271075934.0,23188.1,23218.1
1748271076159.0,23188.3,23218.3
1748271076680.0,23188.6,23218.6
1748271077077.0,23188.9,23218.9
1748271078254.0,23189.4,23219.4
1748271083958.0,23190.0,23220.0
1748271084768.0,23190.2,23220.2
1748271084990.0,23190.0,23220.0
1748271086093.0,23189.7,23219.7
1748271086420.0,23190.2,23220.2
1748271087043.0,23190.0,23220.0
1748271087975.0,23189.7,23219.7
1748271088929.0,23189.5,23219.5
1748271089156.0,23189.7,23219.7
1748271090309.0,23189.5,23219.5
1748271091356.0,23189.7,23219.7
1748271092151.0,23189.5,23219.5
1748271092374.0,23188.4,23218.4
1748271094580.0,23188.9,23218.9
1748271095396.0,23189.2,23219.2
1748271095994.0,23189.5,23219.5
1748271096971.0,23189.7,23219.7
1748271097415.0,23190.0,23220.0
1748271104925.0,23189.4,23219.4
1748271108714.0,23190.0,23220.0
1748271109148.0,23189.7,23219.7
1748271109626.0,23189.4,23219.4
1748271109849.0,23188.9,23218.9
1748271110340.0,23189.2,23219.2
1748271111308.0,23188.9,23218.9
1748271111532.0,23189.2,23219.2
1748271111879.0,23188.9,23218.9
1748271112677.0,23188.6,23218.6
1748271114308.0,23188.9,23218.9
1748271114534.0,23188.4,23218.4
1748271115328.0,23188.9,23218.9
1748271121544.0,23189.4,23219.4
1748271122058.0,23189.2,23219.2
1748271122658.0,23189.4,23219.4
1748271122883.0,23190.0,23220.0
1748271127457.0,23191.1,23221.1
1748271127680.0,23191.6,23221.6
1748271131405.0,23191.3,23221.3
1748271132175.0,23191.1,23221.1
1748271133197.0,23191.3,23221.3
1748271133626.0,23191.1,23221.1
1748271134025.0,23191.3,23221.3
1748271135496.0,23191.6,23221.6
1748271135720.0,23191.3,23221.3
1748271137723.0,23191.6,23221.6
1748271138465.0,23192.4,23222.4
1748271139034.0,23193.0,23223.0
1748271139258.0,23192.4,23222.4
1748271139484.0,23192.7,23222.7
1748271140757.0,23193.0,23223.0
1748271144701.0,23193.2,23223.2
1748271145855.0,23193.5,23223.5
1748271146078.0,23193.2,23223.2
1748271146306.0,23193.0,23223.0
1748271147058.0,23193.2,23223.2
1748271149573.0,23193.5,23223.5
1748271152781.0,23193.2,23223.2
1748271153181.0,23193.0,23223.0
1748271163602.0,23192.7,23222.7
1748271163827.0,23193.0,23223.0
1748271164053.0,23192.7,23222.7
1748271164463.0,23193.0,23223.0
1748271169707.0,23193.5,23223.5
1748271177665.0,23193.2,23223.2
1748271178563.0,23193.5,23223.5
1748271183850.0,23192.9,23222.9
1748271197098.0,23193.2,23223.2
1748271198492.0,23192.9,23222.9
1748271204913.0,23193.5,23223.5
1748271208609.0,23193.7,23223.7
1748271208880.0,23193.5,23223.5
1748271211480.0,23192.9,23222.9
1748271212719.0,23193.2,23223.2
1748271214410.0,23193.5,23223.5
1748271214507.0,23193.8,23223.8
1748271216324.0,23193.5,23223.5
1748271216466.0,23193.2,23223.2
1748271216966.0,23192.9,23222.9
1748271220600.0,23193.2,23223.2
1748271220821.0,23193.5,23223.5
1748271221479.0,23193.2,23223.2
1748271222631.0,23193.6,23223.6
1748271222876.0,23193.2,23223.2
1748271222975.0,23193.5,23223.5
1748271225166.0,23193.8,23223.8
1748271233951.0,23193.2,23223.2
1748271238345.0,23193.8,23223.8
1748271238568.0,23193.5,23223.5
1748271238832.0,23193.2,23223.2
1748271239058.0,23193.5,23223.5
1748271240750.0,23192.7,23222.7
1748271241128.0,23193.0,23223.0
1748271241468.0,23192.7,23222.7
1748271242283.0,23193.0,23223.0
1748271244820.0,23192.7,23222.7
1748271245735.0,23193.0,23223.0
1748271251469.0,23193.2,23223.2
1748271251689.0,23192.7,23222.7
1748271252665.0,23192.4,23222.4
1748271252890.0,23192.7,23222.7
1748271253316.0,23193.0,23223.0
1748271253714.0,23192.7,23222.7
1748271253939.0,23193.0,23223.0
1748271254430.0,23192.7,23222.7
1748271259349.0,23193.0,23223.0
1748271259569.0,23193.2,23223.2
1748271259796.0,23193.0,23223.0
1748271260122.0,23193.2,23223.2
1748271262157.0,23192.7,23222.7
1748271266643.0,23193.0,23223.0
1748271267705.0,23192.7,23222.7
1748271267929.0,23193.0,23223.0
1748271270352.0,23193.2,23223.2
1748271276519.0,23193.0,23223.0
1748271276747.0,23192.7,23222.7
1748271279852.0,23193.0,23223.0
1748271282540.0,23193.2,23223.2
1748271282762.0,23193.0,23223.0
1748271284891.0,23192.7,23222.7
1748271284989.0,23192.4,23222.4
1748271285695.0,23192.1,23222.1
1748271286071.0,23192.4,23222.4
1748271286296.0,23192.1,23222.1
1748271287036.0,23192.4,23222.4
1748271289893.0,23192.7,23222.7
1748271290091.0,23193.2,23223.2
1748271290394.0,23192.9,23222.9
1748271291070.0,23193.2,23223.2
1748271291551.0,23193.5,23223.5
1748271292442.0,23193.2,23223.2
1748271293032.0,23192.9,23222.9
1748271295298.0,23193.2,23223.2
1748271296316.0,23193.5,23223.5
1748271297390.0,23193.8,23223.8
1748271297614.0,23193.5,23223.5
1748271299403.0,23193.8,23223.8
1748271302013.0,23193.2,23223.2
1748271303804.0,23192.7,23222.7
1748271304262.0,23192.4,23222.4
1748271305420.0,23191.9,23221.9
1748271305643.0,23192.7,23222.7
1748271307723.0,23192.2,23222.2
1748271308729.0,23192.4,23222.4
1748271309001.0,23192.2,23222.2
1748271312690.0,23192.7,23222.7
1748271316624.0,23192.4,23222.4
1748271317018.0,23192.7,23222.7
1748271322161.0,23193.0,23223.0
1748271323476.0,23193.2,23223.2
1748271330987.0,23192.7,23222.7
1748271334522.0,23193.0,23223.0
1748271337836.0,23193.2,23223.2
1748271342907.0,23192.7,23222.7
1748271344410.0,23193.0,23223.0
1748271344982.0,23193.2,23223.2
1748271345207.0,23193.0,23223.0
1748271345703.0,23192.7,23222.7
1748271351059.0,23193.0,23223.0
1748271351893.0,23192.7,23222.7
1748271357062.0,23192.2,23222.2
1748271359331.0,23192.4,23222.4
1748271359553.0,23192.2,23222.2
1748271359780.0,23192.4,23222.4
1748271360894.0,23192.2,23222.2
1748271361701.0,23191.6,23221.6
1748271362724.0,23190.5,23220.5
1748271363127.0,23190.0,23220.0
1748271363350.0,23188.9,23218.9
1748271363723.0,23189.5,23219.5
1748271363946.0,23189.7,23219.7
1748271364175.0,23190.0,23220.0
1748271364397.0,23189.7,23219.7
1748271364724.0,23189.5,23219.5
1748271365536.0,23189.7,23219.7
1748271366016.0,23189.5,23219.5
1748271366241.0,23188.9,23218.9
1748271366464.0,23189.2,23219.2
1748271366692.0,23189.5,23219.5
1748271367028.0,23188.9,23218.9
1748271367565.0,23187.3,23217.3
1748271367767.0,23187.0,23217.0
1748271368119.0,23186.0,23216.0
1748271368425.0,23186.2,23216.2
1748271368568.0,23187.0,23217.0
1748271368791.0,23186.7,23216.7
1748271369161.0,23186.4,23216.4
1748271369385.0,23186.7,23216.7
1748271369613.0,23185.9,23215.9
1748271369836.0,23186.2,23216.2
1748271370163.0,23186.4,23216.4
1748271370564.0,23187.0,23217.0
1748271371105.0,23186.4,23216.4
1748271372033.0,23187.0,23217.0
1748271373729.0,23187.2,23217.2
1748271374165.0,23187.5,23217.5
1748271374431.0,23187.8,23217.8
1748271376090.0,23188.3,23218.3
1748271378058.0,23188.6,23218.6
1748271379228.0,23188.3,23218.3
1748271379628.0,23188.6,23218.6
1748271381536.0,23188.9,23218.9
1748271384160.0,23188.3,23218.3
1748271388525.0,23187.8,23217.8
1748271388751.0,23187.5,23217.5
1748271388975.0,23187.8,23217.8
1748271389200.0,23187.3,23217.3
1748271389913.0,23187.0,23217.0
1748271390555.0,23187.3,23217.3
1748271391811.0,23187.0,23217.0
1748271392036.0,23187.3,23217.3
1748271393109.0,23186.7,23216.7
1748271394618.0,23187.0,23217.0
1748271395177.0,23187.3,23217.3
1748271395650.0,23187.0,23217.0
1748271396334.0,23186.7,23216.7
1748271400241.0,23185.9,23215.9
1748271400466.0,23186.2,23216.2
1748271400690.0,23186.5,23216.5
1748271400913.0,23186.7,23216.7
1748271401139.0,23187.0,23217.0
1748271401365.0,23187.3,23217.3
1748271402781.0,23187.8,23217.8
1748271405052.0,23188.3,23218.3
1748271405662.0,23187.8,23217.8
1748271415159.0,23188.3,23218.3
1748271415553.0,23188.1,23218.1
1748271417534.0,23188.3,23218.3
1748271418360.0,23187.8,23217.8
1748271419015.0,23188.1,23218.1
1748271419371.0,23187.8,23217.8
1748271419803.0,23188.1,23218.1
1748271420029.0,23187.5,23217.5
1748271421047.0,23187.3,23217.3
1748271421445.0,23187.5,23217.5
1748271421669.0,23187.8,23217.8
1748271421894.0,23187.3,23217.3
1748271426908.0,23187.8,23217.8
1748271427707.0,23187.0,23217.0
1748271427931.0,23187.3,23217.3
1748271430466.0,23187.0,23217.0
1748271431094.0,23187.3,23217.3
1748271433198.0,23187.8,23217.8
1748271433477.0,23187.5,23217.5
1748271434181.0,23187.8,23217.8
1748271435472.0,23187.5,23217.5
1748271435868.0,23187.8,23217.8
1748271436681.0,23187.5,23217.5
1748271437076.0,23187.3,23217.3
1748271437499.0,23187.5,23217.5
1748271437902.0,23187.8,23217.8
1748271440577.0,23188.1,23218.1
1748271440802.0,23188.3,23218.3
1748271441027.0,23188.1,23218.1
1748271441251.0,23187.8,23217.8
1748271442656.0,23187.5,23217.5
1748271443132.0,23187.3,23217.3
1748271443358.0,23187.8,23217.8
1748271453415.0,23188.1,23218.1
1748271453635.0,23188.3,23218.3
1748271454168.0,23187.8,23217.8
1748271455093.0,23188.1,23218.1
1748271459721.0,23188.3,23218.3
1748271461070.0,23187.8,23217.8
1748271463010.0,23188.1,23218.1
1748271463464.0,23187.8,23217.8
1748271463863.0,23188.1,23218.1
1748271464956.0,23187.8,23217.8
1748271468928.0,23187.3,23217.3
1748271472131.0,23186.7,23216.7
1748271472354.0,23187.3,23217.3
1748271472652.0,23187.0,23217.0
1748271473825.0,23186.7,23216.7
1748271477209.0,23186.5,23216.5
1748271479192.0,23186.7,23216.7
1748271480349.0,23187.3,23217.3
1748271480753.0,23187.0,23217.0
1748271481210.0,23186.7,23216.7
1748271483470.0,23187.3,23217.3
1748271486132.0,23187.0,23217.0
1748271486530.0,23187.3,23217.3
1748271489860.0,23187.0,23217.0
1748271491924.0,23187.3,23217.3
1748271493014.0,23187.0,23217.0
1748271498449.0,23187.3,23217.3
1748271498670.0,23187.5,23217.5
1748271499823.0,23187.3,23217.3
1748271502301.0,23187.0,23217.0
1748271502525.0,23187.3,23217.3
1748271508141.0,23187.5,23217.5
1748271509572.0,23187.3,23217.3
1748271516784.0,23187.8,23217.8
1748271519877.0,23188.1,23218.1
1748271520659.0,23188.4,23218.4
1748271520838.0,23188.6,23218.6
1748271521731.0,23188.1,23218.1
1748271522668.0,23187.6,23217.6
1748271525546.0,23187.3,23217.3
1748271525741.0,23186.7,23216.7
1748271527894.0,23187.0,23217.0
1748271528773.0,23186.7,23216.7
1748271532313.0,23187.3,23217.3
1748271533761.0,23186.7,23216.7
1748271538783.0,23186.2,23216.2
1748271539025.0,23186.5,23216.5
1748271540282.0,23186.7,23216.7
1748271540504.0,23186.5,23216.5
1748271540731.0,23186.2,23216.2
1748271541389.0,23185.7,23215.7
1748271544989.0,23186.2,23216.2
1748271545605.0,23185.9,23215.9
1748271548529.0,23186.2,23216.2
1748271548809.0,23185.9,23215.9
1748271550892.0,23185.7,23215.7
1748271551115.0,23185.9,23215.9
1748271551603.0,23186.2,23216.2
1748271551826.0,23185.9,23215.9
1748271552550.0,23186.2,23216.2
1748271552947.0,23185.9,23215.9
1748271553347.0,23185.7,23215.7
1748271554945.0,23186.2,23216.2
1748271555169.0,23185.9,23215.9
1748271558899.0,23186.2,23216.2
1748271567590.0,23186.1,23216.1
1748271569628.0,23186.6,23216.6
1748271570185.0,23186.1,23216.1
1748271570878.0,23186.4,23216.4
1748271571347.0,23186.6,23216.6
1748271572244.0,23186.1,23216.1
1748271575371.0,23186.4,23216.4
1748271575613.0,23186.1,23216.1
1748271580600.0,23186.3,23216.3
1748271581411.0,23186.5,23216.5
1748271581607.0,23186.8,23216.8
1748271581965.0,23187.1,23217.1
1748271582364.0,23187.7,23217.7
1748271583985.0,23188.2,23218.2
1748271592119.0,23187.9,23217.9
1748271592565.0,23188.2,23218.2
1748271593260.0,23187.9,23217.9
1748271593767.0,23187.7,23217.7
1748271597599.0,23187.9,23217.9
1748271597927.0,23187.7,23217.7
1748271598152.0,23187.4,23217.4
1748271598688.0,23187.1,23217.1
1748271598915.0,23187.7,23217.7
1748271599536.0,23188.5,23218.5
1748271599761.0,23188.7,23218.7
1748271600558.0,23189.5,23219.5
1748271600782.0,23188.7,23218.7
1748271601007.0,23189.0,23219.0
1748271601410.0,23188.7,23218.7
1748271601639.0,23188.5,23218.5
1748271602208.0,23188.2,23218.2
1748271603436.0,23188.5,23218.5
1748271603695.0,23188.7,23218.7
1748271603921.0,23188.2,23218.2
1748271604294.0,23187.9,23217.9
1748271604538.0,23187.6,23217.6
1748271604759.0,23187.9,23217.9
1748271604986.0,23187.6,23217.6
1748271605549.0,23187.9,23217.9
1748271605773.0,23187.6,23217.6
1748271605996.0,23187.9,23217.9
1748271606220.0,23187.6,23217.6
1748271606900.0,23187.9,23217.9
1748271607124.0,23187.6,23217.6
1748271608002.0,23187.9,23217.9
1748271608225.0,23187.6,23217.6
1748271608699.0,23187.9,23217.9
1748271608851.0,23188.2,23218.2
1748271609115.0,23187.9,23217.9
1748271610009.0,23187.7,23217.7
1748271610476.0,23187.4,23217.4
1748271611200.0,23187.6,23217.6
1748271612521.0,23187.9,23217.9
1748271613723.0,23187.6,23217.6
1748271613946.0,23187.9,23217.9
1748271615098.0,23188.2,23218.2
1748271615562.0,23188.7,23218.7
1748271616332.0,23188.5,23218.5
1748271616432.0,23188.2,23218.2
1748271617508.0,23188.4,23218.4
1748271618329.0,23188.7,23218.7
1748271619428.0,23188.4,23218.4
1748271619828.0,23188.7,23218.7
1748271620515.0,23189.0,23219.0
1748271620740.0,23188.7,23218.7
1748271621855.0,23189.0,23219.0
1748271622253.0,23189.2,23219.2
1748271622477.0,23189.5,23219.5
1748271622702.0,23189.2,23219.2
1748271623074.0,23189.5,23219.5
1748271623300.0,23189.8,23219.8
1748271623525.0,23190.1,23220.1
1748271623790.0,23189.8,23219.8
1748271624015.0,23190.1,23220.1
1748271624981.0,23189.2,23219.2
1748271625487.0,23189.0,23219.0
1748271625710.0,23188.4,23218.4
1748271626105.0,23188.2,23218.2
1748271626612.0,23187.9,23217.9
1748271626837.0,23188.2,23218.2
1748271628003.0,23188.4,23218.4
1748271628799.0,23188.2,23218.2
1748271629200.0,23188.4,23218.4
1748271629875.0,23188.2,23218.2
1748271632821.0,23187.9,23217.9
1748271635363.0,23186.6,23216.6
1748271636527.0,23186.3,23216.3
1748271636750.0,23186.6,23216.6
1748271637363.0,23186.8,23216.8
1748271638761.0,23186.3,23216.3
1748271642188.0,23186.0,23216.0
1748271643334.0,23185.8,23215.8
1748271645201.0,23185.5,23215.5
1748271645424.0,23185.8,23215.8
1748271646006.0,23186.3,23216.3
1748271646582.0,23185.8,23215.8
1748271647871.0,23186.3,23216.3
1748271648946.0,23186.8,23216.8
1748271650451.0,23186.6,23216.6
1748271650773.0,23186.8,23216.8
1748271651530.0,23186.6,23216.6
1748271651928.0,23186.8,23216.8
1748271652644.0,23186.3,23216.3
1748271653244.0,23186.0,23216.0
1748271653670.0,23186.3,23216.3
1748271654389.0,23186.8,23216.8
1748271654613.0,23186.6,23216.6
1748271654838.0,23186.3,23216.3
1748271655422.0,23185.8,23215.8
1748271655987.0,23186.0,23216.0
1748271658041.0,23185.8,23215.8
1748271659199.0,23186.3,23216.3
1748271660422.0,23186.8,23216.8
1748271661432.0,23187.6,23217.6
1748271661657.0,23187.4,23217.4
1748271661880.0,23187.6,23217.6
1748271662105.0,23187.4,23217.4
1748271664207.0,23187.9,23217.9
1748271665354.0,23188.2,23218.2
1748271666621.0,23187.9,23217.9
1748271668766.0,23187.4,23217.4
1748271669069.0,23187.1,23217.1
1748271669722.0,23186.5,23216.5
1748271670336.0,23186.8,23216.8
1748271670840.0,23186.5,23216.5
1748271671875.0,23186.3,23216.3
1748271672028.0,23186.0,23216.0
1748271672918.0,23185.7,23215.7
1748271673141.0,23186.5,23216.5
1748271673365.0,23186.8,23216.8
1748271674051.0,23187.1,23217.1
1748271678485.0,23186.8,23216.8
1748271679405.0,23186.5,23216.5
1748271681811.0,23187.1,23217.1
1748271684443.0,23186.5,23216.5
1748271685584.0,23187.1,23217.1
1748271692333.0,23187.3,23217.3
1748271693196.0,23187.6,23217.6
1748271693360.0,23187.9,23217.9
1748271694695.0,23187.6,23217.6
1748271696018.0,23188.2,23218.2
1748271698189.0,23187.9,23217.9
1748271698412.0,23188.2,23218.2
1748271699128.0,23187.9,23217.9
1748271700005.0,23188.2,23218.2
1748271700229.0,23187.6,23217.6
1748271701080.0,23187.3,23217.3
1748271701695.0,23187.1,23217.1
1748271703174.0,23186.8,23216.8
1748271703927.0,23187.1,23217.1
1748271704324.0,23186.8,23216.8
1748271704690.0,23187.1,23217.1
1748271705090.0,23186.8,23216.8
1748271705315.0,23186.5,23216.5
1748271707846.0,23186.0,23216.0
1748271708788.0,23186.5,23216.5
1748271709325.0,23186.8,23216.8
1748271709975.0,23186.5,23216.5
1748271710364.0,23186.3,23216.3
1748271710650.0,23186.5,23216.5
1748271710874.0,23186.3,23216.3
1748271712529.0,23186.5,23216.5
1748271712753.0,23186.3,23216.3
1748271714144.0,23186.5,23216.5
1748271715276.0,23186.2,23216.2
1748271715475.0,23186.0,23216.0
1748271716003.0,23186.2,23216.2
1748271719029.0,23186.0,23216.0
1748271720130.0,23186.2,23216.2
1748271720258.0,23186.4,23216.4
1748271720358.0,23186.9,23216.9
1748271720584.0,23187.3,23217.3
1748271720708.0,23187.2,23217.2
1748271721413.0,23186.9,23216.9
1748271724608.0,23187.1,23217.1
1748271727276.0,23186.9,23216.9
1748271728585.0,23186.7,23216.7
1748271728682.0,23186.8,23216.8
1748271733824.0,23186.5,23216.5
1748271736849.0,23187.1,23217.1
1748271737068.0,23186.8,23216.8
1748271737744.0,23187.1,23217.1
1748271737969.0,23186.5,23216.5
1748271739051.0,23186.4,23216.4
1748271739275.0,23186.5,23216.5
1748271743195.0,23183.5,23213.5
1748271744115.0,23183.8,23213.8
1748271744337.0,23183.5,23213.5
1748271745354.0,23184.1,23214.1
1748271746443.0,23184.3,23214.3
1748271746946.0,23183.5,23213.5
1748271748120.0,23183.7,23213.7
1748271748343.0,23183.5,23213.5
1748271749574.0,23183.8,23213.8
1748271749799.0,23184.1,23214.1
1748271750024.0,23183.8,23213.8
1748271751674.0,23184.1,23214.1
1748271751898.0,23183.8,23213.8
1748271752297.0,23184.1,23214.1
1748271753688.0,23183.8,23213.8
1748271754087.0,23184.1,23214.1
1748271754644.0,23183.8,23213.8
1748271754949.0,23184.1,23214.1
1748271755348.0,23184.3,23214.3
1748271756478.0,23184.6,23214.6
1748271756703.0,23184.3,23214.3
1748271757424.0,23184.1,23214.1
1748271759863.0,23184.3,23214.3
1748271760365.0,23184.6,23214.6
1748271760587.0,23184.3,23214.3
1748271761475.0,23184.1,23214.1
1748271764766.0,23184.3,23214.3
1748271764988.0,23184.1,23214.1
1748271770167.0,23184.3,23214.3
1748271772519.0,23184.6,23214.6
1748271774300.0,23184.3,23214.3
1748271774731.0,23184.1,23214.1
1748271776113.0,23184.6,23214.6
1748271779279.0,23184.3,23214.3
1748271779376.0,23183.8,23213.8
1748271782335.0,23183.2,23213.2
1748271783025.0,23183.8,23213.8
1748271784521.0,23183.5,23213.5
1748271785264.0,23183.2,23213.2
1748271789634.0,23181.6,23211.6
1748271789852.0,23181.7,23211.7
1748271790142.0,23181.1,23211.1
1748271790366.0,23182.2,23212.2
1748271790907.0,23181.9,23211.9
1748271791207.0,23182.2,23212.2
1748271791852.0,23182.3,23212.3
1748271792439.0,23182.0,23212.0
1748271793306.0,23182.3,23212.3
1748271793705.0,23182.0,23212.0
1748271793967.0,23182.3,23212.3
1748271794922.0,23182.5,23212.5
1748271795683.0,23182.8,23212.8
1748271796854.0,23183.1,23213.1
1748271797774.0,23183.3,23213.3
1748271798000.0,23182.5,23212.5
1748271802782.0,23182.3,23212.3
1748271803206.0,23182.5,23212.5
1748271803873.0,23166.4,23196.4
1748271807536.0,23166.1,23196.1
1748271809089.0,23165.3,23195.3
1748271809189.0,23165.0,23195.0
1748271809313.0,23165.2,23195.2
1748271809900.0,23165.5,23195.5
1748271810223.0,23165.5,23195.5
1748271812676.0,23165.2,23195.2
1748271813076.0,23164.9,23194.9
1748271813299.0,23165.2,23195.2
1748271814098.0,23165.8,23195.8
1748271814335.0,23166.0,23196.0
1748271814855.0,23166.3,23196.3
1748271816298.0,23166.6,23196.6
1748271817887.0,23166.2,23196.2
1748271820787.0,23166.4,23196.4
1748271821011.0,23166.2,23196.2
1748271821236.0,23166.4,23196.4
1748271822672.0,23166.7,23196.7
1748271823177.0,23166.2,23196.2
1748271826183.0,23165.6,23195.6
1748271827739.0,23165.9,23195.9
1748271829248.0,23166.2,23196.2
1748271830166.0,23165.6,23195.6
1748271831382.0,23166.2,23196.2
1748271832620.0,23166.4,23196.4
1748271834555.0,23166.2,23196.2
1748271835783.0,23165.9,23195.9
1748271836275.0,23165.6,23195.6
1748271836619.0,23165.9,23195.9
1748271839288.0,23165.6,23195.6
1748271839818.0,23165.4,23195.4
1748271840882.0,23165.9,23195.9
1748271842345.0,23165.6,23195.6
1748271847644.0,23165.9,23195.9
1748271847864.0,23165.4,23195.4
1748271850588.0,23165.1,23195.1
1748271850820.0,23164.8,23194.8
1748271855433.0,23164.3,23194.3
1748271858020.0,23164.0,23194.0
1748271858274.0,23163.7,23193.7
1748271858417.0,23163.4,23193.4
1748271859166.0,23163.7,23193.7
1748271859466.0,23164.0,23194.0
1748271859758.0,23164.3,23194.3
1748271859865.0,23164.5,23194.5
1748271860088.0,23164.8,23194.8
1748271861127.0,23164.3,23194.3
1748271862029.0,23163.8,23193.8
1748271863000.0,23164.1,23194.1
1748271864043.0,23163.8,23193.8
1748271864584.0,23164.1,23194.1
1748271866936.0,23163.8,23193.8
1748271867159.0,23164.1,23194.1
1748271870459.0,23164.4,23194.4
1748271871068.0,23164.1,23194.1
1748271872426.0,23164.4,23194.4
1748271872650.0,23164.1,23194.1
1748271874130.0,23164.4,23194.4
1748271874534.0,23164.1,23194.1
1748271876113.0,23164.4,23194.4
1748271876336.0,23164.1,23194.1
1748271879560.0,23164.4,23194.4
1748271879782.0,23164.7,23194.7
1748271882684.0,23163.3,23193.3
1748271883439.0,23162.5,23192.5
1748271883665.0,23162.8,23192.8
1748271884156.0,23162.5,23192.5
1748271884380.0,23162.8,23192.8
1748271884603.0,23163.0,23193.0
1748271884830.0,23162.5,23192.5
1748271885476.0,23163.0,23193.0
1748271885798.0,23162.5,23192.5
1748271886127.0,23162.2,23192.2
1748271886979.0,23162.5,23192.5
1748271887201.0,23162.8,23192.8
1748271888513.0,23163.0,23193.0
1748271888739.0,23162.8,23192.8
1748271888961.0,23162.5,23192.5
1748271889185.0,23162.8,23192.8
1748271890230.0,23162.5,23192.5
1748271890455.0,23162.2,23192.2
1748271890680.0,23162.8,23192.8
1748271891753.0,23163.0,23193.0
1748271891970.0,23163.3,23193.3
1748271892442.0,23163.6,23193.6
1748271895193.0,23163.3,23193.3
1748271896081.0,23163.0,23193.0
1748271896698.0,23163.3,23193.3
1748271898381.0,23163.0,23193.0
1748271899751.0,23163.3,23193.3
1748271899976.0,23163.0,23193.0
1748271900199.0,23163.3,23193.3
1748271901953.0,23162.8,23192.8
1748271902351.0,23161.9,23191.9
1748271902576.0,23162.2,23192.2
1748271903330.0,23161.9,23191.9
1748271903551.0,23162.2,23192.2
1748271903984.0,23161.8,23191.8
1748271904108.0,23161.5,23191.5
1748271904363.0,23161.8,23191.8
1748271905843.0,23160.7,23190.7
1748271906068.0,23160.5,23190.5
1748271906293.0,23160.7,23190.7
1748271906983.0,23160.8,23190.8
1748271907501.0,23160.5,23190.5
1748271907721.0,23160.8,23190.8
1748271909150.0,23160.5,23190.5
1748271909372.0,23160.8,23190.8
1748271910326.0,23161.3,23191.3
1748271910549.0,23160.8,23190.8
1748271910774.0,23160.5,23190.5
1748271911228.0,23160.3,23190.3
1748271912580.0,23160.9,23190.9
1748271914682.0,23160.6,23190.6
1748271914839.0,23160.3,23190.3
1748271916285.0,23160.6,23190.6
1748271917094.0,23160.9,23190.9
1748271917496.0,23160.3,23190.3
1748271917701.0,23160.0,23190.0
1748271917966.0,23160.3,23190.3
1748271918189.0,23160.6,23190.6
1748271918564.0,23160.3,23190.3
1748271919004.0,23160.1,23190.1
1748271919104.0,23159.9,23189.9
1748271919406.0,23160.4,23190.4
1748271919980.0,23160.7,23190.7
1748271920207.0,23160.4,23190.4
1748271920304.0,23160.1,23190.1
1748271920489.0,23160.4,23190.4
1748271920743.0,23160.1,23190.1
1748271920967.0,23160.4,23190.4
1748271925380.0,23160.9,23190.9
1748271928410.0,23161.5,23191.5
1748271929333.0,23160.9,23190.9
1748271935287.0,23161.2,23191.2
1748271935510.0,23160.9,23190.9
1748271935735.0,23161.5,23191.5
1748271944232.0,23161.2,23191.2
1748271944643.0,23161.5,23191.5
1748271945217.0,23162.0,23192.0
1748271949936.0,23161.5,23191.5
1748271953314.0,23161.2,23191.2
1748271954404.0,23161.5,23191.5
1748271955478.0,23161.2,23191.2
1748271961697.0,23160.9,23190.9
1748271961923.0,23160.6,23190.6
1748271962147.0,23160.4,23190.4
1748271963021.0,23159.8,23189.8
1748271963243.0,23160.4,23190.4
1748271964645.0,23160.6,23190.6
1748271964873.0,23160.9,23190.9
1748271967598.0,23161.2,23191.2
1748271968057.0,23161.4,23191.4
1748271970574.0,23161.1,23191.1
1748271970800.0,23160.9,23190.9
1748271973976.0,23161.1,23191.1
1748271974735.0,23160.9,23190.9
1748271975464.0,23161.1,23191.1
1748271976446.0,23161.4,23191.4
1748271976672.0,23161.1,23191.1
1748271979850.0,23161.4,23191.4
1748271980074.0,23161.1,23191.1
1748271980656.0,23160.8,23190.8
1748271982257.0,23161.1,23191.1
1748271982986.0,23160.8,23190.8
1748271984953.0,23160.3,23190.3
1748271985640.0,23160.5,23190.5
1748271987248.0,23160.8,23190.8
1748271988102.0,23160.5,23190.5
1748271988831.0,23160.8,23190.8
1748271989055.0,23160.5,23190.5
1748271989280.0,23160.8,23190.8
1748271992020.0,23161.9,23191.9
1748271994333.0,23161.6,23191.6
1748271995245.0,23161.9,23191.9
1748271996287.0,23161.4,23191.4
1748271997415.0,23161.6,23191.6
1748271998070.0,23161.9,23191.9
1748271999623.0,23162.4,23192.4
1748272001355.0,23161.9,23191.9
1748272001783.0,23162.2,23192.2
1748272002007.0,23161.9,23191.9
1748272003654.0,23162.4,23192.4
1748272006871.0,23162.2,23192.2
1748272008136.0,23161.9,23191.9
1748272008358.0,23162.2,23192.2
1748272009113.0,23162.4,23192.4
1748272010385.0,23161.9,23191.9
1748272010608.0,23162.2,23192.2
1748272010835.0,23162.4,23192.4
1748272012630.0,23162.2,23192.2
1748272012852.0,23162.4,23192.4
1748272013079.0,23162.2,23192.2
1748272013323.0,23161.9,23191.9
1748272013548.0,23162.2,23192.2
1748272015057.0,23162.4,23192.4
1748272015827.0,23161.9,23191.9
1748272017237.0,23162.2,23192.2
1748272017336.0,23162.7,23192.7
1748272018340.0,23162.2,23192.2
1748272019234.0,23161.9,23191.9
1748272019632.0,23162.4,23192.4
1748272027823.0,23161.9,23191.9
1748272032357.0,23162.2,23192.2
1748272032939.0,23162.5,23192.5
1748272035876.0,23163.0,23193.0
1748272037260.0,23162.5,23192.5
1748272038136.0,23162.7,23192.7
1748272039563.0,23162.9,23192.9
1748272040365.0,23162.7,23192.7
1748272040587.0,23162.4,23192.4
1748272041714.0,23162.1,23192.1
1748272042443.0,23161.9,23191.9
1748272042665.0,23162.1,23192.1
1748272043821.0,23161.6,23191.6
1748272044398.0,23161.9,23191.9
1748272044646.0,23161.6,23191.6
1748272044871.0,23161.9,23191.9
1748272045267.0,23161.6,23191.6
1748272047058.0,23161.9,23191.9
1748272050703.0,23161.6,23191.6
1748272051115.0,23161.9,23191.9
1748272051904.0,23161.6,23191.6
1748272055829.0,23161.3,23191.3
1748272056605.0,23161.1,23191.1
1748272056828.0,23161.3,23191.3
1748272057457.0,23161.6,23191.6
1748272057680.0,23161.1,23191.1
1748272058356.0,23161.3,23191.3
1748272059342.0,23161.6,23191.6
1748272061739.0,23161.9,23191.9
1748272063668.0,23161.6,23191.6
1748272066658.0,23161.9,23191.9
1748272066880.0,23161.6,23191.6
1748272072849.0,23161.3,23191.3
1748272073073.0,23161.1,23191.1
1748272081126.0,23160.5,23190.5
1748272082155.0,23160.8,23190.8
1748272083132.0,23161.1,23191.1
1748272083355.0,23160.5,23190.5
1748272084136.0,23160.8,23190.8
1748272085193.0,23160.5,23190.5
1748272087042.0,23160.8,23190.8
1748272088861.0,23160.5,23190.5
1748272091641.0,23160.8,23190.8
1748272091858.0,23160.5,23190.5
1748272092750.0,23160.8,23190.8
1748272093064.0,23160.5,23190.5
1748272093287.0,23160.0,23190.0
1748272093512.0,23160.3,23190.3
1748272095960.0,23160.0,23190.0
1748272096456.0,23160.3,23190.3
1748272098690.0,23160.0,23190.0
1748272106344.0,23159.2,23189.2
1748272107235.0,23160.5,23190.5
1748272107631.0,23160.3,23190.3
1748272108345.0,23160.0,23190.0
1748272108841.0,23160.3,23190.3
1748272109524.0,23160.5,23190.5
1748272113275.0,23161.1,23191.1
1748272115155.0,23160.8,23190.8
1748272116878.0,23161.1,23191.1
1748272122932.0,23161.3,23191.3
1748272123155.0,23161.1,23191.1
1748272123801.0,23161.6,23191.6
1748272125305.0,23161.9,23191.9
1748272125404.0,23162.4,23192.4
1748272127335.0,23162.7,23192.7
1748272127944.0,23163.0,23193.0
1748272130621.0,23162.7,23192.7
1748272133127.0,23162.4,23192.4
1748272143197.0,23162.7,23192.7
1748272143702.0,23163.0,23193.0
1748272143924.0,23162.7,23192.7
1748272144878.0,23162.4,23192.4
1748272149257.0,23162.6,23192.6
1748272154278.0,23162.3,23192.3
1748272154374.0,23161.8,23191.8
1748272154500.0,23161.9,23191.9
1748272154956.0,23162.2,23192.2
1748272155497.0,23162.0,23192.0
1748272155723.0,23162.3,23192.3
1748272160269.0,23162.6,23192.6
1748272160368.0,23162.8,23192.8
1748272165007.0,23163.1,23193.1
1748272166969.0,23163.4,23193.4
1748272167193.0,23163.1,23193.1
1748272167417.0,23162.8,23192.8
1748272167778.0,23163.4,23193.4
1748272168004.0,23163.1,23193.1
1748272170866.0,23163.4,23193.4
1748272177159.0,23163.9,23193.9
1748272178071.0,23163.6,23193.6
1748272178940.0,23163.9,23193.9
1748272182328.0,23163.6,23193.6
1748272183290.0,23163.9,23193.9
1748272184658.0,23163.6,23193.6
1748272189462.0,23163.4,23193.4
1748272190159.0,23163.6,23193.6
1748272191552.0,23163.9,23193.9
1748272191775.0,23163.6,23193.6
1748272191999.0,23163.4,23193.4
1748272193708.0,23163.6,23193.6
1748272195127.0,23163.4,23193.4
1748272201095.0,23163.6,23193.6
1748272201542.0,23163.4,23193.4
1748272201767.0,23162.8,23192.8
1748272202440.0,23163.4,23193.4
1748272203884.0,23164.2,23194.2
1748272204466.0,23164.5,23194.5
1748272205210.0,23164.2,23194.2
1748272205608.0,23164.5,23194.5
1748272207393.0,23165.3,23195.3
1748272207616.0,23164.7,23194.7
1748272208005.0,23165.3,23195.3
1748272208104.0,23165.6,23195.6
1748272208524.0,23166.1,23196.1
1748272208931.0,23166.7,23196.7
1748272209406.0,23166.4,23196.4
1748272213293.0,23166.1,23196.1
1748272213693.0,23166.4,23196.4
1748272214450.0,23166.1,23196.1
1748272216189.0,23166.7,23196.7
1748272220669.0,23166.4,23196.4
1748272220888.0,23166.7,23196.7
1748272222402.0,23167.4,23197.4
1748272222627.0,23167.7,23197.7
1748272222853.0,23167.4,23197.4
1748272223497.0,23167.7,23197.7
1748272224103.0,23167.4,23197.4
1748272224618.0,23167.2,23197.2
1748272224841.0,23167.4,23197.4
1748272225207.0,23167.2,23197.2
1748272225433.0,23166.9,23196.9
1748272227305.0,23167.2,23197.2
1748272227528.0,23166.9,23196.9
1748272229361.0,23166.7,23196.7
1748272231748.0,23166.4,23196.4
1748272232842.0,23166.7,23196.7
1748272234291.0,23166.4,23196.4
1748272234630.0,23166.7,23196.7
1748272235564.0,23166.9,23196.9
1748272236960.0,23167.2,23197.2
1748272238853.0,23167.7,23197.7
1748272244524.0,23167.2,23197.2
1748272244746.0,23167.4,23197.4
1748272251486.0,23167.2,23197.2
1748272251711.0,23166.7,23196.7
1748272252182.0,23167.2,23197.2
1748272252766.0,23166.9,23196.9
1748272253102.0,23167.2,23197.2
1748272257745.0,23167.4,23197.4
1748272258688.0,23167.2,23197.2
1748272258910.0,23166.9,23196.9
1748272259136.0,23167.2,23197.2
1748272259359.0,23166.9,23196.9
1748272260130.0,23167.2,23197.2
1748272261906.0,23166.7,23196.7
1748272262129.0,23166.9,23196.9
1748272269768.0,23166.7,23196.7
1748272275672.0,23166.9,23196.9
1748272278508.0,23166.7,23196.7
1748272286065.0,23166.1,23196.1
1748272295347.0,23165.8,23195.8
1748272299116.0,23166.1,23196.1
1748272300561.0,23165.8,23195.8
1748272300782.0,23165.6,23195.6
1748272302673.0,23165.3,23195.3
1748272303497.0,23165.6,23195.6
1748272309333.0,23165.0,23195.0
1748272309556.0,23165.3,23195.3
1748272310044.0,23165.0,23195.0
1748272310267.0,23164.8,23194.8
1748272311045.0,23164.5,23194.5
1748272311267.0,23165.0,23195.0
1748272312129.0,23165.6,23195.6
1748272312777.0,23165.3,23195.3
1748272313340.0,23165.0,23195.0
1748272313564.0,23165.3,23195.3
1748272313936.0,23165.6,23195.6
1748272315623.0,23165.0,23195.0
1748272319155.0,23164.5,23194.5
1748272319457.0,23164.8,23194.8
1748272319856.0,23164.5,23194.5
1748272320484.0,23164.5,23194.5
1748272322488.0,23164.0,23194.0
1748272324798.0,23164.2,23194.2
1748272325687.0,23164.5,23194.5
1748272328333.0,23165.6,23195.6
1748272328430.0,23165.9,23195.9
1748272329374.0,23165.6,23195.6
1748272330870.0,23165.3,23195.3
1748272331851.0,23165.6,23195.6
1748272332961.0,23165.9,23195.9
1748272340344.0,23165.6,23195.6
1748272340594.0,23165.9,23195.9
1748272342250.0,23166.4,23196.4
1748272345285.0,23166.1,23196.1
1748272346243.0,23165.9,23195.9
1748272349636.0,23167.5,23197.5
1748272351132.0,23168.0,23198.0
1748272353932.0,23169.1,23199.1
1748272355114.0,23169.4,23199.4
1748272355336.0,23169.1,23199.1
1748272355562.0,23169.4,23199.4
1748272356694.0,23169.1,23199.1
1748272357349.0,23169.6,23199.6
1748272360793.0,23169.1,23199.1
1748272362910.0,23168.8,23198.8
1748272363188.0,23169.1,23199.1
1748272368379.0,23169.6,23199.6
1748272368974.0,23169.1,23199.1
1748272369975.0,23168.8,23198.8
1748272370199.0,23168.6,23198.6
1748272371140.0,23169.1,23199.1
1748272372520.0,23168.6,23198.6
1748272379183.0,23168.8,23198.8
1748272379947.0,23168.6,23198.6
1748272380348.0,23169.1,23199.1
1748272382764.0,23169.4,23199.4
1748272382987.0,23169.6,23199.6
1748272385314.0,23169.4,23199.4
1748272386685.0,23169.6,23199.6
1748272390329.0,23169.4,23199.4
1748272392343.0,23169.6,23199.6
1748272392566.0,23169.4,23199.4
1748272394699.0,23169.1,23199.1
1748272395401.0,23169.4,23199.4
1748272395747.0,23169.6,23199.6
1748272396146.0,23169.4,23199.4
1748272396770.0,23169.6,23199.6
1748272396994.0,23169.4,23199.4
1748272397864.0,23169.1,23199.1
1748272399084.0,23169.4,23199.4
1748272399474.0,23169.1,23199.1
1748272402878.0,23169.4,23199.4
1748272403276.0,23169.1,23199.1
1748272404870.0,23169.4,23199.4
1748272405155.0,23169.1,23199.1
1748272417131.0,23169.6,23199.6
1748272418952.0,23169.4,23199.4
1748272420313.0,23169.6,23199.6
1748272420537.0,23169.4,23199.4
1748272421255.0,23169.1,23199.1
1748272423319.0,23169.4,23199.4
1748272431989.0,23169.6,23199.6
1748272432212.0,23169.4,23199.4
1748272433137.0,23169.1,23199.1
1748272433273.0,23168.8,23198.8
1748272439113.0,23169.3,23199.3
1748272440769.0,23169.1,23199.1
1748272442483.0,23169.3,23199.3
1748272442706.0,23169.1,23199.1
1748272445436.0,23168.8,23198.8
1748272445660.0,23169.1,23199.1
1748272448326.0,23168.8,23198.8
1748272449644.0,23169.1,23199.1
1748272449866.0,23168.8,23198.8
1748272451839.0,23169.1,23199.1
1748272452064.0,23169.3,23199.3
1748272455931.0,23169.1,23199.1
1748272456183.0,23168.8,23198.8
1748272458012.0,23169.1,23199.1
1748272458831.0,23168.8,23198.8
1748272460619.0,23169.1,23199.1
1748272462304.0,23168.8,23198.8
1748272462528.0,23169.1,23199.1
1748272469063.0,23169.3,23199.3
1748272471076.0,23169.6,23199.6
1748272471173.0,23169.9,23199.9
1748272472054.0,23169.6,23199.6
1748272479231.0,23169.3,23199.3
1748272483638.0,23169.1,23199.1
1748272484339.0,23169.3,23199.3
1748272484563.0,23169.1,23199.1
1748272485765.0,23169.3,23199.3
1748272485990.0,23169.1,23199.1
1748272488574.0,23169.3,23199.3
1748272490224.0,23169.1,23199.1
1748272493626.0,23168.8,23198.8
1748272500158.0,23169.3,23199.3
1748272506783.0,23169.6,23199.6
1748272507137.0,23169.3,23199.3
1748272509392.0,23169.6,23199.6
1748272510304.0,23169.9,23199.9
1748272510527.0,23169.6,23199.6
1748272515771.0,23169.9,23199.9
1748272515994.0,23169.6,23199.6
1748272516220.0,23169.3,23199.3
1748272517537.0,23169.6,23199.6
1748272518960.0,23169.3,23199.3
1748272519588.0,23169.6,23199.6
1748272520129.0,23169.3,23199.3
1748272520274.0,23169.0,23199.0
1748272521336.0,23168.8,23198.8
1748272523030.0,23169.0,23199.0
1748272532306.0,23169.3,23199.3
1748272533329.0,23169.6,23199.6
1748272533555.0,23169.3,23199.3
1748272534031.0,23169.6,23199.6
1748272546732.0,23169.5,23199.5
1748272547859.0,23169.2,23199.2
1748272548083.0,23169.5,23199.5
1748272548737.0,23169.2,23199.2
1748272551692.0,23169.5,23199.5
1748272553841.0,23169.2,23199.2
1748272556302.0,23168.9,23198.9
1748272559274.0,23168.4,23198.4
1748272560186.0,23168.6,23198.6
1748272562034.0,23168.4,23198.4
1748272563730.0,23168.7,23198.7
1748272563829.0,23168.9,23198.9
1748272565758.0,23168.8,23198.8
1748272566577.0,23168.6,23198.6
1748272566977.0,23168.8,23198.8
1748272568177.0,23169.1,23199.1
1748272568400.0,23168.8,23198.8
1748272569746.0,23169.1,23199.1
1748272569968.0,23169.4,23199.4
1748272570192.0,23169.1,23199.1
1748272575322.0,23168.8,23198.8
1748272584110.0,23169.1,23199.1
1748272584334.0,23168.8,23198.8
1748272585588.0,23168.6,23198.6
1748272587118.0,23168.3,23198.3
1748272588954.0,23167.8,23197.8
1748272590280.0,23168.0,23198.0
1748272591866.0,23168.3,23198.3
1748272592090.0,23168.0,23198.0
1748272592537.0,23167.8,23197.8
1748272593432.0,23168.0,23198.0
1748272596317.0,23168.3,23198.3
1748272599326.0,23167.8,23197.8
1748272600754.0,23168.0,23198.0
1748272601706.0,23167.8,23197.8
1748272604072.0,23168.0,23198.0
1748272608070.0,23168.3,23198.3
1748272612298.0,23167.8,23197.8
1748272613477.0,23167.2,23197.2
1748272615398.0,23167.5,23197.5
1748272616816.0,23167.2,23197.2
1748272627511.0,23167.5,23197.5
1748272627822.0,23167.8,23197.8
1748272628047.0,23167.5,23197.5
1748272630713.0,23168.1,23198.1
1748272630936.0,23168.6,23198.6
1748272633754.0,23168.1,23198.1
1748272634830.0,23168.0,23198.0
1748272635166.0,23168.3,23198.3
1748272635414.0,23168.8,23198.8
1748272635639.0,23169.9,23199.9
1748272635864.0,23169.6,23199.6
1748272638123.0,23169.9,23199.9
1748272638346.0,23169.4,23199.4
1748272639975.0,23169.6,23199.6
1748272640198.0,23169.4,23199.4
1748272642157.0,23168.8,23198.8
1748272644436.0,23168.3,23198.3
1748272647140.0,23168.6,23198.6
1748272648455.0,23168.3,23198.3
1748272650071.0,23168.6,23198.6
1748272650507.0,23168.8,23198.8
1748272650729.0,23168.6,23198.6
1748272650953.0,23168.3,23198.3
1748272651612.0,23167.8,23197.8
1748272653249.0,23168.0,23198.0
1748272654133.0,23167.8,23197.8
1748272654355.0,23168.0,23198.0
1748272655948.0,23168.3,23198.3
1748272656635.0,23168.0,23198.0
1748272656954.0,23168.3,23198.3
1748272657180.0,23167.8,23197.8
1748272659178.0,23168.0,23198.0
1748272659760.0,23168.3,23198.3
1748272667277.0,23168.0,23198.0
1748272667374.0,23167.5,23197.5
1748272679913.0,23166.9,23196.9
1748272680187.0,23166.6,23196.6
1748272685160.0,23166.9,23196.9
1748272687957.0,23167.2,23197.2
1748272690638.0,23167.4,23197.4
1748272693138.0,23167.2,23197.2
1748272694953.0,23167.4,23197.4
1748272695351.0,23167.7,23197.7
1748272714073.0,23168.8,23198.8
1748272714473.0,23169.3,23199.3
1748272714694.0,23169.1,23199.1
1748272715083.0,23169.3,23199.3
1748272715309.0,23169.9,23199.9
1748272715533.0,23169.1,23199.1
1748272715759.0,23169.3,23199.3
1748272717402.0,23168.8,23198.8
1748272718778.0,23169.3,23199.3
1748272719131.0,23169.1,23199.1
1748272720460.0,23169.3,23199.3
1748272720856.0,23169.1,23199.1
1748272724277.0,23169.3,23199.3
1748272726886.0,23169.9,23199.9
1748272728768.0,23169.6,23199.6
1748272730163.0,23169.9,23199.9
1748272739466.0,23169.6,23199.6
1748272739930.0,23169.9,23199.9
1748272741664.0,23169.3,23199.3
1748272747038.0,23169.9,23199.9
1748272748884.0,23169.6,23199.6
1748272749455.0,23169.9,23199.9
1748272749680.0,23169.6,23199.6
1748272750114.0,23169.9,23199.9
1748272752889.0,23169.6,23199.6
1748272753206.0,23169.9,23199.9
1748272755469.0,23169.6,23199.6
1748272756155.0,23169.9,23199.9
1748272758974.0,23169.8,23199.8
1748272761234.0,23170.1,23200.1
1748272762132.0,23169.8,23199.8
1748272763348.0,23170.1,23200.1
1748272763571.0,23169.8,23199.8
1748272765695.0,23170.1,23200.1
1748272770520.0,23169.8,23199.8
1748272773988.0,23170.1,23200.1
1748272775960.0,23169.8,23199.8
1748272776802.0,23170.1,23200.1
1748272777792.0,23169.8,23199.8
1748272778015.0,23170.1,23200.1
1748272778394.0,23170.4,23200.4
1748272778618.0,23170.1,23200.1
1748272780051.0,23170.4,23200.4
1748272780455.0,23169.8,23199.8
1748272782213.0,23170.1,23200.1
1748272783049.0,23170.4,23200.4
1748272786905.0,23169.8,23199.8
1748272787302.0,23170.1,23200.1
1748272787798.0,23170.4,23200.4
1748272788715.0,23170.9,23200.9
1748272789955.0,23171.4,23201.4
1748272790180.0,23172.0,23202.0
1748272794005.0,23176.0,23206.0
1748272799552.0,23175.2,23205.2
1748272799872.0,23175.5,23205.5
1748272800474.0,23176.3,23206.3
1748272800696.0,23176.5,23206.5
1748272800922.0,23176.8,23206.8
1748272801147.0,23176.5,23206.5
1748272801728.0,23176.8,23206.8
1748272802110.0,23177.1,23207.1
1748272802952.0,23176.8,23206.8
1748272803490.0,23176.5,23206.5
1748272804722.0,23177.1,23207.1
1748272806357.0,23177.3,23207.3
1748272806578.0,23177.6,23207.6
1748272806803.0,23177.1,23207.1
1748272807562.0,23177.3,23207.3
1748272808382.0,23177.6,23207.6
1748272808609.0,23178.2,23208.2
