1748267999861.0,14212.0,14217.0
1748268000014.0,14213.5,14218.5
1748268000114.0,14214.0,14219.0
1748268002018.0,14214.5,14219.5
1748268002242.0,14215.0,14220.0
1748268003118.0,14214.5,14219.5
1748268003341.0,14214.0,14219.0
1748268004086.0,14214.5,14219.5
1748268004308.0,14217.0,14222.0
1748268006098.0,14217.5,14222.5
1748268006322.0,14218.0,14223.0
1748268017272.0,14218.5,14223.5
1748268022500.0,14218.0,14223.0
1748268022885.0,14218.5,14223.5
1748268023110.0,14218.0,14223.0
1748268024182.0,14217.5,14222.5
1748268025419.0,14218.0,14223.0
1748268025644.0,14217.5,14222.5
1748268025964.0,14218.0,14223.0
1748268032630.0,14218.5,14223.5
1748268032853.0,14219.0,14224.0
1748268034712.0,14220.0,14225.0
1748268050464.0,14218.0,14223.0
1748268055701.0,14216.5,14221.5
1748268077306.0,14217.0,14222.0
1748268077753.0,14219.0,14224.0
1748268083257.0,14219.5,14224.5
1748268084333.0,14219.0,14224.0
1748268086219.0,14218.5,14223.5
1748268086465.0,14217.0,14222.0
1748268087213.0,14216.5,14221.5
1748268087438.0,14216.0,14221.0
1748268091379.0,14215.5,14220.5
1748268091603.0,14215.0,14220.0
1748268095862.0,14215.5,14220.5
1748268096313.0,14215.0,14220.0
1748268097715.0,14215.5,14220.5
1748268097938.0,14216.0,14221.0
1748268099738.0,14216.5,14221.5
1748268099963.0,14217.0,14222.0
1748268100187.0,14217.5,14222.5
1748268103293.0,14217.0,14222.0
1748268108649.0,14217.5,14222.5
1748268109099,,
1748268109353.0,14217.0,14222.0
1748268116928.0,14218.0,14223.0
1748268121633.0,14218.5,14223.5
1748268121855.0,14218.0,14223.0
1748268122136.0,14217.5,14222.5
1748268122357.0,14217.0,14222.0
1748268130589.0,14217.5,14222.5
1748268131266.0,14216.0,14221.0
1748268152016.0,14215.5,14220.5
1748268152237.0,14215.0,14220.0
1748268153088.0,14215.5,14220.5
1748268153538.0,14215.0,14220.0
1748268153762.0,14214.5,14219.5
1748268153988.0,14215.0,14220.0
1748268161984.0,14214.5,14219.5
1748268162209.0,14214.0,14219.0
1748268162500.0,14214.5,14219.5
1748268163881.0,14214.0,14219.0
1748268170216.0,14213.5,14218.5
1748268170441.0,14213.0,14218.0
1748268189731.0,14213.5,14218.5
1748268190187.0,14213.0,14218.0
1748268192252.0,14213.5,14218.5
1748268192478.0,14214.0,14219.0
1748268193286.0,14213.5,14218.5
1748268193509.0,14213.0,14218.0
1748268194962.0,14213.5,14218.5
1748268195193.0,14214.0,14219.0
1748268195997.0,14214.5,14219.5
1748268196219.0,14214.0,14219.0
1748268202876.0,14213.5,14218.5
1748268203100.0,14214.0,14219.0
1748268217067.0,14213.5,14218.5
1748268217293.0,14212.0,14217.0
1748268219141.0,14211.5,14216.5
1748268219364.0,14211.0,14216.0
1748268219590.0,14210.0,14215.0
1748268221111.0,14209.5,14214.5
1748268221335.0,14208.0,14213.0
1748268221767.0,14207.5,14212.5
1748268222320.0,14207.0,14212.0
1748268223596.0,14207.5,14212.5
1748268223820.0,14208.0,14213.0
1748268224509.0,14207.5,14212.5
1748268226974.0,14207.0,14212.0
1748268230263.0,14207.5,14212.5
1748268231296.0,14207.0,14212.0
1748268232974.0,14207.5,14212.5
1748268233185.0,14208.0,14213.0
1748268234871.0,14207.5,14212.5
1748268237181.0,14208.0,14213.0
1748268239765.0,14207.5,14212.5
1748268240382.0,14207.0,14212.0
1748268244974.0,14208.0,14213.0
1748268248512.0,14207.5,14212.5
1748268248734.0,14207.0,14212.0
1748268249760.0,14207.5,14212.5
1748268249984.0,14208.0,14213.0
1748268252964.0,14207.5,14212.5
1748268253188.0,14207.0,14212.0
1748268253673.0,14207.5,14212.5
1748268253897.0,14208.0,14213.0
1748268255145.0,14209.0,14214.0
1748268260277.0,14208.5,14213.5
1748268262616.0,14208.0,14213.0
1748268264524.0,14207.5,14212.5
1748268264748.0,14206.5,14211.5
1748268269905.0,14207.0,14212.0
1748268280059.0,14206.5,14211.5
1748268280284.0,14207.0,14212.0
1748268283860.0,14207.5,14212.5
1748268284083.0,14209.0,14214.0
1748268284677.0,14208.5,14213.5
1748268284898.0,14207.5,14212.5
1748268292707.0,14207.0,14212.0
1748268300871.0,14206.5,14211.5
1748268301319.0,14207.0,14212.0
1748268307084.0,14207.5,14212.5
1748268307308.0,14208.0,14213.0
1748268308614.0,14207.5,14212.5
1748268308837.0,14207.0,14212.0
1748268311094.0,14206.5,14211.5
1748268313651.0,14206.0,14211.0
1748268316883.0,14205.0,14210.0
1748268325284.0,14205.5,14210.5
1748268329114.0,14206.0,14211.0
1748268329338.0,14207.0,14212.0
1748268333247.0,14207.5,14212.5
1748268335366.0,14208.0,14213.0
1748268342413.0,14207.5,14212.5
1748268342638.0,14207.0,14212.0
1748268344962,,
1748268348291.0,14206.5,14211.5
1748268348516.0,14206.0,14211.0
1748268352939.0,14206.5,14211.5
1748268355225.0,14206.0,14211.0
1748268355449.0,14205.5,14210.5
1748268395628.0,14205.0,14210.0
1748268395852.0,14203.5,14208.5
1748268396972.0,14202.5,14207.5
1748268400498.0,14203.0,14208.0
1748268400702.0,14203.5,14208.5
1748268401066.0,14204.0,14209.0
1748268401683.0,14204.5,14209.5
1748268401908.0,14204.0,14209.0
1748268403101.0,14203.5,14208.5
1748268403323.0,14203.0,14208.0
1748268410447.0,14202.5,14207.5
1748268410676.0,14202.0,14207.0
1748268411172.0,14201.5,14206.5
1748268411396.0,14201.0,14206.0
1748268419640.0,14201.5,14206.5
1748268424231.0,14201.0,14206.0
1748268434204.0,14200.5,14205.5
1748268434429.0,14201.0,14206.0
1748268443118.0,14200.5,14205.5
1748268443343.0,14200.0,14205.0
1748268444336.0,14199.5,14204.5
1748268444559.0,14199.0,14204.0
1748268452919.0,14198.5,14203.5
1748268457149.0,14199.0,14204.0
1748268457981.0,14199.5,14204.5
1748268458222.0,14200.0,14205.0
1748268459107.0,14199.5,14204.5
1748268459331.0,14199.0,14204.0
1748268459557.0,14200.0,14205.0
1748268462148.0,14200.5,14205.5
1748268463696.0,14201.0,14206.0
1748268464949.0,14200.5,14205.5
1748268467002.0,14201.0,14206.0
1748268473366.0,14201.5,14206.5
1748268473590.0,14202.0,14207.0
1748268476391.0,14201.5,14206.5
1748268476615.0,14201.0,14206.0
1748268482751.0,14200.5,14205.5
1748268482974.0,14200.0,14205.0
1748268490157.0,14200.5,14205.5
1748268490382.0,14201.0,14206.0
1748268490682.0,14200.5,14205.5
1748268490909.0,14200.0,14205.0
1748268491794.0,14200.5,14205.5
1748268492021.0,14201.0,14206.0
1748268492785.0,14201.5,14206.5
1748268493471.0,14202.0,14207.0
1748268494903.0,14201.5,14206.5
1748268495126.0,14201.0,14206.0
1748268500599.0,14202.0,14207.0
1748268502880.0,14202.5,14207.5
1748268504191.0,14202.0,14207.0
1748268508006.0,14201.5,14206.5
1748268508914.0,14201.0,14206.0
1748268537376.0,14202.0,14207.0
1748268555800.0,14203.0,14208.0
1748268556058.0,14203.5,14208.5
1748268556512.0,14205.0,14210.0
1748268559466.0,14204.5,14209.5
1748268559688.0,14205.0,14210.0
1748268562039.0,14205.5,14210.5
1748268562262.0,14206.0,14211.0
1748268563936.0,14205.0,14210.0
1748268565220.0,14204.0,14209.0
1748268566683.0,14203.5,14208.5
1748268566907.0,14203.0,14208.0
1748268585520.0,14204.5,14209.5
1748268585746.0,14204.0,14209.0
1748268594023.0,14204.0,14209.0
1748268598543.0,14203.5,14208.5
1748268599508.0,14205.5,14210.5
1748268600013.0,14204.9,14209.9
1748268608604.0,14205.4,14210.4
1748268608820.0,14207.4,14212.4
1748268611483.0,14206.4,14211.4
1748268612978.0,14206.9,14211.9
1748268613200.0,14207.4,14212.4
1748268621453.0,14206.9,14211.9
1748268621675.0,14206.4,14211.4
1748268643128.0,14206.9,14211.9
1748268643779.0,14207.4,14212.4
1748268644003.0,14208.4,14213.4
1748268648567.0,14208.9,14213.9
1748268649015.0,14210.4,14215.4
1748268649743.0,14211.4,14216.4
1748268650905.0,14211.4,14216.4
1748268659916.0,14211.9,14216.9
1748268660139.0,14212.4,14217.4
1748268664408.0,14212.9,14217.9
1748268664637.0,14212.4,14217.4
1748268665253.0,14212.9,14217.9
1748268671430.0,14212.4,14217.4
1748268671652,,
1748268671878.0,14211.4,14216.4
1748268672449.0,14211.9,14216.9
1748268672672.0,14212.4,14217.4
1748268675853.0,14213.4,14218.4
1748268700844.0,14212.4,14217.4
1748268701765.0,14211.9,14216.9
1748268701991.0,14210.4,14215.4
1748268708805.0,14208.9,14213.9
1748268709671.0,14208.4,14213.4
1748268713250,,
1748268713405.0,14210.4,14215.4
1748268715745.0,14210.9,14215.9
1748268715967.0,14211.4,14216.4
1748268717191.0,14210.9,14215.9
1748268717398.0,14210.4,14215.4
1748268720055.0,14210.9,14215.9
1748268720280.0,14211.4,14216.4
1748268736067.0,14211.9,14216.9
1748268736288.0,14212.4,14217.4
1748268737863.0,14212.9,14217.9
1748268746563.0,14213.4,14218.4
1748268756961.0,14215.4,14220.4
1748268761041.0,14214.9,14219.9
1748268761265.0,14214.4,14219.4
1748268766139.0,14213.4,14218.4
1748268774204.0,14212.9,14217.9
1748268775201.0,14213.4,14218.4
1748268780367.0,14213.9,14218.9
1748268780591.0,14214.4,14219.4
1748268780815,,
1748268792059.0,14214.9,14219.9
1748268792283.0,14215.4,14220.4
1748268793141.0,14215.9,14220.9
1748268793365.0,14216.4,14221.4
1748268798721.0,14215.9,14220.9
1748268798945.0,14215.4,14220.4
1748268799169.0,14214.9,14219.9
1748268799395.0,14214.4,14219.4
1748268800583.0,14214.9,14219.9
1748268805825.0,14214.4,14219.4
1748268806047,,
1748268815076.0,14214.9,14219.9
1748268815524.0,14215.4,14220.4
1748268815749.0,14214.4,14219.4
1748268820112.0,14214.9,14219.9
1748268820335.0,14215.4,14220.4
1748268822495.0,14215.9,14220.9
1748268823085.0,14216.4,14221.4
1748268823299.0,14215.4,14220.4
1748268825431.0,14215.9,14220.9
1748268825654.0,14216.4,14221.4
1748268839281.0,14217.9,14222.9
1748268855050.0,14218.4,14223.4
1748268869564.0,14218.9,14223.9
1748268869786.0,14219.9,14224.9
1748268870079,,
1748268870273.0,14219.4,14224.4
1748268877035.0,14219.9,14224.9
1748268877245.0,14220.4,14225.4
1748268896060,,
1748268899156.0,14219.9,14224.9
1748268899379.0,14219.4,14224.4
1748268900275.0,14218.9,14223.9
1748268903817.0,14219.4,14224.4
1748268904040.0,14218.9,14223.9
1748268909393.0,14218.4,14223.4
1748268910238.0,14219.4,14224.4
1748268912031.0,14218.9,14223.9
1748268912255.0,14216.9,14221.9
1748268912891.0,14217.4,14222.4
1748268919786.0,14217.9,14222.9
1748268920008.0,14218.4,14223.4
1748268929739.0,14217.9,14222.9
1748268931260.0,14218.4,14223.4
1748268933888.0,14218.9,14223.9
1748268934110.0,14218.4,14223.4
1748268953010.0,14218.9,14223.9
1748268953234.0,14219.4,14224.4
1748268954920.0,14219.9,14224.9
1748268955145.0,14219.4,14224.4
1748268957683.0,14218.9,14223.9
1748268957904.0,14218.4,14223.4
1748268959074.0,14218.9,14223.9
1748268959301.0,14219.4,14224.4
1748268962199.0,14218.9,14223.9
1748268962418.0,14218.4,14223.4
1748268962700.0,14218.9,14223.9
1748268963435.0,14219.4,14224.4
1748268965904.0,14218.9,14223.9
1748268966128.0,14218.4,14223.4
1748268980216.0,14217.9,14222.9
1748268980439.0,14217.4,14222.4
1748268984282.0,14216.4,14221.4
1748268995227.0,14215.9,14220.9
1748268995450.0,14215.4,14220.4
1748269000726.0,14215.9,14220.9
1748269000952.0,14216.4,14221.4
1748269001348.0,14216.9,14221.9
1748269005059.0,14216.4,14221.4
1748269015161,,
1748269018931.0,14215.4,14220.4
1748269022914.0,14215.9,14220.9
1748269023137.0,14216.4,14221.4
1748269024080,,
1748269024180.0,14215.4,14220.4
1748269024987.0,14214.9,14219.9
1748269025207.0,14214.4,14219.4
1748269026587.0,14214.9,14219.9
1748269026809.0,14215.4,14220.4
1748269027283.0,14214.4,14219.4
1748269030409.0,14214.9,14219.9
1748269030631.0,14215.4,14220.4
1748269033587.0,14215.9,14220.9
1748269033812,,
1748269034465.0,14216.4,14221.4
1748269034978.0,14215.9,14220.9
1748269035204.0,14215.4,14220.4
1748269035887.0,14215.9,14220.9
1748269036131.0,14216.4,14221.4
1748269036338.0,14217.4,14222.4
1748269036776.0,14217.9,14222.9
1748269037000.0,14218.4,14223.4
1748269037675.0,14217.9,14222.9
1748269037900.0,14217.4,14222.4
1748269041168.0,14218.4,14223.4
1748269041393.0,14217.4,14222.4
1748269061989.0,14216.9,14221.9
1748269062224.0,14215.9,14220.9
1748269070570.0,14216.4,14221.4
1748269082393,,
1748269085005.0,14216.9,14221.9
1748269085228.0,14217.4,14222.4
1748269086249.0,14216.9,14221.9
1748269086474.0,14216.4,14221.4
1748269089475.0,14216.9,14221.9
1748269089697.0,14217.4,14222.4
1748269097951.0,14216.9,14221.9
1748269098174.0,14216.4,14221.4
1748269099584.0,14216.9,14221.9
1748269099805.0,14217.4,14222.4
1748269114139.0,14216.9,14221.9
1748269114361.0,14217.4,14222.4
1748269120177.0,14216.9,14221.9
1748269120398.0,14217.4,14222.4
1748269122718.0,14216.9,14221.9
1748269122941.0,14216.4,14221.4
1748269123751.0,14216.9,14221.9
1748269123974.0,14217.4,14222.4
1748269124678.0,14216.9,14221.9
1748269124903.0,14216.4,14221.4
1748269125760.0,14217.4,14222.4
1748269132325.0,14216.9,14221.9
1748269132548.0,14216.4,14221.4
1748269132774.0,14215.4,14220.4
1748269133587.0,14215.9,14220.9
1748269133815.0,14216.4,14221.4
1748269143926.0,14218.4,14223.4
1748269145017.0,14219.4,14224.4
1748269153459.0,14219.9,14224.9
1748269153683.0,14220.4,14225.4
1748269157495.0,14219.9,14224.9
1748269157717.0,14219.4,14224.4
1748269157943.0,14220.4,14225.4
1748269162973.0,14219.9,14224.9
1748269163193.0,14220.4,14225.4
1748269164283.0,14219.4,14224.4
1748269167204.0,14219.9,14224.9
1748269167405.0,14219.4,14224.4
1748269175673.0,14218.9,14223.9
1748269176122,,
1748269185502.0,14218.4,14223.4
1748269200612.0,14218.9,14223.9
1748269200837.0,14219.4,14224.4
1748269212454,,
1748269212553.0,14218.9,14223.9
1748269214626.0,14219.4,14224.4
1748269215208.0,14218.9,14223.9
1748269216500.0,14219.4,14224.4
1748269223449.0,14218.9,14223.9
1748269223674.0,14219.4,14224.4
1748269224499.0,14218.9,14223.9
1748269226921.0,14218.4,14223.4
1748269228004.0,14219.4,14224.4
1748269231866,,
1748269232695.0,14218.9,14223.9
1748269232918.0,14218.4,14223.4
1748269234372.0,14219.4,14224.4
1748269239145.0,14219.9,14224.9
1748269239368.0,14220.4,14225.4
1748269248946,,
1748269249110.0,14219.4,14224.4
1748269250508.0,14218.9,14223.9
1748269250737.0,14218.4,14223.4
1748269250957.0,14217.9,14222.9
1748269253255.0,14217.4,14222.4
1748269255513.0,14216.9,14221.9
1748269255738.0,14216.4,14221.4
1748269258233.0,14216.9,14221.9
1748269258445.0,14217.4,14222.4
1748269267979.0,14215.9,14220.9
1748269293285.0,14214.9,14219.9
1748269295314,,
1748269300367.0,14213.9,14218.9
1748269305827.0,14212.9,14217.9
1748269337304.0,14213.4,14218.4
1748269349680.0,14213.4,14218.4
1748269367161.0,14212.9,14217.9
1748269367384.0,14212.4,14217.4
1748269374842.0,14212.9,14217.9
1748269375066.0,14212.4,14217.4
1748269381280.0,14212.9,14217.9
1748269381729.0,14213.4,14218.4
1748269389327.0,14212.9,14217.9
1748269390811.0,14213.4,14218.4
1748269399603.0,14213.4,14218.4
1748269403024.0,14212.9,14217.9
1748269403247.0,14212.4,14217.4
1748269411995.0,14213.4,14218.4
1748269414684.0,14212.9,14217.9
1748269414908.0,14212.4,14217.4
1748269419998.0,14212.4,14217.4
1748269421364.0,14212.9,14217.9
1748269421586.0,14213.4,14218.4
1748269423181.0,14212.9,14217.9
1748269423404.0,14211.9,14216.9
1748269426243.0,14212.4,14217.4
1748269436049.0,14211.9,14216.9
1748269436282.0,14209.9,14214.9
1748269436496,,
1748269440650.0,14210.9,14215.9
1748269441184.0,14210.4,14215.4
1748269455095.0,14209.4,14214.4
1748269456433.0,14209.9,14214.9
1748269456643.0,14209.4,14214.4
1748269468517.0,14209.9,14214.9
1748269470174.0,14210.4,14215.4
1748269483529.0,14209.9,14214.9
1748269487587.0,14210.4,14215.4
1748269497093.0,14211.4,14216.4
1748269503042.0,14210.9,14215.9
1748269508475.0,14211.4,14216.4
1748269508701.0,14210.9,14215.9
1748269513392.0,14211.4,14216.4
1748269514317.0,14210.9,14215.9
1748269515324.0,14211.4,14216.4
1748269515772.0,14210.9,14215.9
1748269517368.0,14211.4,14216.4
1748269517812.0,14210.9,14215.9
1748269524223.0,14211.4,14216.4
1748269524443.0,14210.9,14215.9
1748269525493.0,14211.4,14216.4
1748269525717.0,14210.9,14215.9
1748269526174.0,14211.4,14216.4
1748269526700.0,14211.9,14216.9
1748269529877.0,14210.4,14215.4
1748269532219.0,14209.9,14214.9
1748269532441.0,14210.4,14215.4
1748269541948.0,14210.9,14215.9
1748269542174.0,14211.4,14216.4
1748269548016.0,14211.9,14216.9
1748269549896.0,14211.4,14216.4
1748269566763.0,14211.4,14216.4
1748269567392.0,14211.9,14216.9
1748269567634.0,14212.4,14217.4
1748269568797.0,14212.4,14217.4
1748269578543.0,14212.9,14217.9
1748269583115.0,14213.4,14218.4
1748269584287.0,14212.9,14217.9
1748269584948.0,14213.4,14218.4
1748269585182.0,14212.4,14217.4
1748269589349.0,14212.9,14217.9
1748269590731.0,14213.4,14218.4
1748269590954.0,14212.9,14217.9
1748269592233.0,14212.4,14217.4
1748269594447.0,14212.9,14217.9
1748269596425.0,14212.4,14217.4
1748269604020.0,14211.9,14216.9
1748269605926.0,14212.4,14217.4
1748269611684.0,14211.9,14216.9
1748269611914.0,14210.9,14215.9
1748269612132.0,14210.4,14215.4
1748269612626.0,14209.9,14214.9
1748269613277.0,14210.4,14215.4
1748269613965.0,14210.9,14215.9
1748269614415.0,14210.4,14215.4
1748269623289.0,14210.9,14215.9
1748269624249.0,14209.9,14214.9
1748269625177.0,14209.4,14214.4
1748269654913.0,14211.4,14216.4
1748269656780.0,14210.9,14215.9
1748269657226.0,14210.4,14215.4
1748269689719.0,14210.9,14215.9
1748269689942.0,14212.4,14217.4
1748269699836.0,14212.9,14217.9
1748269700060.0,14212.4,14217.4
1748269705285.0,14210.4,14215.4
1748269706228.0,14210.9,14215.9
1748269706451.0,14211.4,14216.4
1748269713141.0,14210.9,14215.9
1748269713363.0,14211.4,14216.4
1748269716617.0,14210.9,14215.9
1748269718263.0,14210.4,14215.4
1748269720194.0,14210.4,14215.4
1748269721597.0,14210.9,14215.9
1748269722561.0,14211.4,14216.4
1748269724019.0,14210.9,14215.9
1748269725013.0,14210.4,14215.4
1748269728560.0,14210.9,14215.9
1748269742762.0,14211.4,14216.4
1748269746398.0,14213.4,14218.4
1748269750941.0,14213.9,14218.9
1748269751165,,
1748269752011.0,14213.4,14218.4
1748269755167,,
1748269756756.0,14213.9,14218.9
1748269756978.0,14214.4,14219.4
1748269758296.0,14214.9,14219.9
1748269758513.0,14214.4,14219.4
1748269758852.0,14214.9,14219.9
1748269760280.0,14214.4,14219.4
1748269760972.0,14213.9,14218.9
1748269765085.0,14213.4,14218.4
1748269765891.0,14213.4,14218.4
1748269795090.0,14212.9,14217.9
1748269795314.0,14213.4,14218.4
1748269799351.0,14212.9,14217.9
1748269799573.0,14212.4,14217.4
1748269800302.0,14212.8,14217.8
1748269805128,,
1748269813139.0,14212.3,14217.3
1748269813363.0,14211.8,14216.8
1748269818651.0,14213.3,14218.3
1748269819181.0,14213.8,14218.8
1748269822886.0,14214.3,14219.3
1748269823663.0,14214.8,14219.8
1748269824242.0,14215.8,14220.8
1748269839927.0,14216.8,14221.8
1748269840152.0,14217.8,14222.8
1748269842596.0,14217.3,14222.3
1748269842818.0,14216.3,14221.3
1748269843745.0,14216.8,14221.8
1748269851495.0,14216.3,14221.3
1748269851717.0,14215.8,14220.8
1748269851942.0,14214.8,14219.8
1748269852176.0,14213.8,14218.8
1748269852845.0,14214.3,14219.3
1748269853246.0,14214.8,14219.8
1748269854187.0,14215.3,14220.3
1748269855635.0,14215.8,14220.8
1748269857350.0,14215.3,14220.3
1748269863410.0,14215.8,14220.8
1748269865414.0,14215.3,14220.3
1748269866872.0,14215.8,14220.8
1748269868553.0,14215.3,14220.3
1748269871688.0,14215.8,14220.8
1748269879943.0,14216.3,14221.3
1748269883062.0,14216.8,14221.8
1748269887598.0,14218.8,14223.8
1748269897154.0,14219.3,14224.3
1748269897379.0,14219.8,14224.8
1748269929431.0,14219.3,14224.3
1748269929656.0,14218.8,14223.8
1748269929888.0,14219.8,14224.8
1748269944458.0,14219.3,14224.3
1748269944681.0,14218.8,14223.8
1748269945093.0,14219.3,14224.3
1748269945316.0,14219.8,14224.8
1748269948561.0,14219.8,14224.8
1748269949041.0,14219.3,14224.3
1748269949632.0,14218.8,14223.8
1748269949860.0,14217.8,14222.8
1748269960182.0,14218.8,14223.8
1748269962327.0,14218.3,14223.3
1748269962552.0,14218.8,14223.8
1748269962790.0,14216.8,14221.8
1748269969744.0,14217.3,14222.3
1748269969968.0,14217.8,14222.8
1748269973668.0,14218.3,14223.3
1748269973901.0,14219.8,14224.8
1748270015581.0,14218.8,14223.8
1748270018278.0,14219.3,14224.3
1748270018710.0,14218.8,14223.8
1748270023277.0,14219.3,14224.3
1748270023490.0,14219.8,14224.8
1748270029652.0,14219.3,14224.3
1748270029876.0,14218.8,14223.8
1748270030830.0,14219.3,14224.3
1748270035281.0,14217.8,14222.8
1748270063607.0,14218.8,14223.8
1748270077017.0,14219.3,14224.3
1748270077236.0,14218.8,14223.8
1748270094553.0,14217.8,14222.8
1748270096354.0,14218.3,14223.3
1748270096574.0,14218.8,14223.8
1748270098338.0,14219.3,14224.3
1748270100666.0,14218.8,14223.8
1748270100889.0,14219.3,14224.3
1748270101855.0,14218.8,14223.8
1748270112064,,
1748270112243.0,14216.8,14221.8
1748270127669.0,14213.8,14218.8
1748270128337.0,14213.3,14218.3
1748270128562.0,14213.8,14218.8
1748270130032.0,14214.3,14219.3
1748270130257.0,14213.8,14218.8
1748270137446.0,14214.3,14219.3
1748270137668.0,14214.8,14219.8
1748270138012.0,14214.3,14219.3
1748270138445.0,14214.8,14219.8
1748270140957.0,14213.8,14218.8
1748270142507.0,14214.3,14219.3
1748270143048.0,14213.8,14218.8
1748270145367.0,14214.3,14219.3
1748270145817.0,14213.8,14218.8
1748270156263.0,14214.8,14219.8
1748270160824.0,14213.8,14218.8
1748270162468.0,14214.3,14219.3
1748270170169.0,14213.8,14218.8
1748270170397,,
1748270171989.0,14214.3,14219.3
1748270172212.0,14214.8,14219.8
1748270174218.0,14215.3,14220.3
1748270174666.0,14216.3,14221.3
1748270177590.0,14216.8,14221.8
1748270179598.0,14217.3,14222.3
1748270180798.0,14217.8,14222.8
1748270182749.0,14218.3,14223.3
1748270182974.0,14218.8,14223.8
1748270184666.0,14217.8,14222.8
1748270185092.0,14217.3,14222.3
1748270185958.0,14217.8,14222.8
1748270187005.0,14217.3,14222.3
1748270187674.0,14217.8,14222.8
1748270188124.0,14217.3,14222.3
1748270189448.0,14217.8,14222.8
1748270189671.0,14217.3,14222.3
1748270189895.0,14217.8,14222.8
1748270193170.0,14217.3,14222.3
1748270194396.0,14217.8,14222.8
1748270197450.0,14217.3,14222.3
1748270200167.0,14217.8,14222.8
1748270209401.0,14218.3,14223.3
1748270211727.0,14217.8,14222.8
1748270211937.0,14216.8,14221.8
1748270213715.0,14216.3,14221.3
1748270213939.0,14215.8,14220.8
1748270227488.0,14216.3,14221.3
1748270227713.0,14217.8,14222.8
1748270228084.0,14217.3,14222.3
1748270233491.0,14216.8,14221.8
1748270259771.0,14216.3,14221.3
1748270260480.0,14215.8,14220.8
1748270267821.0,14215.3,14220.3
1748270268045.0,14215.8,14220.8
1748270268276.0,14214.8,14219.8
1748270268826.0,14215.3,14220.3
1748270270440.0,14214.8,14219.8
1748270271830.0,14215.3,14220.3
1748270272277.0,14215.8,14220.8
1748270277263.0,14215.3,14220.3
1748270277486.0,14213.8,14218.8
1748270282100.0,14214.3,14219.3
1748270282330.0,14215.8,14220.8
1748270294894.0,14216.3,14221.3
1748270301782.0,14216.8,14221.8
1748270305996.0,14217.3,14222.3
1748270308189.0,14216.8,14221.8
1748270315859.0,14216.3,14221.3
1748270319714.0,14216.8,14221.8
1748270329474.0,14217.3,14222.3
1748270330374.0,14216.8,14221.8
1748270333243.0,14216.3,14221.3
1748270333692.0,14216.8,14221.8
1748270336741.0,14217.3,14222.3
1748270337240.0,14216.8,14221.8
1748270342717.0,14214.8,14219.8
1748270343223.0,14215.3,14220.3
1748270344394.0,14214.8,14219.8
1748270347346.0,14215.3,14220.3
1748270347792.0,14214.8,14219.8
1748270350066.0,14215.3,14220.3
1748270353849.0,14214.8,14219.8
1748270369255.0,14214.3,14219.3
1748270369478.0,14214.8,14219.8
1748270370734.0,14214.3,14219.3
1748270370959.0,14214.8,14219.8
1748270373224.0,14214.3,14219.3
1748270376651.0,14213.8,14218.8
1748270377093.0,14214.8,14219.8
1748270380405.0,14214.3,14219.3
1748270380614.0,14213.8,14218.8
1748270381395.0,14214.3,14219.3
1748270382128.0,14214.8,14219.8
1748270385050.0,14214.3,14219.3
1748270385271.0,14214.8,14219.8
1748270386348.0,14214.3,14219.3
1748270387037.0,14214.8,14219.8
1748270388907.0,14214.3,14219.3
1748270391126.0,14214.8,14219.8
1748270400017.0,14215.3,14220.3
1748270401281.0,14215.8,14220.8
1748270401505.0,14216.8,14221.8
1748270402923.0,14216.3,14221.3
1748270408693.0,14216.8,14221.8
1748270408914.0,14217.8,14222.8
1748270409780.0,14218.3,14223.3
1748270411394.0,14218.8,14223.8
1748270411617.0,14219.3,14224.3
1748270419619.0,14218.8,14223.8
1748270421312.0,14218.3,14223.3
1748270422831.0,14217.8,14222.8
1748270423056.0,14217.3,14222.3
1748270425260.0,14216.8,14221.8
1748270426022.0,14217.3,14222.3
1748270432516.0,14217.3,14222.3
1748270433040.0,14217.8,14222.8
1748270433265.0,14218.3,14223.3
1748270436442.0,14219.3,14224.3
1748270455249.0,14218.8,14223.8
1748270455471.0,14218.3,14223.3
1748270456065.0,14219.3,14224.3
1748270472587.0,14219.8,14224.8
1748270476996.0,14220.3,14225.3
1748270487224.0,14221.3,14226.3
1748270487448.0,14220.3,14225.3
1748270488065.0,14220.8,14225.8
1748270488287.0,14221.3,14226.3
1748270493156.0,14221.3,14226.3
1748270497137.0,14220.8,14225.8
1748270498608.0,14221.3,14226.3
1748270505706.0,14219.8,14224.8
1748270506990.0,14219.3,14224.3
1748270507513.0,14219.8,14224.8
1748270508197.0,14219.3,14224.3
1748270508663.0,14219.8,14224.8
1748270509618.0,14220.3,14225.3
1748270516504.0,14220.8,14225.8
1748270516951.0,14220.3,14225.3
1748270520769.0,14221.3,14226.3
1748270533475.0,14221.8,14226.8
1748270533697.0,14222.3,14227.3
1748270535964.0,14222.8,14227.8
1748270536186.0,14223.3,14228.3
1748270540709.0,14223.8,14228.8
1748270540934.0,14223.3,14228.3
1748270541926.0,14224.3,14229.3
1748270558504.0,14223.8,14228.8
1748270558726.0,14223.3,14228.3
1748270559942.0,14223.8,14228.8
1748270560173.0,14223.3,14228.3
1748270562751.0,14222.8,14227.8
1748270562973.0,14222.3,14227.3
1748270569808.0,14222.8,14227.8
1748270570029.0,14223.3,14228.3
1748270579456.0,14222.8,14227.8
1748270581594.0,14221.8,14226.8
1748270582861.0,14222.3,14227.3
1748270586564.0,14222.8,14227.8
1748270587827.0,14222.3,14227.3
1748270588414.0,14222.8,14227.8
1748270588638.0,14223.3,14228.3
1748270589431.0,14222.8,14227.8
1748270589656.0,14222.3,14227.3
1748270595603.0,14222.8,14227.8
1748270595826.0,14222.3,14227.3
1748270599599.0,14222.8,14227.8
1748270600223.0,14222.3,14227.3
1748270600447.0,14222.8,14227.8
1748270602711.0,14223.3,14228.3
1748270612953.0,14222.8,14227.8
1748270613455.0,14222.3,14227.3
1748270625824.0,14221.8,14226.8
1748270626916.0,14221.3,14226.3
1748270641980.0,14221.3,14226.3
1748270644941.0,14221.8,14226.8
1748270645163.0,14222.3,14227.3
1748270650058.0,14223.3,14228.3
1748270650884.0,14223.8,14228.8
1748270652142.0,14223.3,14228.3
1748270652365.0,14223.8,14228.8
1748270654050.0,14223.3,14228.3
1748270673890.0,14224.3,14229.3
1748270683003.0,14224.8,14229.8
1748270683227.0,14225.3,14230.3
1748270684153.0,14225.8,14230.8
1748270684376.0,14226.3,14231.3
1748270685935.0,14225.8,14230.8
1748270686160.0,14225.3,14230.3
1748270689978.0,14225.8,14230.8
1748270691687.0,14225.3,14230.3
1748270694245.0,14225.8,14230.8
1748270695083.0,14226.3,14231.3
1748270696367.0,14225.8,14230.8
1748270698576.0,14226.3,14231.3
1748270700084.0,14225.8,14230.8
1748270700308.0,14226.3,14231.3
1748270702412.0,14226.8,14231.8
1748270702651.0,14227.3,14232.3
1748270708184.0,14226.8,14231.8
1748270708395.0,14226.3,14231.3
1748270712673.0,14225.8,14230.8
1748270712900.0,14224.8,14229.8
1748270716081.0,14225.3,14230.3
1748270716921.0,14224.8,14229.8
1748270720413.0,14223.3,14228.3
1748270724574.0,14222.3,14227.3
1748270728279.0,14222.8,14227.8
1748270728503.0,14223.3,14228.3
1748270734967.0,14223.8,14228.8
1748270742069.0,14224.3,14229.3
1748270747874.0,14225.3,14230.3
1748270748323.0,14224.8,14229.8
1748270748548.0,14224.3,14229.3
1748270749741.0,14224.8,14229.8
1748270752835.0,14224.3,14229.3
1748270765472.0,14224.3,14229.3
1748270770325.0,14223.8,14228.8
1748270770550.0,14223.3,14228.3
1748270775362.0,14224.3,14229.3
1748270780507.0,14224.8,14229.8
1748270786133.0,14225.3,14230.3
1748270786447.0,14224.8,14229.8
1748270786949.0,14224.3,14229.3
1748270791868.0,14224.8,14229.8
1748270805622.0,14225.3,14230.3
1748270805801.0,14225.8,14230.8
1748270806037.0,14227.3,14232.3
1748270817405.0,14226.8,14231.8
1748270817627.0,14227.3,14232.3
1748270830742.0,14227.3,14232.3
1748270831223.0,14227.8,14232.8
1748270831458.0,14228.3,14233.3
1748270833388.0,14227.8,14232.8
1748270833610.0,14227.3,14232.3
1748270835879.0,14227.8,14232.8
1748270836670.0,14228.3,14233.3
1748270856177.0,14227.8,14232.8
1748270856399.0,14227.3,14232.3
1748270867282.0,14226.3,14231.3
1748270867884.0,14225.8,14230.8
1748270868110.0,14224.3,14229.3
1748270869220.0,14224.8,14229.8
1748270869445.0,14225.3,14230.3
1748270871276.0,14224.8,14229.8
1748270872380.0,14224.3,14229.3
1748270872828.0,14224.8,14229.8
1748270874649.0,14225.3,14230.3
1748270881823.0,14225.3,14230.3
1748270890419.0,14224.8,14229.8
1748270890944.0,14225.3,14230.3
1748270893311.0,14224.8,14229.8
1748270899169.0,14224.3,14229.3
1748270899616.0,14224.8,14229.8
1748270902026.0,14224.3,14229.3
1748270916642.0,14223.3,14228.3
1748270920945.0,14224.3,14229.3
1748270921671.0,14223.8,14228.8
1748270922625.0,14223.3,14228.3
1748270932248.0,14222.8,14227.8
1748270932471.0,14222.3,14227.3
1748270938328.0,14221.8,14226.8
1748270938549.0,14221.3,14226.3
1748270942893.0,14221.8,14226.8
1748270943117.0,14222.3,14227.3
1748270943678.0,14222.3,14227.3
1748270954581.0,14222.8,14227.8
1748270957934.0,14223.3,14228.3
1748270960583.0,14223.8,14228.8
1748270964710.0,14223.3,14228.3
1748270965842.0,14222.8,14227.8
1748270966066.0,14221.8,14226.8
1748270966288.0,14222.3,14227.3
1748270969324.0,14222.8,14227.8
1748270969546.0,14223.3,14228.3
1748270994841.0,14222.8,14227.8
1748270995064.0,14222.3,14227.3
1748271000013.0,14221.4,14226.4
1748271003102.0,14220.9,14225.9
1748271003325.0,14220.4,14225.4
1748271023884.0,14221.4,14226.4
1748271033062.0,14220.9,14225.9
1748271034443.0,14221.4,14226.4
1748271037239.0,14221.9,14226.9
1748271037461.0,14221.4,14226.4
1748271050058.0,14220.9,14225.9
1748271050282.0,14220.4,14225.4
1748271053477.0,14219.4,14224.4
1748271054543.0,14220.4,14225.4
1748271056393.0,14220.9,14225.9
1748271056619.0,14221.4,14226.4
1748271064429.0,14220.9,14225.9
1748271064665.0,14220.4,14225.4
1748271065159.0,14221.4,14226.4
1748271069994.0,14220.9,14225.9
1748271070216,,
1748271071541.0,14222.4,14227.4
1748271072097.0,14221.9,14226.9
1748271072322.0,14221.4,14226.4
1748271075727.0,14220.9,14225.9
1748271075944.0,14220.4,14225.4
1748271076177.0,14220.9,14225.9
1748271076689.0,14221.4,14226.4
1748271080452.0,14221.9,14226.9
1748271080675.0,14222.4,14227.4
1748271092311.0,14221.4,14226.4
1748271127448,,
1748271127548.0,14221.9,14226.9
1748271130792.0,14221.4,14226.4
1748271138153.0,14221.9,14226.9
1748271138388.0,14223.4,14228.4
1748271139251.0,14222.9,14227.9
1748271141376.0,14223.4,14228.4
1748271148224.0,14222.9,14227.9
1748271148448.0,14222.4,14227.4
1748271156747.0,14221.9,14226.9
1748271156968.0,14221.4,14226.4
1748271157224.0,14221.9,14226.9
1748271157449.0,14222.4,14227.4
1748271163327.0,14222.9,14227.9
1748271163550,,
1748271172290.0,14223.4,14228.4
1748271187623.0,14222.9,14227.9
1748271187847.0,14222.4,14227.4
1748271205378.0,14221.9,14226.9
1748271205599.0,14222.4,14227.4
1748271214192.0,14222.9,14227.9
1748271214434.0,14224.4,14229.4
1748271216341.0,14222.4,14227.4
1748271219596.0,14223.4,14228.4
1748271222446.0,14223.9,14228.9
1748271222671.0,14223.4,14228.4
1748271222896.0,14224.4,14229.4
1748271237781.0,14224.9,14229.9
1748271238003.0,14225.4,14230.4
1748271238231.0,14224.4,14229.4
1748271240891.0,14224.9,14229.9
1748271241116.0,14225.4,14230.4
1748271244380.0,14224.9,14229.9
1748271244603.0,14224.4,14229.4
1748271257699.0,14224.9,14229.9
1748271257916.0,14224.4,14229.4
1748271273321.0,14224.9,14229.9
1748271273544.0,14225.4,14230.4
1748271273769.0,14224.4,14229.4
1748271275701.0,14224.9,14229.9
1748271276310.0,14224.4,14229.4
1748271295126.0,14224.9,14229.9
1748271295352.0,14225.4,14230.4
1748271297862.0,14224.9,14229.9
1748271298086.0,14224.4,14229.4
1748271313747.0,14224.9,14229.9
1748271313971.0,14225.4,14230.4
1748271314949.0,14225.9,14230.9
1748271316783.0,14226.4,14231.4
1748271323650.0,14226.9,14231.9
1748271328393.0,14225.9,14230.9
1748271328614.0,14226.4,14231.4
1748271331287.0,14225.9,14230.9
1748271331510.0,14225.4,14230.4
1748271332773.0,14225.9,14230.9
1748271332996.0,14226.4,14231.4
1748271334445.0,14226.9,14231.9
1748271334669.0,14226.4,14231.4
1748271342180.0,14226.9,14231.9
1748271343534.0,14227.4,14232.4
1748271344466.0,14226.9,14231.9
1748271344691.0,14226.4,14231.4
1748271349975.0,14226.9,14231.9
1748271350197.0,14227.4,14232.4
1748271352830.0,14227.9,14232.9
1748271353279.0,14227.4,14232.4
1748271353886.0,14226.9,14231.9
1748271354111.0,14226.4,14231.4
1748271365471.0,14226.9,14231.9
1748271367350.0,14226.4,14231.4
1748271370571.0,14225.9,14230.9
1748271370794.0,14226.4,14231.4
1748271371639.0,14225.9,14230.9
1748271371862.0,14225.4,14230.4
1748271372086.0,14226.4,14231.4
1748271374194.0,14227.4,14232.4
1748271374411.0,14227.9,14232.9
1748271377689.0,14227.4,14232.4
1748271393978.0,14226.9,14231.9
1748271394201.0,14226.4,14231.4
1748271394471.0,14226.9,14231.9
1748271394697.0,14227.4,14232.4
1748271399515.0,14226.9,14231.9
1748271401128.0,14227.4,14232.4
1748271410840.0,14226.9,14231.9
1748271411285.0,14226.4,14231.4
1748271414955.0,14226.9,14231.9
1748271415185.0,14227.4,14232.4
1748271416107.0,14226.9,14231.9
1748271418807.0,14227.4,14232.4
1748271421751.0,14226.9,14231.9
1748271427002.0,14227.4,14232.4
1748271433066.0,14227.9,14232.9
1748271433290.0,14227.4,14232.4
1748271450102.0,14226.9,14231.9
1748271450325.0,14226.4,14231.4
1748271453150.0,14226.9,14231.9
1748271453600.0,14227.4,14232.4
1748271454001.0,14226.9,14231.9
1748271454892.0,14227.4,14232.4
1748271457116,,
1748271457340.0,14228.4,14233.4
1748271464698.0,14227.9,14232.9
1748271464919.0,14227.4,14232.4
1748271466533.0,14227.9,14232.9
1748271466982.0,14228.4,14233.4
1748271469104.0,14227.4,14232.4
1748271469327.0,14227.9,14232.9
1748271471929.0,14227.4,14232.4
1748271485174.0,14227.9,14232.9
1748271488129.0,14227.4,14232.4
1748271491854.0,14227.9,14232.9
1748271492615.0,14227.4,14232.4
1748271495562.0,14227.9,14232.9
1748271498701.0,14228.4,14233.4
1748271499751.0,14228.9,14233.9
1748271499976.0,14228.4,14233.4
1748271510139.0,14227.9,14232.9
1748271510361.0,14227.4,14232.4
1748271510587.0,14227.9,14232.9
1748271515855.0,14228.4,14233.4
1748271520470.0,14228.9,14233.9
1748271520694.0,14229.4,14234.4
1748271525361.0,14228.9,14233.9
1748271525586.0,14227.9,14232.9
1748271526201.0,14228.4,14233.4
1748271541192.0,14227.9,14232.9
1748271541415.0,14227.4,14232.4
1748271549578.0,14227.9,14232.9
1748271549801.0,14228.4,14233.4
1748271552019.0,14228.9,14233.9
1748271552241.0,14229.4,14234.4
1748271553283.0,14228.4,14233.4
1748271556161.0,14228.9,14233.9
1748271556627.0,14229.4,14234.4
1748271557233.0,14228.9,14233.9
1748271560318.0,14229.4,14234.4
1748271560767.0,14228.4,14233.4
1748271561183.0,14228.9,14233.9
1748271562191.0,14229.4,14234.4
1748271570077.0,14228.9,14233.9
1748271573453.0,14229.4,14234.4
1748271576207.0,14228.9,14233.9
1748271576429.0,14228.4,14233.4
1748271580602.0,14227.9,14232.9
1748271582087.0,14228.4,14233.4
1748271583274.0,14227.9,14232.9
1748271585470.0,14227.4,14232.4
1748271588161.0,14227.9,14232.9
1748271588378.0,14228.4,14233.4
1748271591706.0,14227.9,14232.9
1748271591930.0,14227.4,14232.4
1748271592574.0,14227.9,14232.9
1748271595070.0,14227.4,14232.4
1748271597436.0,14226.9,14231.9
1748271598846.0,14227.4,14232.4
1748271600019.0,14227.9,14232.9
1748271604080.0,14227.4,14232.4
1748271604312.0,14226.9,14231.9
1748271606911.0,14227.4,14232.4
1748271607136.0,14227.9,14232.9
1748271608641.0,14228.4,14233.4
1748271608864.0,14228.9,14233.9
1748271610164.0,14228.4,14233.4
1748271610388.0,14227.9,14232.9
1748271610614.0,14227.4,14232.4
1748271611994.0,14227.9,14232.9
1748271614063.0,14227.4,14232.4
1748271614287.0,14227.9,14232.9
1748271614926.0,14228.4,14233.4
1748271615151.0,14228.9,14233.9
1748271616211.0,14228.4,14233.4
1748271616436.0,14227.9,14232.9
1748271635164.0,14227.4,14232.4
1748271635387.0,14226.9,14231.9
1748271636816.0,14227.4,14232.4
1748271637037.0,14227.9,14232.9
1748271640062.0,14227.4,14232.4
1748271640285.0,14227.9,14232.9
1748271641747.0,14228.4,14233.4
1748271646287,,
1748271648742.0,14228.4,14233.4
1748271649483.0,14228.9,14233.9
1748271652871.0,14228.4,14233.4
1748271653095.0,14227.9,14232.9
1748271654530.0,14228.4,14233.4
1748271654979.0,14227.9,14232.9
1748271657238.0,14228.4,14233.4
1748271657686.0,14227.9,14232.9
1748271659482.0,14228.4,14233.4
1748271660065.0,14227.9,14232.9
1748271661415.0,14228.4,14233.4
1748271666737.0,14227.9,14232.9
1748271667186.0,14227.4,14232.4
1748271668515.0,14227.9,14232.9
1748271668966.0,14226.4,14231.4
1748271669648.0,14225.4,14230.4
1748271669871.0,14225.9,14230.9
1748271670120.0,14225.4,14230.4
1748271671815.0,14224.9,14229.9
1748271672051.0,14224.4,14229.4
1748271673330.0,14224.9,14229.9
1748271674367.0,14225.4,14230.4
1748271683219.0,14225.9,14230.9
1748271693148.0,14226.4,14231.4
1748271693377.0,14226.9,14231.9
1748271699063.0,14226.4,14231.4
1748271699287.0,14225.9,14230.9
1748271700906.0,14225.4,14230.4
1748271701130.0,14225.9,14230.9
1748271715335.0,14224.9,14229.9
1748271715559.0,14223.9,14228.9
1748271715784.0,14224.9,14229.9
1748271720062.0,14225.4,14230.4
1748271720286.0,14225.9,14230.9
1748271724514.0,14225.4,14230.4
1748271725811.0,14225.9,14230.9
1748271727061.0,14225.4,14230.4
1748271728348.0,14224.9,14229.9
1748271729451.0,14225.4,14230.4
1748271732189.0,14225.9,14230.9
1748271734986.0,14225.4,14230.4
1748271738985.0,14225.9,14230.9
1748271743193.0,14219.9,14224.9
1748271743592.0,14221.4,14226.4
1748271743817.0,14221.9,14226.9
1748271744109,,
1748271745044.0,14222.4,14227.4
1748271745287,,
1748271746655.0,14221.9,14226.9
1748271751406.0,14220.9,14225.9
1748271752854.0,14221.4,14226.4
1748271753615.0,14220.9,14225.9
1748271754636,,
1748271759454.0,14221.4,14226.4
1748271760296.0,14221.9,14226.9
1748271760522,,
1748271770090.0,14221.4,14226.4
1748271770314.0,14220.9,14225.9
1748271779093.0,14220.4,14225.4
1748271779335.0,14219.9,14224.9
1748271780279.0,14220.4,14225.4
1748271780727.0,14220.9,14225.9
1748271788065.0,14220.4,14225.4
1748271788285.0,14219.9,14224.9
1748271796067.0,14220.4,14225.4
1748271796289.0,14220.9,14225.9
1748271800064.0,14220.4,14225.4
1748271800284.0,14219.9,14224.9
1748271804795.0,14220.4,14225.4
1748271805016.0,14220.9,14225.9
1748271808900.0,14220.4,14225.4
1748271809141.0,14218.9,14223.9
1748271809689.0,14219.4,14224.4
1748271809917.0,14218.9,14223.9
1748271810166.0,14217.9,14222.9
1748271816083.0,14218.4,14223.4
1748271817165.0,14218.9,14223.9
1748271820798.0,14219.4,14224.4
1748271823064.0,14218.9,14223.9
1748271823287.0,14219.4,14224.4
1748271830055.0,14218.9,14223.9
1748271837693.0,14218.4,14223.4
1748271837916.0,14217.9,14222.9
1748271858108.0,14217.4,14222.4
1748271858332.0,14216.9,14221.9
1748271861244.0,14215.9,14220.9
1748271863600.0,14216.4,14221.4
1748271863827.0,14216.9,14221.9
1748271866646.0,14216.4,14221.4
1748271866869.0,14216.9,14221.9
1748271874391.0,14217.4,14222.4
1748271878709.0,14217.9,14222.9
1748271878932.0,14217.4,14222.4
1748271880050.0,14217.9,14222.9
1748271882485.0,14217.4,14222.4
1748271882709.0,14216.9,14221.9
1748271884065.0,14216.4,14221.4
1748271884289.0,14216.9,14221.9
1748271886106.0,14216.4,14221.4
1748271886330.0,14215.9,14220.9
1748271886778.0,14216.4,14221.4
1748271887695.0,14216.9,14221.9
1748271895008.0,14216.4,14221.4
1748271895230.0,14215.4,14220.4
1748271895561.0,14214.9,14219.9
1748271900483.0,14214.4,14219.4
1748271900707.0,14213.9,14218.9
1748271905248.0,14214.4,14219.4
1748271905471.0,14214.9,14219.9
1748271905994.0,14214.4,14219.4
1748271907367.0,14213.9,14218.9
1748271909082.0,14213.4,14218.4
1748271909306.0,14212.9,14217.9
1748271910041.0,14213.9,14218.9
1748271913066.0,14213.4,14218.4
1748271913289.0,14212.9,14217.9
1748271914467.0,14212.4,14217.4
1748271914697.0,14211.9,14216.9
1748271916096.0,14212.4,14217.4
1748271917491.0,14211.9,14216.9
1748271918392.0,14212.4,14217.4
1748271918615.0,14211.9,14216.9
1748271919135.0,14211.4,14216.4
1748271919359.0,14211.9,14216.9
1748271920755.0,14211.4,14216.4
1748271925774,,
1748271932063.0,14211.4,14216.4
1748271948069.0,14210.9,14215.9
1748271961724.0,14210.4,14215.4
1748271961946.0,14209.9,14214.9
1748271962852.0,14210.4,14215.4
1748271963074.0,14210.9,14215.9
1748271966387.0,14209.9,14214.9
1748271967466.0,14210.4,14215.4
1748271967689.0,14210.9,14215.9
1748271979224.0,14211.4,14216.4
1748271979446.0,14211.9,14216.9
1748271982674.0,14212.4,14217.4
1748271982897.0,14211.9,14216.9
1748271988347.0,14211.4,14216.4
1748271990409.0,14210.9,14215.9
1748271994095.0,14210.4,14215.4
1748271994320.0,14210.9,14215.9
1748272017017.0,14211.4,14216.4
1748272017242.0,14212.4,14217.4
1748272044079.0,14211.9,14216.9
1748272044301.0,14211.4,14216.4
1748272054251.0,14210.9,14215.9
1748272058304.0,14211.4,14216.4
1748272058754.0,14211.9,14216.9
1748272063563.0,14211.4,14216.4
1748272064274.0,14210.9,14215.9
1748272096812.0,14210.4,14215.4
1748272097036.0,14209.9,14214.9
1748272099868.0,14211.4,14216.4
1748272100091.0,14210.9,14215.9
1748272107064.0,14210.4,14215.4
1748272107286.0,14210.9,14215.9
1748272108103.0,14211.4,14216.4
1748272108327.0,14210.9,14215.9
1748272112847.0,14209.9,14214.9
1748272123956.0,14210.4,14215.4
1748272124181.0,14210.9,14215.9
1748272125092.0,14211.4,14216.4
1748272125321.0,14211.9,14216.9
1748272126194.0,14212.4,14217.4
1748272128349.0,14212.9,14217.9
1748272129542.0,14212.4,14217.4
1748272130703.0,14211.9,14216.9
1748272132434.0,14212.4,14217.4
1748272132657.0,14212.9,14217.9
1748272132882.0,14211.9,14216.9
1748272133137.0,14211.4,14216.4
1748272133349.0,14211.9,14216.9
1748272138008.0,14211.4,14216.4
1748272138231.0,14211.9,14216.9
1748272154065.0,14211.4,14216.4
1748272154292.0,14210.9,14215.9
1748272157582.0,14211.4,14216.4
1748272157804.0,14211.9,14216.9
1748272165126.0,14212.4,14217.4
1748272165349.0,14212.9,14217.9
1748272182629.0,14212.4,14217.4
1748272182849.0,14211.9,14216.9
1748272184990.0,14212.4,14217.4
1748272185214.0,14212.9,14217.9
1748272195138.0,14212.4,14217.4
1748272195349.0,14211.9,14216.9
1748272196074.0,14211.4,14216.4
1748272196297.0,14211.9,14216.9
1748272200013.0,14211.8,14216.8
1748272201089,,
1748272203573.0,14212.3,14217.3
1748272204043.0,14212.8,14217.8
1748272207793.0,14213.3,14218.3
1748272208023.0,14214.8,14219.8
1748272209959.0,14214.3,14219.3
1748272210184.0,14213.8,14218.8
1748272213082.0,14214.3,14219.3
1748272214834.0,14213.8,14218.8
1748272219073.0,14214.3,14219.3
1748272222482.0,14214.8,14219.8
1748272223108.0,14215.3,14220.3
1748272224855.0,14214.3,14219.3
1748272226285.0,14213.8,14218.8
1748272227335.0,14214.8,14219.8
1748272228727.0,14213.8,14218.8
1748272230854.0,14214.8,14219.8
1748272232446.0,14214.3,14219.3
1748272232670.0,14214.8,14219.8
1748272233066.0,14214.3,14219.3
1748272233289.0,14213.8,14218.8
1748272233515.0,14214.8,14219.8
1748272234283,,
1748272247674.0,14215.8,14220.8
1748272248333.0,14215.3,14220.3
1748272248557.0,14214.8,14219.8
1748272254301.0,14214.3,14219.3
1748272254523.0,14213.8,14218.8
1748272258681,,
1748272258871.0,14213.3,14218.3
1748272259097.0,14213.8,14218.8
1748272261827.0,14214.3,14219.3
1748272263842.0,14213.8,14218.8
1748272267126.0,14214.3,14219.3
1748272268092.0,14213.8,14218.8
1748272288011.0,14213.3,14218.3
1748272288232.0,14212.8,14217.8
1748272292025.0,14213.3,14218.3
1748272292249.0,14213.8,14218.8
1748272295099.0,14213.3,14218.3
1748272295325.0,14212.8,14217.8
1748272313673.0,14213.3,14218.3
1748272319453.0,14212.8,14217.8
1748272323101.0,14212.3,14217.3
1748272323325.0,14211.8,14216.8
1748272323840.0,14212.3,14217.3
1748272324289.0,14212.8,14217.8
1748272326996.0,14213.3,14218.3
1748272327733.0,14214.3,14219.3
1748272328382.0,14215.3,14220.3
1748272328604.0,14214.8,14219.8
1748272329369,,
1748272333652.0,14215.8,14220.8
1748272339434.0,14215.3,14220.3
1748272341288.0,14214.8,14219.8
1748272353984.0,14215.8,14220.8
1748272369774.0,14215.3,14220.3
1748272369998.0,14215.8,14220.8
1748272375251.0,14215.3,14220.3
1748272375472.0,14214.8,14219.8
1748272376142.0,14215.3,14220.3
1748272376878.0,14215.8,14220.8
1748272377471.0,14215.3,14220.3
1748272379160.0,14215.8,14220.8
1748272379381,,
1748272390746.0,14216.3,14221.3
1748272391195.0,14215.8,14220.8
1748272398982.0,14216.3,14221.3
1748272402973.0,14215.8,14220.8
1748272407597.0,14216.3,14221.3
1748272408492.0,14215.8,14220.8
1748272421032.0,14215.3,14220.3
1748272421267.0,14214.8,14219.8
1748272424957.0,14213.8,14218.8
1748272433285.0,14211.8,14216.8
1748272434220.0,14212.3,14217.3
1748272434669.0,14211.8,14216.8
1748272438921.0,14212.3,14217.3
1748272441779.0,14213.8,14218.8
1748272445909.0,14212.8,14217.8
1748272446132.0,14211.8,14216.8
1748272464694.0,14212.3,14217.3
1748272469058,,
1748272471070,,
1748272471168.0,14212.8,14217.8
1748272471957.0,14212.3,14217.3
1748272472618.0,14211.8,14216.8
1748272473167.0,14211.3,14216.3
1748272473390,,
1748272475332.0,14211.8,14216.8
1748272479016.0,14211.3,14216.3
1748272479241.0,14210.8,14215.8
1748272480016.0,14210.3,14215.3
1748272480239.0,14209.8,14214.8
1748272482912.0,14210.3,14215.3
1748272483134.0,14210.8,14215.8
1748272488049.0,14210.3,14215.3
1748272489422.0,14210.8,14215.8
1748272490184.0,14210.3,14215.3
1748272491063.0,14209.8,14214.8
1748272494148.0,14210.3,14215.3
1748272494370.0,14210.8,14215.8
1748272515486.0,14210.3,14215.3
1748272518735.0,14210.8,14215.8
1748272518971.0,14210.3,14215.3
1748272520288.0,14208.8,14213.8
1748272523853.0,14207.8,14212.8
1748272524077.0,14206.3,14211.3
1748272524793.0,14206.8,14211.8
1748272525585.0,14206.3,14211.3
1748272528889.0,14206.8,14211.8
1748272530445.0,14206.3,14211.3
1748272532098.0,14206.8,14211.8
1748272533065.0,14206.3,14211.3
1748272533514.0,14206.8,14211.8
1748272540853.0,14206.3,14211.3
1748272541076.0,14206.8,14211.8
1748272547674.0,14206.3,14211.3
1748272548620.0,14205.8,14210.8
1748272551650.0,14206.3,14211.3
1748272551876.0,14205.8,14210.8
1748272553189.0,14206.3,14211.3
1748272553834.0,14204.8,14209.8
1748272555039.0,14205.3,14210.3
1748272557040.0,14204.8,14209.8
1748272558039.0,14205.3,14210.3
1748272558729.0,14204.8,14209.8
1748272559064.0,14204.3,14209.3
1748272559290.0,14203.8,14208.8
1748272563156.0,14202.8,14207.8
1748272563520.0,14203.3,14208.3
1748272569739,,
1748272588846.0,14200.8,14205.8
1748272589068.0,14201.8,14206.8
1748272589559.0,14201.3,14206.3
1748272599319,,
1748272599928.0,14201.8,14206.8
1748272601552.0,14201.3,14206.3
1748272604069,,
1748272606230.0,14200.3,14205.3
1748272627508,,
1748272627607.0,14201.8,14206.8
1748272628281.0,14201.3,14206.3
1748272628506.0,14200.8,14205.8
1748272632905.0,14201.3,14206.3
1748272633129.0,14200.8,14205.8
1748272635160.0,14201.3,14206.3
1748272635379.0,14202.3,14207.3
1748272635604.0,14202.8,14207.8
1748272654269.0,14201.8,14206.8
1748272655962.0,14202.8,14207.8
1748272657836.0,14202.3,14207.3
1748272660154,,
1748272667063.0,14201.8,14206.8
1748272667287.0,14200.8,14205.8
1748272667512.0,14201.8,14206.8
1748272667890.0,14202.3,14207.3
1748272668114.0,14201.8,14206.8
1748272672380.0,14202.3,14207.3
1748272674523.0,14200.8,14205.8
1748272680079.0,14200.3,14205.3
1748272680302.0,14198.8,14203.8
1748272693084.0,14198.3,14203.3
1748272693310.0,14197.8,14202.8
1748272693707.0,14198.3,14203.3
1748272693932.0,14198.8,14203.8
1748272694906.0,14199.3,14204.3
1748272699899.0,14198.8,14203.8
1748272708946.0,14199.3,14204.3
1748272709166.0,14200.8,14205.8
1748272732068.0,14200.3,14205.3
1748272734875.0,14200.8,14205.8
1748272735097.0,14200.3,14205.3
1748272735425.0,14200.8,14205.8
1748272735873.0,14200.3,14205.3
1748272740138.0,14199.8,14204.8
1748272745250.0,14199.3,14204.3
1748272745474.0,14199.8,14204.8
1748272777802.0,14199.3,14204.3
1748272778026.0,14199.8,14204.8
1748272785958.0,14199.3,14204.3
1748272786181.0,14198.8,14203.8
1748272789394.0,14199.3,14204.3
1748272789615.0,14199.8,14204.8
1748272795207,,
1748272795306.0,14199.3,14204.3
1748272800012.0,14200.9,14205.9
1748272800916,,
1748272808663.0,14201.9,14206.9
1748272810567.0,14200.9,14205.9
1748272810791.0,14201.4,14206.4
1748272811242.0,14201.4,14206.4
1748272814807.0,14200.9,14205.9
1748272815345.0,14201.4,14206.4
1748272816890.0,14200.9,14205.9
1748272817114.0,14200.4,14205.4
1748272824645.0,14198.9,14203.9
1748272824866.0,14199.4,14204.4
1748272826550.0,14198.9,14203.9
1748272826998.0,14199.4,14204.4
1748272834400.0,14198.9,14203.9
1748272854632,,
1748272854798.0,14200.4,14205.4
1748272858819.0,14200.9,14205.9
1748272859051,,
1748272868349.0,14200.4,14205.4
1748272870342.0,14200.9,14205.9
1748272876839.0,14199.4,14204.4
1748272879705.0,14199.9,14204.9
1748272881609.0,14199.4,14204.4
1748272888757.0,14199.9,14204.9
1748272891581.0,14199.4,14204.4
1748272900007.0,14199.9,14204.9
1748272904790.0,14199.4,14204.4
1748272919277.0,14199.9,14204.9
1748272927496.0,14199.4,14204.4
1748272938511.0,14198.9,14203.9
1748272941272.0,14199.4,14204.4
1748272945476.0,14198.9,14203.9
1748272948562.0,14199.4,14204.4
1748272950068.0,14198.4,14203.4
1748272966583.0,14200.4,14205.4
1748272971772.0,14199.9,14204.9
1748272971996.0,14199.4,14204.4
1748272985535,,
1748272988668.0,14199.9,14204.9
1748272990069,,
1748272996300.0,14199.4,14204.4
1748272996523.0,14199.9,14204.9
1748272999438.0,14200.9,14205.9
1748273000374.0,14200.4,14205.4
1748273006759.0,14199.9,14204.9
1748273006984.0,14199.4,14204.4
1748273010090,,
1748273010191.0,14199.9,14204.9
1748273010599.0,14200.4,14205.4
1748273012819.0,14199.9,14204.9
1748273013042.0,14199.4,14204.4
1748273013732.0,14199.9,14204.9
1748273015280.0,14199.4,14204.4
1748273016288.0,14200.4,14205.4
1748273024491.0,14200.9,14205.9
1748273024698.0,14201.9,14206.9
1748273025121.0,14202.4,14207.4
1748273031318.0,14203.4,14208.4
1748273031758.0,14203.9,14208.9
1748273031984.0,14202.9,14207.9
1748273032783.0,14203.4,14208.4
1748273034869.0,14202.9,14207.9
1748273035317.0,14203.4,14208.4
1748273036796.0,14203.9,14208.9
1748273037018.0,14203.4,14208.4
1748273038271.0,14202.9,14207.9
1748273042089.0,14203.4,14208.4
1748273042706.0,14202.9,14207.9
1748273042929.0,14202.4,14207.4
1748273043154.0,14202.9,14207.9
1748273048776.0,14202.4,14207.4
1748273048999.0,14202.9,14207.9
1748273049224.0,14202.4,14207.4
1748273058088.0,14202.9,14207.9
1748273058311.0,14203.4,14208.4
1748273058537.0,14202.9,14207.9
1748273059959.0,14202.4,14207.4
1748273066449.0,14202.9,14207.9
1748273070848.0,14202.4,14207.4
1748273071073.0,14202.9,14207.9
1748273071655.0,14202.4,14207.4
1748273079578.0,14202.9,14207.9
1748273081063.0,14203.4,14208.4
1748273094669.0,14203.9,14208.9
1748273094893.0,14204.4,14209.4
1748273117198.0,14203.9,14208.9
1748273117420.0,14203.4,14208.4
1748273121021.0,14203.9,14208.9
1748273121245.0,14204.4,14209.4
1748273122592.0,14203.9,14208.9
1748273123435.0,14204.4,14209.4
1748273125153.0,14204.9,14209.9
1748273125380.0,14204.4,14209.4
1748273132050.0,14204.9,14209.9
1748273132275.0,14204.4,14209.4
1748273132883.0,14204.9,14209.9
1748273133107.0,14205.4,14210.4
1748273135402.0,14205.9,14210.9
1748273135633.0,14206.4,14211.4
1748273146462.0,14207.4,14212.4
1748273149145.0,14206.9,14211.9
1748273149369.0,14206.4,14211.4
1748273160637.0,14206.9,14211.9
1748273163606.0,14207.4,14212.4
1748273169902.0,14206.9,14211.9
1748273170122.0,14207.4,14212.4
1748273175067.0,14207.9,14212.9
1748273175297.0,14209.4,14214.4
1748273185994.0,14209.9,14214.9
1748273186216.0,14210.4,14215.4
1748273192478,,
1748273194337.0,14210.9,14215.9
1748273194560.0,14210.4,14215.4
1748273195582.0,14209.9,14214.9
1748273196367.0,14209.4,14214.4
1748273197570.0,14209.9,14214.9
1748273197792.0,14210.4,14215.4
1748273202627.0,14209.9,14214.9
1748273206684.0,14209.4,14214.4
1748273208451.0,14208.9,14213.9
1748273208675.0,14209.4,14214.4
1748273209034.0,14208.9,14213.9
1748273211689.0,14208.4,14213.4
1748273212060.0,14207.9,14212.9
1748273212283.0,14207.4,14212.4
1748273213325.0,14207.9,14212.9
1748273213549.0,14208.4,14213.4
1748273220296.0,14209.4,14214.4
1748273226264.0,14209.9,14214.9
1748273226487.0,14209.4,14214.4
1748273231092.0,14209.9,14214.9
1748273236958,,
1748273237115.0,14209.4,14214.4
1748273241977.0,14209.9,14214.9
1748273245425.0,14209.4,14214.4
1748273246429.0,14209.9,14214.9
1748273249977,,
1748273250076.0,14210.9,14215.9
1748273250242.0,14210.4,14215.4
1748273252641.0,14210.9,14215.9
1748273252866,,
1748273253090.0,14211.4,14216.4
1748273253622.0,14211.9,14216.9
1748273253846.0,14212.4,14217.4
1748273257040.0,14213.4,14218.4
1748273257788.0,14213.9,14218.9
1748273258012.0,14214.4,14219.4
1748273258255.0,14214.9,14219.9
1748273258479.0,14214.4,14219.4
1748273259863.0,14213.9,14218.9
1748273262534.0,14214.4,14219.4
1748273264492.0,14213.9,14218.9
1748273268533.0,14213.4,14218.4
1748273286538.0,14212.9,14217.9
1748273286760.0,14213.4,14218.4
1748273289065.0,14213.9,14218.9
1748273292579.0,14213.4,14218.4
1748273293160.0,14213.9,14218.9
1748273297727.0,14214.4,14219.4
1748273301921.0,14213.9,14218.9
1748273302141.0,14212.4,14217.4
1748273310072.0,14212.9,14217.9
1748273310295,,
1748273311758.0,14212.4,14217.4
1748273312087.0,14212.9,14217.9
1748273312309.0,14212.4,14217.4
1748273313754.0,14212.9,14217.9
1748273316665.0,14213.4,14218.4
1748273318032.0,14213.9,14218.9
1748273320890.0,14214.4,14219.4
1748273321115.0,14213.9,14218.9
1748273325080,,
1748273331490,,
1748273342320.0,14214.4,14219.4
1748273348142.0,14213.9,14218.9
1748273348364.0,14214.4,14219.4
1748273352158.0,14214.9,14219.9
1748273355193.0,14216.4,14221.4
1748273355956.0,14217.4,14222.4
1748273359755.0,14217.9,14222.9
1748273360451.0,14217.4,14222.4
1748273362255.0,14217.9,14222.9
1748273363535.0,14219.4,14224.4
1748273369342,,
1748273370227.0,14218.9,14223.9
1748273370452.0,14218.4,14223.4
1748273373345.0,14218.9,14223.9
1748273373868.0,14219.4,14224.4
1748273374695.0,14218.9,14223.9
1748273374920.0,14218.4,14223.4
1748273375144.0,14219.4,14224.4
1748273375369.0,14218.4,14223.4
1748273375869.0,14217.9,14222.9
1748273376112.0,14218.4,14223.4
1748273377975,,
1748273378201.0,14217.9,14222.9
1748273381458,,
1748273381681.0,14218.4,14223.4
1748273382435.0,14218.9,14223.9
1748273385795.0,14219.4,14224.4
1748273386352.0,14218.9,14223.9
1748273386858.0,14219.4,14224.4
1748273387081,,
1748273387792.0,14220.4,14225.4
1748273389796.0,14221.4,14226.4
1748273391301.0,14220.9,14225.9
1748273391524.0,14221.4,14226.4
1748273393728.0,14222.4,14227.4
1748273394194.0,14221.4,14226.4
1748273395299.0,14221.9,14226.9
1748273395525.0,14222.4,14227.4
1748273395749.0,14223.4,14228.4
1748273396759.0,14222.9,14227.9
1748273396981.0,14223.4,14228.4
1748273397207.0,14222.4,14227.4
1748273397820.0,14221.9,14226.9
1748273398045,,
1748273398270.0,14222.4,14227.4
1748273398493,,
1748273399728.0,14223.4,14228.4
1748273400105.0,14219.0,14226.0
1748273400306,,
1748273400436.0,14220.0,14227.0
1748273401490.0,,14226.0
1748273401860.0,14219.0,
1748273402084.0,,14225.0
1748273402309.0,14218.0,
1748273402534,,
1748273409590.0,,14224.0
1748273409813.0,14217.0,
1748273410038.0,14216.0,14223.0
1748273422047,,
1748273422272.0,14218.0,14225.0
1748273427417.0,,14226.0
1748273427642.0,14219.0,
1748273433965.0,,14225.0
1748273434181.0,14218.0,
1748273435551.0,14219.0,
1748273435773.0,,14226.0
1748273440300.0,,14225.0
1748273444094.0,14220.0,14226.0
1748273444317.0,,14227.0
1748273447510,,
1748273449797,,
1748273451771.0,14219.0,14226.0
1748273452438.0,14220.0,
1748273452659.0,,14227.0
1748273458820.0,14221.0,
1748273460101.0,,14229.0
1748273460323.0,,14228.0
1748273461267.0,14222.0,
1748273461492.0,,14229.0
1748273467804.0,14223.0,14230.0
1748273469236.0,,14229.0
1748273469464,,
1748273469685.0,,14230.0
1748273471478.0,,14229.0
1748273473250.0,,14230.0
1748273473475.0,,14229.0
1748273474419,,
1748273474518.0,14222.0,
1748273484599.0,,14228.0
1748273489877.0,14221.0,
1748273495051.0,,14227.0
1748273496601.0,14220.0,
1748273498202.0,,14226.0
1748273498418.0,14219.0,
1748273506653,,
1748273506914.0,14220.0,
1748273507136.0,,14227.0
1748273508064.0,,14226.0
1748273508286.0,14219.0,
1748273509527.0,14220.0,14227.0
1748273515751.0,14216.0,14223.0
1748273521703.0,14215.0,
1748273523317.0,14213.0,14220.0
1748273528889.0,,14221.0
1748273529111.0,14214.0,
1748273531125.0,,14220.0
1748273536196.0,,14221.0
1748273537467.0,14215.0,
1748273539727.0,14214.0,
1748273540265.0,14215.0,
1748273544789.0,14214.0,
1748273545807.0,,14220.0
1748273550920.0,,14221.0
1748273554099.0,,14222.0
1748273554322.0,14215.0,
1748273554602.0,14214.0,
1748273554810.0,,14221.0
1748273558625.0,14215.0,
1748273559292.0,,14222.0
1748273561481.0,,14221.0
1748273561706.0,14214.0,
1748273566057.0,14215.0,
1748273567435.0,14214.0,
1748273568184.0,14215.0,
1748273571607.0,,14222.0
1748273579227.0,14216.0,
1748273580312.0,14215.0,
1748273581174.0,,14221.0
1748273581621.0,,14222.0
1748273583275.0,,14221.0
1748273583515.0,,14222.0
1748273584298.0,14216.0,
1748273585798.0,14215.0,
1748273587075.0,,14221.0
1748273589322.0,14214.0,
1748273592368.0,14215.0,
1748273593297.0,14214.0,
1748273594269.0,14215.0,
1748273595286.0,,14222.0
1748273599723.0,14216.0,14223.0
1748273610169.0,14217.0,
1748273610389.0,,14224.0
1748273614297,,
1748273614396.0,14214.0,14221.0
1748273621167.0,,14220.0
1748273621393.0,14213.0,14219.0
1748273622644.0,14212.0,
1748273627769.0,14213.0,
1748273627991.0,,14220.0
1748273628367.0,14212.0,
1748273628592.0,,14219.0
1748273629515.0,14213.0,14220.0
1748273641134.0,14214.0,
1748273641357.0,,14221.0
1748273642097.0,,14220.0
1748273645024.0,14215.0,14221.0
1748273647270.0,,14222.0
1748273648921.0,14216.0,
1748273651081.0,14215.0,
1748273658991.0,14216.0,
1748273662064.0,,14223.0
1748273664814.0,,14222.0
1748273668063.0,14215.0,
1748273670084.0,14216.0,
1748273672118.0,,14223.0
1748273675598.0,,14222.0
1748273675821.0,,14223.0
1748273680107.0,,14222.0
1748273681132.0,14217.0,14224.0
1748273681355.0,,14223.0
1748273681975.0,14216.0,
1748273683227.0,14217.0,
1748273686380.0,14216.0,
1748273688217.0,,14222.0
1748273689467.0,14215.0,
1748273690102.0,,14221.0
1748273690325.0,,14222.0
1748273690553.0,,14221.0
1748273694026.0,,14222.0
1748273694741.0,14216.0,14223.0
1748273695341.0,14215.0,
1748273695563.0,,14222.0
1748273695788,,
1748273699794.0,14216.0,14223.0
1748273701718.0,14217.0,
1748273701941.0,,14224.0
1748273703498.0,,14223.0
1748273703721.0,14218.0,14224.0
1748273707113.0,14217.0,
1748273707744.0,14216.0,14223.0
1748273709102.0,,14222.0
1748273709324.0,,14223.0
1748273709869.0,,14222.0
1748273710331.0,,14223.0
1748273710779.0,,14222.0
1748273712812.0,,14223.0
1748273713036.0,,14222.0
1748273714086.0,14217.0,14223.0
1748273717960.0,14216.0,
1748273718183.0,14217.0,
1748273718439.0,14216.0,
1748273718730.0,14217.0,
1748273719180.0,,14224.0
1748273721922.0,,14223.0
1748273722145.0,,14224.0
1748273725786.0,14218.0,
1748273731074.0,14217.0,
1748273738733.0,,14223.0
1748273739179.0,,14224.0
1748273742111.0,,14223.0
1748273745199.0,14216.0,
1748273746853.0,14217.0,
1748273747079.0,,14224.0
1748273752580.0,14218.0,
1748273753943.0,14219.0,14225.0
1748273756222.0,14218.0,
1748273791257.0,14217.0,14224.0
1748273793493.0,14218.0,
1748273793717.0,,14225.0
1748273800850.0,14219.0,14226.0
1748273807250.0,14220.0,
1748273810211.0,14221.0,14228.0
1748273813829.0,14220.0,
1748273814051.0,,14227.0
1748273814465.0,14221.0,
1748273814690.0,,14228.0
1748273820220.0,,14227.0
1748273826486.0,14220.0,
1748273831416.0,,14226.0
1748273831866.0,,14227.0
1748273833544.0,,14226.0
1748273845229.0,14219.0,14225.0
1748273845453.0,,14226.0
1748273849305.0,14220.0,
1748273850519.0,,14227.0
1748273857147.0,14219.0,
1748273857367.0,,14226.0
1748273857794.0,,14225.0
1748273870005.0,14218.0,
1748273880878.0,14219.0,
1748273881102.0,,14226.0
1748273881767.0,,14225.0
1748273889767.0,14220.0,14226.0
1748273891611.0,,14227.0
1748273893476.0,14221.0,
1748273893708.0,,14228.0
1748273894327.0,,14227.0
1748273894550.0,14220.0,
1748273894847.0,14221.0,
1748273902694.0,14220.0,
1748273906753.0,,14226.0
1748273918840.0,14219.0,
1748273943305.0,14218.0,14225.0
1748273960075.0,14219.0,
1748273960299.0,,14226.0
1748273967629.0,,14225.0
1748273973354.0,14218.0,
1748273976020.0,,14224.0
1748273976243.0,,14225.0
1748273982413.0,14217.0,
1748273982637.0,14218.0,
1748273987224.0,,14224.0
1748273992453.0,14217.0,
1748274003126.0,14218.0,
1748274003348.0,14217.0,
1748274010253.0,,14223.0
1748274012991.0,,14224.0
1748274021797.0,,14223.0
1748274031860.0,,14224.0
1748274032365.0,14218.0,
1748274032588.0,14217.0,
1748274035549.0,14218.0,
1748274041354.0,,14225.0
1748274041576.0,,14224.0
1748274041802.0,14217.0,
1748274047196.0,14218.0,
1748274049012.0,,14225.0
1748274067292.0,14219.0,
1748274067516.0,14220.0,14227.0
1748274071986.0,14219.0,
1748274072213.0,,14226.0
1748274077003.0,14220.0,
1748274083983.0,,14227.0
1748274090236.0,,14226.0
1748274090465.0,14219.0,
1748274115303.0,14218.0,14225.0
1748274122318,,
1748274174122,,
1748274178699.0,14219.0,
1748274186064,,
1748274188451.0,14218.0,
1748274189168.0,14219.0,
1748274198115.0,14220.0,14226.0
1748274198377.0,,14227.0
1748274198828.0,14221.0,
1748274203395.0,,14228.0
1748274208560.0,14222.0,
1748274208784.0,,14229.0
1748274215487.0,14223.0,
1748274216583.0,14222.0,
1748274218919.0,,14228.0
1748274221531.0,14221.0,
1748274226049.0,,14229.0
1748274226273.0,14222.0,
1748274227951.0,,14228.0
1748274229649.0,,14229.0
1748274233800.0,14223.0,
1748274234296.0,,14230.0
1748274237603.0,14224.0,
1748274240475.0,14222.0,14229.0
1748274251030.0,14223.0,
1748274251253.0,14222.0,
1748274254425.0,,14228.0
1748274254651.0,,14229.0
1748274264706.0,14221.0,
1748274264930.0,,14228.0
1748274266578.0,14220.0,
1748274266800.0,,14227.0
1748274292340.0,,14226.0
1748274299831.0,14221.0,14227.0
1748274300483.0,14220.0,
1748274302126.0,14221.0,
1748274310277.0,14220.0,
1748274310501.0,14221.0,
1748274311740.0,,14228.0
1748274391072.0,14220.0,
1748274391292.0,,14227.0
1748274406816.0,,14226.0
1748274407038.0,14219.0,14225.0
1748274408170.0,14218.0,
1748274415490.0,,14224.0
1748274415712.0,14217.0,
1748274426140,,
1748274452650.0,14216.0,
1748274452874.0,,14223.0
1748274539203.0,14217.0,
1748274574782.0,,14224.0
1748274584260.0,,14223.0
1748274584482.0,14216.0,
1748274600350.0,14215.0,
1748274600573.0,,14222.0
1748274601149,,
1748274601593.0,14216.0,
1748274601818.0,,14223.0
1748274616588.0,,14222.0
1748274616808.0,14215.0,
1748274623063.0,,14221.0
1748274628849.0,,14222.0
1748274660386.0,,14223.0
1748274660612.0,14216.0,
1748274674266.0,14215.0,
1748274674491.0,,14222.0
1748274693607.0,,14221.0
1748274698673,,
1748274711833.0,,14222.0
1748274712065.0,,14221.0
1748274714841.0,14214.0,
1748274728455.0,14215.0,14222.0
1748274740238.0,,14221.0
1748274744258.0,14214.0,
1748274774083.0,14215.0,
1748274774303.0,,14222.0
1748274774681.0,,14221.0
1748274776250.0,14214.0,
1748274794907.0,14215.0,
1748274795129.0,,14222.0
1748274838610.0,,14221.0
1748274838818.0,14214.0,
1748274841422.0,14215.0,
1748274841871.0,,14222.0
1748274846620.0,,14221.0
1748274854459.0,14214.0,
1748274859552.0,14215.0,
1748274859775.0,,14222.0
1748274865741.0,,14221.0
1748274870485.0,14214.0,
1748274871113.0,14216.0,14223.0
1748274874668,,
1748274897608.0,14217.0,
1748274900116.0,,14224.0
1748274900337.0,14218.0,
1748274900561.0,,14225.0
1748274907222,,
1748274959376.0,,14224.0
1748274965596.0,,14225.0
1748274969024.0,,14224.0
1748275012797.0,14217.0,
1748275014329.0,,14223.0
1748275015493.0,,14224.0
1748275026280.0,,14223.0
1748275026499.0,14216.0,
1748275036485.0,,14222.0
1748275036710.0,,14223.0
1748275076101.0,14217.0,
1748275076325.0,,14224.0
1748275107073.0,,14223.0
1748275107295.0,14216.0,
1748275108220.0,14217.0,
1748275112431.0,,14224.0
1748275122789.0,,14223.0
1748275148827.0,,14224.0
1748275149050.0,14218.0,14225.0
1748275160664.0,,14226.0
1748275160888.0,14219.0,
1748275201643.0,14220.0,
1748275203271.0,14219.0,
1748275245685.0,,14225.0
1748275245908.0,14218.0,
1748275259211.0,14219.0,
1748275259435.0,,14226.0
1748275354664.0,14220.0,
1748275354888.0,,14227.0
1748275385943.0,14221.0,
1748275386166.0,,14228.0
1748275423720.0,14222.0,
1748275423943.0,,14229.0
1748275455845.0,14223.0,
1748275457338.0,,14230.0
1748275515118.0,14224.0,
1748275515341.0,,14231.0
1748275568463.0,,14230.0
1748275568680.0,14223.0,
1748275632923.0,14224.0,
1748275633144.0,,14231.0
1748275650425.0,,14230.0
1748275690270.0,14223.0,
1748275706788.0,14224.0,
1748275707010.0,,14231.0
1748275819330.0,14225.0,
1748275819553.0,,14232.0
1748275841471.0,14224.0,
1748275841699.0,,14231.0
1748275849445.0,14227.0,14233.0
1748275850218.0,14226.0,
1748275874148.0,14225.0,14232.0
1748275906738.0,,14231.0
1748275906960.0,,14232.0
1748275938767.0,14223.0,14231.0
1748275954650.0,,14230.0
1748275956378.0,14222.0,
1748275956596.0,,14229.0
1748276039175.0,,14230.0
1748276039399.0,14223.0,
1748276063069.0,,14229.0
1748276063296.0,14222.0,
1748276098303.0,14221.0,
1748276098522.0,,14228.0
1748276136941.0,14220.0,
1748276137165.0,,14227.0
1748276151913.0,14221.0,14228.0
1748276153699.0,,14227.0
1748276155062.0,14220.0,
1748276182766.0,14219.0,
1748276183008.0,,14226.0
1748276428543.0,14217.0,
1748276428754.0,14218.0,14225.0
1748276472073.0,,14224.0
1748276497110.0,14216.0,
1748276497331.0,,14223.0
1748276555992.0,14215.0,
1748276556220.0,,14222.0
1748276714221.0,14216.0,
1748276714444.0,,14223.0
1748276873260.0,,14222.0
1748276873482.0,14214.0,14221.0
1748276884165.0,14213.0,14220.0
1748276936816.0,14214.0,
1748276948033.0,14213.0,
1748276995060.0,14214.0,
1748276995296.0,,14221.0
1748276996847.0,14215.0,
1748276997900.0,14214.0,
1748277112198.0,14212.0,14220.0
1748277319566.0,14214.0,14222.0
1748277462707.0,14213.0,
1748277462931.0,14212.0,14221.0
1748277602634.0,,14220.0
1748277811265.0,,14220.0
1748277816557.0,14213.0,
1748277817365.0,,14221.0
1748277915786.0,14214.0,14223.0
1748277999523.0,,14222.0
1748278211837.0,14213.0,14221.0
1748278421285,,
1748278539383,,
1748278544756.0,,14222.0
1748278558775.0,14214.0,
1748278559254.0,,14225.0
1748278559478.0,,14224.0
1748278754299.0,14211.5,14223.5
1748278754522.0,14211.0,14223.0
1748278755861.0,14208.5,14220.5
1748278761081.0,14208.0,14220.0
1748278761303.0,,14219.0
1748278763065.0,14209.0,
1748278767256,,
1748278800318.0,,14221.0
1748278801493.0,14208.5,14220.5
1748278839948.0,14209.0,14221.0
1748278885043.0,14210.0,
1748278885675.0,14209.0,
1748278930109.0,14208.5,14220.5
1748278931543.0,14207.5,14219.5
1748279103914.0,14206.5,14218.5
1748279221131.0,14206.0,14218.0
1748279229826.0,14209.0,14221.0
1748279230049.0,14208.0,14220.0
1748279249240.0,14207.5,14219.5
1748279252063.0,14207.0,14219.0
1748279260735.0,14206.0,14218.0
1748279301305.0,14205.5,14217.5
1748279314816.0,14206.0,14218.0
1748279331192.0,14206.5,14218.5
1748279336018.0,14207.0,14219.0
1748279336448.0,14206.0,14218.0
1748279338446.0,14206.5,14218.5
1748279585516.0,14207.0,14219.0
1748279596097.0,14206.5,14218.5
1748279597384.0,14207.0,14219.0
1748279745629.0,14207.5,14219.5
1748279772116.0,14208.0,14220.0
1748279777354.0,14207.5,14219.5
1748279779153.0,14208.0,14220.0
1748279782358.0,14208.5,14220.5
1748279783244.0,14208.0,14220.0
1748279785642.0,14208.5,14220.5
1748279824448.0,14208.0,14220.0
1748279825902.0,14208.5,14220.5
1748279839581.0,14209.0,14221.0
None,,
1748280535865.0,14209.5,14221.5
None,,
1748280539723.0,14210.0,14222.0
1748280646945.0,14210.5,14222.5
1748280953687.0,14211.0,14223.0
None,,
None,,
1748281362366.0,14210.5,14222.5
1748281375196.0,14210.0,14222.0
1748281605058.0,14210.5,14222.5
1748281729239.0,14211.0,14223.0
1748281787986.0,14211.5,14223.5
1748282100293.0,14212.0,14224.0
1748282198632.0,14211.5,14223.5
1748282315808.0,14211.0,14223.0
1748282373392.0,14210.5,14222.5
1748282377469.0,14210.0,14222.0
1748282397595.0,14209.5,14221.5
1748282399009.0,14213.0,14218.0
1748282399109.0,14209.9,14221.9
1748282617640.0,14207.7,14219.7
1748282666038.0,14206.6,14218.6
1748282666135.0,14206.5,14218.5
1748282698346.0,14207.6,14219.6
1748282698566.0,14206.6,14218.6
1748282698666.0,14206.5,14218.5
1748282811223.0,14207.6,14219.6
1748282811322.0,14207.7,14219.7
1748283041340.0,14206.6,14218.6
1748283051921.0,14207.6,14219.6
1748283052019.0,14207.7,14219.7
1748283163035.0,14208.8,14220.8
1748283171139.0,14207.7,14219.7
1748283171981.0,14208.8,14220.8
1748283197609.0,14207.7,14219.7
1748283197833.0,14208.8,14220.8
1748283427877.0,14207.7,14219.7
1748283982395.0,14208.8,14220.8
1748284004003.0,14207.7,14219.7
1748286261070.0,14209.8,14221.8
1748286261169.0,14209.9,14221.9
1748286864801.0,14211.0,14223.0
1748286880641.0,14209.9,14221.9
1748286890330.0,14211.0,14223.0
1748286890553.0,14209.9,14221.9
1748286891053.0,14211.0,14223.0
1748286895958.0,14209.9,14221.9
1748286896408.0,14211.0,14223.0
1748286905139.0,14209.9,14221.9
1748286975179.0,14212.1,14224.1
1748287032069.0,14214.3,14226.3
1748287032289.0,14212.2,14224.2
1748287032389.0,14212.1,14224.1
1748287085465.0,14210.0,14222.0
1748287085563.0,14209.9,14221.9
1748287120098.0,14210.0,14222.0
1748287145052.0,14211.1,14223.1
1748287158848.0,14212.2,14224.2
1748287159070.0,14211.2,14223.2
1748287159169.0,14211.1,14223.1
1748287176568.0,14212.2,14224.2
1748287176666.0,14212.3,14224.3
1748287178740.0,14211.2,14223.2
1748287178839.0,14211.1,14223.1
1748287191849.0,14212.2,14224.2
1748287192065.0,14211.2,14223.2
1748287192165.0,14211.1,14223.1
1748287294546.0,14210.1,14222.1
1748287294766.0,14211.1,14223.1
1748287389968.0,14210.1,14222.1
1748287390188.0,14211.1,14223.1
1748287390412.0,14210.1,14222.1
1748287390513.0,14210.0,14222.0
1748287470929.0,14208.9,14220.9
1748287594252.0,14207.8,14219.8
1748287594475.0,14208.9,14220.9
1748287595103.0,14207.8,14219.8
1748287596013.0,14208.9,14220.9
1748287627642.0,14207.8,14219.8
1748287726806.0,14208.9,14220.9
1748287727026.0,14207.8,14219.8
1748287734648.0,14208.9,14220.9
1748287734872.0,14207.8,14219.8
1748287748339.0,14208.9,14220.9
1748287759996.0,14207.8,14219.8
1748287784180.0,14208.9,14220.9
1748287784399.0,14207.8,14219.8
1748287785835.0,14208.9,14220.9
1748287806924.0,14207.8,14219.8
1748287926970.0,14210.0,14222.0
1748287929346.0,14208.9,14220.9
1748288162421.0,14210.0,14222.0
1748288164733.0,14207.9,14219.9
1748288164832.0,14207.8,14219.8
1748288607423.0,14208.9,14220.9
1748288630059.0,14209.5,14221.5
1748288692141.0,14210.6,14222.6
1748288692359.0,14209.5,14221.5
1748288693484.0,14210.6,14222.6
1748288694650.0,14209.5,14221.5
1748288757963.0,14208.4,14220.4
1748289018255.0,14206.1,14218.1
1748289018975.0,14208.3,14220.3
1748289019073.0,14208.4,14220.4
1748289279168.0,14209.4,14221.4
1748289279391.0,14210.6,14222.6
1748289305363.0,14209.5,14221.5
1748289313426.0,14208.4,14220.4
1748289475028.0,14210.6,14222.6
1748289475619.0,14211.7,14223.7
1748289476181.0,14211.7,14223.7
1748289476631.0,14210.6,14222.6
1748289477783.0,14211.7,14223.7
1748289485275.0,14210.6,14222.6
1748289513905.0,14211.7,14223.7
1748289514955.0,14212.8,14224.8
1748289515534.0,14211.7,14223.7
1748289533321.0,14212.8,14224.8
1748289536342.0,14211.7,14223.7
1748289540778.0,14210.6,14222.6
1748289541328.0,14211.7,14223.7
1748289545314.0,14210.6,14222.6
1748289546999.0,14211.7,14223.7
1748289553323.0,14212.8,14224.8
1748289554067.0,14211.7,14223.7
1748289563102.0,14212.8,14224.8
1748289581457.0,14210.6,14222.6
1748289583751.0,14211.7,14223.7
1748289593323.0,14211.7,14223.7
1748289595396.0,14210.6,14222.6
1748289600303.0,14211.7,14223.7
1748289866534.0,14211.8,14223.8
1748293210229.0,14211.7,14223.7
1748293210328.0,14211.1,14223.1
1748293431783.0,14212.0,14224.0
1748293801332.0,14212.7,14224.7
