1748268000215.0,0.93428,0.93458
1748268000346.0,0.9343,0.9346
1748268000853.0,0.93431,0.93461
1748268000969.0,0.93434,0.93464
1748268001220.0,0.93435,0.93465
1748268001351.0,0.93436,0.93466
1748268001827.0,0.93435,0.93465
1748268002076.0,0.9343,0.9346
1748268002920.0,0.93431,0.93461
1748268004236.0,0.9343,0.9346
1748268004358.0,0.93429,0.93459
1748268005107.0,0.93428,0.93458
1748268006649.0,0.93427,0.93457
1748268010263.0,0.93428,0.93458
1748268011477.0,0.93429,0.93459
1748268012756.0,0.93428,0.93458
1748268020364.0,0.93427,0.93457
1748268028689.0,0.93426,0.93456
1748268028811.0,0.93427,0.93457
1748268033080.0,0.93428,0.93458
1748268034061.0,0.93427,0.93457
1748268058898.0,0.93428,0.93458
1748268059023.0,0.93424,0.93454
1748268059398.0,0.93423,0.93453
1748268063652.0,0.9342,0.9345
1748268071288.0,0.93425,0.93455
1748268079882.0,0.93427,0.93457
1748268082443.0,0.93425,0.93455
1748268091106.0,0.93424,0.93454
1748268091475.0,0.93425,0.93455
1748268091605.0,0.93424,0.93454
1748268091726.0,0.93423,0.93453
1748268091854.0,0.93422,0.93452
1748268106305.0,0.93423,0.93453
1748268106422.0,0.93426,0.93456
1748268106557.0,0.93422,0.93452
1748268109019.0,0.93423,0.93453
1748268110002.0,0.93422,0.93452
1748268111294.0,0.93423,0.93453
1748268112502.0,0.93422,0.93452
1748268113237.0,0.93418,0.93448
1748268113489.0,0.93417,0.93447
1748268113738.0,0.93419,0.93449
1748268113863.0,0.93417,0.93447
1748268140522.0,0.93416,0.93446
1748268145412.0,0.93415,0.93445
1748268145532.0,0.93414,0.93444
1748268147404.0,0.93413,0.93443
1748268153046.0,0.93408,0.93438
1748268153296.0,0.9341,0.9344
1748268157553.0,0.93409,0.93439
1748268157676.0,0.93407,0.93437
1748268160716.0,0.93409,0.93439
1748268160966.0,0.93408,0.93438
1748268161215.0,0.9341,0.9344
1748268162229.0,0.93411,0.93441
1748268177286.0,0.93412,0.93442
1748268177405.0,0.93414,0.93444
1748268177655.0,0.93412,0.93442
1748268194106.0,0.93419,0.93449
1748268194619.0,0.9342,0.9345
1748268196768.0,0.93421,0.93451
1748268198359.0,0.93419,0.93449
1748268203752.0,0.93418,0.93448
1748268204128.0,0.93419,0.93449
1748268209065.0,0.93417,0.93447
1748268209315.0,0.9342,0.9345
1748268209565.0,0.93418,0.93448
1748268214081.0,0.93417,0.93447
1748268217924.0,0.93413,0.93443
1748268220259.0,0.93414,0.93444
1748268221372.0,0.93413,0.93443
1748268221492.0,0.93412,0.93442
1748268226725.0,0.93411,0.93441
1748268227649.0,0.93412,0.93442
1748268227773.0,0.93413,0.93443
1748268240427.0,0.93412,0.93442
1748268243413.0,0.93411,0.93441
1748268245255.0,0.93412,0.93442
1748268251585.0,0.93413,0.93443
1748268251835.0,0.93414,0.93444
1748268259366.0,0.93413,0.93443
1748268267926.0,0.93412,0.93442
1748268272529.0,0.93413,0.93443
1748268273335.0,0.93412,0.93442
1748268285836.0,0.93413,0.93443
1748268293530.0,0.93412,0.93442
1748268300531.0,0.93411,0.93441
1748268300653.0,0.93406,0.93436
1748268301683.0,0.93407,0.93437
1748268313483.0,0.93406,0.93436
1748268317770.0,0.93407,0.93437
1748268322079.0,0.93406,0.93436
1748268322538.0,0.93404,0.93434
1748268325557.0,0.93405,0.93435
1748268331797.0,0.93404,0.93434
1748268346214.0,0.93402,0.93432
1748268348035.0,0.93403,0.93433
1748268350724.0,0.93404,0.93434
1748268355166.0,0.93403,0.93433
1748268363151.0,0.93401,0.93431
1748268363712.0,0.93403,0.93433
1748268385394.0,0.93402,0.93432
1748268386626.0,0.93401,0.93431
1748268386874.0,0.93395,0.93425
1748268387160.0,0.93397,0.93427
1748268389683.0,0.93386,0.93416
1748268389952.0,0.93385,0.93415
1748268390078.0,0.93387,0.93417
1748268397021.0,0.93384,0.93414
1748268398565.0,0.93385,0.93415
1748268398689.0,0.93387,0.93417
1748268402202.0,0.93383,0.93413
1748268402332.0,0.93384,0.93414
1748268408626.0,0.93385,0.93415
1748268408749.0,0.93387,0.93417
1748268413560.0,0.93385,0.93415
1748268414561.0,0.93383,0.93413
1748268420282.0,0.93386,0.93416
1748268420656.0,0.93396,0.93426
1748268420905.0,0.93399,0.93429
1748268421033.0,0.93396,0.93426
1748268422031.0,0.93395,0.93425
1748268423422.0,0.93394,0.93424
1748268424079.0,0.93392,0.93422
1748268427260.0,0.93393,0.93423
1748268427384.0,0.93392,0.93422
1748268435369.0,0.93391,0.93421
1748268440411.0,0.93389,0.93419
1748268440536.0,0.93388,0.93418
1748268447386.0,0.9339,0.9342
1748268451437.0,0.93391,0.93421
1748268456965.0,0.93392,0.93422
1748268457088.0,0.93395,0.93425
1748268457943.0,0.93393,0.93423
1748268460462.0,0.93392,0.93422
1748268462546.0,0.93393,0.93423
1748268462671.0,0.93394,0.93424
1748268462798.0,0.93393,0.93423
1748268465087.0,0.93397,0.93427
1748268465212.0,0.93398,0.93428
1748268465371.0,0.93397,0.93427
1748268466041.0,0.93396,0.93426
1748268473272.0,0.93394,0.93424
1748268475920.0,0.93393,0.93423
1748268476175.0,0.93392,0.93422
1748268476700.0,0.9339,0.9342
1748268476821.0,0.93386,0.93416
1748268477267.0,0.93384,0.93414
1748268477517.0,0.93385,0.93415
1748268478532.0,0.93384,0.93414
1748268478658.0,0.9338,0.9341
1748268480183.0,0.93382,0.93412
1748268480308.0,0.93384,0.93414
1748268480558.0,0.93385,0.93415
1748268484703.0,0.93384,0.93414
1748268484827.0,0.93381,0.93411
1748268494320.0,0.93383,0.93413
1748268494445.0,0.93384,0.93414
1748268510094.0,0.9338,0.9341
1748268510343.0,0.93389,0.93419
1748268510467.0,0.93387,0.93417
1748268510717.0,0.93386,0.93416
1748268511684.0,0.93387,0.93417
1748268526386.0,0.93386,0.93416
1748268526861.0,0.93385,0.93415
1748268526986.0,0.93386,0.93416
1748268527362.0,0.93387,0.93417
1748268529149.0,0.93389,0.93419
1748268534087.0,0.9339,0.9342
1748268534336.0,0.93389,0.93419
1748268534585.0,0.93383,0.93413
1748268534835.0,0.9338,0.9341
1748268534959.0,0.93381,0.93411
1748268535084.0,0.93382,0.93412
1748268536110.0,0.93381,0.93411
1748268536229.0,0.93379,0.93409
1748268552092.0,0.93381,0.93411
1748268553392.0,0.93378,0.93408
1748268553895.0,0.93379,0.93409
1748268554954.0,0.93377,0.93407
1748268555315.0,0.93382,0.93412
1748268556645.0,0.93381,0.93411
1748268557217.0,0.93379,0.93409
1748268557466.0,0.93381,0.93411
1748268563694.0,0.93379,0.93409
1748268564833.0,0.93377,0.93407
1748268565392.0,0.93373,0.93403
1748268567404.0,0.93374,0.93404
1748268568863.0,0.93375,0.93405
1748268568989.0,0.93376,0.93406
1748268569782.0,0.93375,0.93405
1748268570031.0,0.93368,0.93398
1748268570282.0,0.93369,0.93399
1748268571375.0,0.93371,0.93401
1748268572140.0,0.93369,0.93399
1748268575439.0,0.93368,0.93398
1748268583109.0,0.93367,0.93397
1748268584220.0,0.93366,0.93396
1748268586122.0,0.93368,0.93398
1748268589586.0,0.93371,0.93401
1748268589717.0,0.93367,0.93397
1748268604209.0,0.93366,0.93396
1748268605278.0,0.93365,0.93395
1748268606445.0,0.93364,0.93394
1748268606569.0,0.93363,0.93393
1748268606924.0,0.93362,0.93392
1748268612359.0,0.93363,0.93393
1748268617098.0,0.93361,0.93391
1748268617222.0,0.93363,0.93393
1748268618714.0,0.93364,0.93394
1748268623991.0,0.93365,0.93395
1748268631386.0,0.93364,0.93394
1748268635538.0,0.93366,0.93396
1748268636727.0,0.93364,0.93394
1748268648695.0,0.93365,0.93395
1748268651324.0,0.93367,0.93397
1748268659011.0,0.93368,0.93398
1748268663856.0,0.93374,0.93404
1748268664526.0,0.93373,0.93403
1748268664893.0,0.93372,0.93402
1748268669849.0,0.9337,0.934
1748268669975.0,0.93369,0.93399
1748268673715.0,0.9337,0.934
1748268673855.0,0.93375,0.93405
1748268674094.0,0.93373,0.93403
1748268676261.0,0.93372,0.93402
1748268676810.0,0.93371,0.93401
1748268686483.0,0.93374,0.93404
1748268686607.0,0.93375,0.93405
1748268691330.0,0.93373,0.93403
1748268692474.0,0.9337,0.934
1748268694316.0,0.93368,0.93398
1748268694567.0,0.93367,0.93397
1748268697179.0,0.93365,0.93395
1748268697972.0,0.93363,0.93393
1748268698091.0,0.93362,0.93392
1748268698221.0,0.93363,0.93393
1748268707922.0,0.93365,0.93395
1748268708046.0,0.93367,0.93397
1748268708170.0,0.93366,0.93396
1748268708423.0,0.93364,0.93394
1748268731708.0,0.93363,0.93393
1748268733225.0,0.93362,0.93392
1748268742307.0,0.93363,0.93393
1748268742421.0,0.93364,0.93394
1748268746567.0,0.93366,0.93396
1748268747077.0,0.93365,0.93395
1748268750064.0,0.93366,0.93396
1748268751817.0,0.93365,0.93395
1748268754614.0,0.93363,0.93393
1748268755519.0,0.93362,0.93392
1748268756942.0,0.93363,0.93393
1748268759985.0,0.93362,0.93392
1748268767518.0,0.93361,0.93391
1748268772804.0,0.93362,0.93392
1748268776577.0,0.93364,0.93394
1748268792883.0,0.9336,0.9339
1748268793018.0,0.93361,0.93391
1748268793133.0,0.9336,0.9339
1748268810316.0,0.93361,0.93391
1748268810810.0,0.9336,0.9339
1748268812554.0,0.93363,0.93393
1748268812804.0,0.9336,0.9339
1748268813642.0,0.93362,0.93392
1748268813759.0,0.93361,0.93391
1748268815155.0,0.93364,0.93394
1748268825129.0,0.93374,0.93404
1748268825855.0,0.93372,0.93402
1748268826977.0,0.93373,0.93403
1748268827302.0,0.93372,0.93402
1748268827557.0,0.93373,0.93403
1748268827803.0,0.93373,0.93403
1748268828411.0,0.93374,0.93404
1748268828531.0,0.93377,0.93407
1748268828778.0,0.93376,0.93406
1748268829281.0,0.9338,0.9341
1748268829532.0,0.93383,0.93413
1748268830421.0,0.93384,0.93414
1748268834229.0,0.93385,0.93415
1748268834357.0,0.9339,0.9342
1748268834608.0,0.93389,0.93419
1748268836959.0,0.93388,0.93418
1748268846939.0,0.93394,0.93424
1748268847298.0,0.93395,0.93425
1748268847421.0,0.93396,0.93426
1748268848359.0,0.93395,0.93425
1748268850401.0,0.93396,0.93426
1748268850517.0,0.93395,0.93425
1748268852608.0,0.93396,0.93426
1748268876816.0,0.93398,0.93428
1748268877063.0,0.93399,0.93429
1748268877509.0,0.934,0.9343
1748268880284.0,0.93402,0.93432
1748268881241.0,0.934,0.9343
1748268881663.0,0.93402,0.93432
1748268881786.0,0.93404,0.93434
1748268887541.0,0.93406,0.93436
1748268887657.0,0.93412,0.93442
1748268891582.0,0.93414,0.93444
1748268891983.0,0.93415,0.93445
1748268896418.0,0.93417,0.93447
1748268897465.0,0.93415,0.93445
1748268898534.0,0.93416,0.93446
1748268898660.0,0.93419,0.93449
1748268899619.0,0.9342,0.9345
1748268903954.0,0.9342,0.9345
1748268908346.0,0.93421,0.93451
1748268911201.0,0.93424,0.93454
1748268912904.0,0.93425,0.93455
1748268920202.0,0.93426,0.93456
1748268928427.0,0.93427,0.93457
1748268930358.0,0.93426,0.93456
1748268934257.0,0.93427,0.93457
1748268935440.0,0.93426,0.93456
1748268940514.0,0.93426,0.93456
1748268944186.0,0.93428,0.93458
1748268956371.0,0.93425,0.93455
1748268958132.0,0.93424,0.93454
1748268960377.0,0.93423,0.93453
1748268961887.0,0.93424,0.93454
1748268962011.0,0.93425,0.93455
1748268974446.0,0.93423,0.93453
1748268974781.0,0.93422,0.93452
1748268975160.0,0.93422,0.93452
1748268976097.0,0.93423,0.93453
1748268976350.0,0.93422,0.93452
1748268976995.0,0.9342,0.9345
1748268980048.0,0.93422,0.93452
1748268982354.0,0.93421,0.93451
1748268985137.0,0.93418,0.93448
1748268991254.0,0.9342,0.9345
1748268996740.0,0.93421,0.93451
1748269007662.0,0.9342,0.9345
1748269010482.0,0.93418,0.93448
1748269012864.0,0.93417,0.93447
1748269018863.0,0.93416,0.93446
1748269022591.0,0.93415,0.93445
1748269026040.0,0.93416,0.93446
1748269026658.0,0.93417,0.93447
1748269027794.0,0.93416,0.93446
1748269028850.0,0.93417,0.93447
1748269028976.0,0.9342,0.9345
1748269029105.0,0.93421,0.93451
1748269033618.0,0.93423,0.93453
1748269035568.0,0.93425,0.93455
1748269054656.0,0.93424,0.93454
1748269062478.0,0.93423,0.93453
1748269071045.0,0.93424,0.93454
1748269071166.0,0.93422,0.93452
1748269072704.0,0.93424,0.93454
1748269074436.0,0.93422,0.93452
1748269075542.0,0.93417,0.93447
1748269075671.0,0.93414,0.93444
1748269076105.0,0.93417,0.93447
1748269080031.0,0.93414,0.93444
1748269081699.0,0.93415,0.93445
1748269089813.0,0.93417,0.93447
1748269089937.0,0.93418,0.93448
1748269090246.0,0.9342,0.9345
1748269090369.0,0.93421,0.93451
1748269090669.0,0.93419,0.93449
1748269103748.0,0.93421,0.93451
1748269103868.0,0.93419,0.93449
1748269105240.0,0.93418,0.93448
1748269117558.0,0.93419,0.93449
1748269120146.0,0.93421,0.93451
1748269120259.0,0.93422,0.93452
1748269120510.0,0.9342,0.9345
1748269122637.0,0.93419,0.93449
1748269123339.0,0.93418,0.93448
1748269125477.0,0.93414,0.93444
1748269125601.0,0.93413,0.93443
1748269126582.0,0.93414,0.93444
1748269127581.0,0.93413,0.93443
1748269146085.0,0.93411,0.93441
1748269154275.0,0.93413,0.93443
1748269157411.0,0.93411,0.93441
1748269164316.0,0.9341,0.9344
1748269164689.0,0.93409,0.93439
1748269167428.0,0.93407,0.93437
1748269175999.0,0.93406,0.93436
1748269183904.0,0.93407,0.93437
1748269184151.0,0.93404,0.93434
1748269184600.0,0.93403,0.93433
1748269211690.0,0.93404,0.93434
1748269214079.0,0.93406,0.93436
1748269223708.0,0.93404,0.93434
1748269223837.0,0.93395,0.93425
1748269223961.0,0.93396,0.93426
1748269224083.0,0.93395,0.93425
1748269224947.0,0.93396,0.93426
1748269227858.0,0.93398,0.93428
1748269241181.0,0.93397,0.93427
1748269244205.0,0.93396,0.93426
1748269257741.0,0.93397,0.93427
1748269267825.0,0.93395,0.93425
1748269269116.0,0.93394,0.93424
1748269272756.0,0.93381,0.93411
1748269273242.0,0.93383,0.93413
1748269273492.0,0.93384,0.93414
1748269274234.0,0.93386,0.93416
1748269278739.0,0.93384,0.93414
1748269281855.0,0.93387,0.93417
1748269286790.0,0.93385,0.93415
1748269287512.0,0.93387,0.93417
1748269287888.0,0.93385,0.93415
1748269294192.0,0.93384,0.93414
1748269296378.0,0.93385,0.93415
1748269310308.0,0.93384,0.93414
1748269312489.0,0.93382,0.93412
1748269316314.0,0.93383,0.93413
1748269319281.0,0.93382,0.93412
1748269324415.0,0.93381,0.93411
1748269324856.0,0.93379,0.93409
1748269327304.0,0.93378,0.93408
1748269327429.0,0.93374,0.93404
1748269329468.0,0.93375,0.93405
1748269333775.0,0.93375,0.93405
1748269336379.0,0.93378,0.93408
1748269336505.0,0.93377,0.93407
1748269338777.0,0.93374,0.93404
1748269341188.0,0.93375,0.93405
1748269344262.0,0.93374,0.93404
1748269350698.0,0.93377,0.93407
1748269351072.0,0.93378,0.93408
1748269351745.0,0.93377,0.93407
1748269352102.0,0.93381,0.93411
1748269356072.0,0.93379,0.93409
1748269359588.0,0.93378,0.93408
1748269359712.0,0.93375,0.93405
1748269367578.0,0.93374,0.93404
1748269367851.0,0.93373,0.93403
1748269368566.0,0.93371,0.93401
1748269374180.0,0.93375,0.93405
1748269374557.0,0.93373,0.93403
1748269375254.0,0.93373,0.93403
1748269386112.0,0.93372,0.93402
1748269387322.0,0.93376,0.93406
1748269387721.0,0.93374,0.93404
1748269391142.0,0.93376,0.93406
1748269393680.0,0.93374,0.93404
1748269393804.0,0.93373,0.93403
1748269394403.0,0.9337,0.934
1748269395131.0,0.93369,0.93399
1748269400100.0,0.9337,0.934
1748269401018.0,0.93364,0.93394
1748269410476.0,0.93363,0.93393
1748269413972.0,0.93361,0.93391
1748269418183.0,0.9336,0.9339
1748269424058.0,0.93359,0.93389
1748269428352.0,0.9336,0.9339
1748269428478.0,0.93361,0.93391
1748269430700.0,0.9336,0.9339
1748269432081.0,0.93361,0.93391
1748269440526.0,0.93363,0.93393
1748269449553.0,0.93364,0.93394
1748269452043.0,0.93365,0.93395
1748269452734.0,0.93364,0.93394
1748269453968.0,0.93365,0.93395
1748269457752.0,0.93366,0.93396
1748269466108.0,0.93368,0.93398
1748269467261.0,0.9337,0.934
1748269467383.0,0.93378,0.93408
1748269469612.0,0.93376,0.93406
1748269473028.0,0.93379,0.93409
1748269473163.0,0.93378,0.93408
1748269475906.0,0.93376,0.93406
1748269476383.0,0.93375,0.93405
1748269483240.0,0.93378,0.93408
1748269483366.0,0.93376,0.93406
1748269485755.0,0.93377,0.93407
1748269489683.0,0.93379,0.93409
1748269491439.0,0.93378,0.93408
1748269494753.0,0.93372,0.93402
1748269508434.0,0.93371,0.93401
1748269521100.0,0.93372,0.93402
1748269534040.0,0.93366,0.93396
1748269534168.0,0.93364,0.93394
1748269542552.0,0.93367,0.93397
1748269543063.0,0.93366,0.93396
1748269550453.0,0.93367,0.93397
1748269582430.0,0.93368,0.93398
1748269582686.0,0.93364,0.93394
1748269582782.0,0.93366,0.93396
1748269584232.0,0.93367,0.93397
1748269584483.0,0.93368,0.93398
1748269585067.0,0.93367,0.93397
1748269597958.0,0.93368,0.93398
1748269606463.0,0.93367,0.93397
1748269606741.0,0.93366,0.93396
1748269616880.0,0.93367,0.93397
1748269617868.0,0.93368,0.93398
1748269621629.0,0.93367,0.93397
1748269621752.0,0.93364,0.93394
1748269625833.0,0.93363,0.93393
1748269626559.0,0.93361,0.93391
1748269639871.0,0.93363,0.93393
1748269640335.0,0.93362,0.93392
1748269641253.0,0.93361,0.93391
1748269641503.0,0.93358,0.93388
1748269646510.0,0.93359,0.93389
1748269654617.0,0.93358,0.93388
1748269654739.0,0.93362,0.93392
1748269655403.0,0.93359,0.93389
1748269655774.0,0.93358,0.93388
1748269659987.0,0.93364,0.93394
1748269665677.0,0.93365,0.93395
1748269665793.0,0.93367,0.93397
1748269666367.0,0.93366,0.93396
1748269668468.0,0.93367,0.93397
1748269673495.0,0.93366,0.93396
1748269676964.0,0.93367,0.93397
1748269688676.0,0.93366,0.93396
1748269693135.0,0.93367,0.93397
1748269695193.0,0.9337,0.934
1748269701968.0,0.93368,0.93398
1748269705773.0,0.9337,0.934
1748269709983.0,0.93368,0.93398
1748269726684.0,0.93367,0.93397
1748269730486.0,0.93362,0.93392
1748269730620.0,0.9336,0.9339
1748269731934.0,0.93361,0.93391
1748269739780.0,0.9336,0.9339
1748269740883.0,0.93357,0.93387
1748269741221.0,0.93358,0.93388
1748269754408.0,0.9336,0.9339
1748269758828.0,0.93359,0.93389
1748269762170.0,0.93357,0.93387
1748269762296.0,0.93353,0.93383
1748269767150.0,0.93352,0.93382
1748269768473.0,0.93353,0.93383
1748269769033.0,0.93354,0.93384
1748269769410.0,0.93354,0.93384
1748269769534.0,0.93355,0.93385
1748269772271.0,0.93353,0.93383
1748269774366.0,0.93352,0.93382
1748269785411.0,0.93351,0.93381
1748269785661.0,0.93352,0.93382
1748269785910.0,0.93353,0.93383
1748269786269.0,0.93352,0.93382
1748269788156.0,0.9335,0.9338
1748269791469.0,0.93349,0.93379
1748269791595.0,0.93348,0.93378
1748269791963.0,0.93349,0.93379
1748269792210.0,0.93347,0.93377
1748269800302.0,0.9335,0.9338
1748269800551.0,0.93351,0.93381
1748269803064.0,0.9335,0.9338
1748269812035.0,0.93346,0.93376
1748269813747.0,0.93349,0.93379
1748269814755.0,0.93347,0.93377
1748269818454.0,0.93346,0.93376
1748269819155.0,0.93347,0.93377
1748269821537.0,0.93349,0.93379
1748269826300.0,0.9335,0.9338
1748269826758.0,0.93352,0.93382
1748269827271.0,0.93351,0.93381
1748269830527.0,0.9335,0.9338
1748269849362.0,0.93331,0.93361
1748269849477.0,0.9333,0.9336
1748269849686.0,0.93328,0.93358
1748269851181.0,0.93331,0.93361
1748269851703.0,0.93329,0.93359
1748269851954.0,0.93328,0.93358
1748269852255.0,0.93329,0.93359
1748269853392.0,0.9333,0.9336
1748269854851.0,0.93331,0.93361
1748269862308.0,0.9333,0.9336
1748269867203.0,0.93329,0.93359
1748269868101.0,0.9333,0.9336
1748269869661.0,0.93331,0.93361
1748269870798.0,0.9333,0.9336
1748269877607.0,0.93335,0.93365
1748269883809.0,0.93336,0.93366
1748269884213.0,0.93335,0.93365
1748269885573.0,0.93336,0.93366
1748269889708.0,0.93338,0.93368
1748269889837.0,0.93339,0.93369
1748269889957.0,0.93338,0.93368
1748269892513.0,0.93342,0.93372
1748269892940.0,0.93341,0.93371
1748269893618.0,0.93339,0.93369
1748269895835.0,0.93341,0.93371
1748269902086.0,0.93344,0.93374
1748269902454.0,0.93346,0.93376
1748269903209.0,0.93347,0.93377
1748269903977.0,0.93346,0.93376
1748269905374.0,0.93347,0.93377
1748269906488.0,0.93346,0.93376
1748269909033.0,0.93345,0.93375
1748269909156.0,0.93346,0.93376
1748269909416.0,0.93345,0.93375
1748269910724.0,0.93346,0.93376
1748269910975.0,0.93341,0.93371
1748269912582.0,0.93341,0.93371
1748269916838.0,0.9334,0.9337
1748269920787.0,0.93341,0.93371
1748269922414.0,0.9334,0.9337
1748269922662.0,0.93342,0.93372
1748269925169.0,0.93343,0.93373
1748269927892.0,0.93341,0.93371
1748269929849.0,0.93342,0.93372
1748269929972.0,0.93341,0.93371
1748269930222.0,0.93343,0.93373
1748269930598.0,0.93341,0.93371
1748269943297.0,0.93343,0.93373
1748269948653.0,0.93346,0.93376
1748269949661.0,0.93345,0.93375
1748269949785.0,0.93348,0.93378
1748269950070.0,0.93349,0.93379
1748269952721.0,0.9335,0.9338
1748269954114.0,0.93356,0.93386
1748269954242.0,0.93357,0.93387
1748269968018.0,0.93358,0.93388
1748269968587.0,0.93357,0.93387
1748269971265.0,0.9336,0.9339
1748269971390.0,0.93361,0.93391
1748269973120.0,0.9336,0.9339
1748269975174.0,0.93361,0.93391
1748269980223.0,0.9336,0.9339
1748269980471.0,0.93363,0.93393
1748269980596.0,0.9337,0.934
1748269981823.0,0.93371,0.93401
1748269983209.0,0.9337,0.934
1748269983800.0,0.93368,0.93398
1748269990076.0,0.93373,0.93403
1748269990330.0,0.93374,0.93404
1748269992088.0,0.93373,0.93403
1748269997340.0,0.93374,0.93404
1748269999336.0,0.93373,0.93403
1748270002120.0,0.93374,0.93404
1748270015266.0,0.93373,0.93403
1748270016591.0,0.93374,0.93404
1748270018596.0,0.93373,0.93403
1748270021565.0,0.93374,0.93404
1748270027742.0,0.93372,0.93402
1748270029968.0,0.93373,0.93403
1748270031160.0,0.93374,0.93404
1748270031409.0,0.93372,0.93402
1748270031533.0,0.93373,0.93403
1748270041321.0,0.93372,0.93402
1748270041430.0,0.93371,0.93401
1748270044078.0,0.93372,0.93402
1748270044747.0,0.93371,0.93401
1748270048023.0,0.93369,0.93399
1748270066858.0,0.93369,0.93399
1748270069085.0,0.93365,0.93395
1748270084711.0,0.93366,0.93396
1748270085613.0,0.93365,0.93395
1748270098243.0,0.93366,0.93396
1748270098657.0,0.93365,0.93395
1748270100403.0,0.93364,0.93394
1748270100655.0,0.93362,0.93392
1748270101968.0,0.93364,0.93394
1748270102453.0,0.93365,0.93395
1748270109152.0,0.93364,0.93394
1748270109400.0,0.93366,0.93396
1748270112534.0,0.93365,0.93395
1748270113416.0,0.93366,0.93396
1748270115362.0,0.93365,0.93395
1748270129862.0,0.93368,0.93398
1748270129988.0,0.93369,0.93399
1748270132765.0,0.93367,0.93397
1748270134609.0,0.93368,0.93398
1748270136080.0,0.93369,0.93399
1748270141594.0,0.93371,0.93401
1748270143397.0,0.93372,0.93402
1748270143521.0,0.93374,0.93404
1748270152880.0,0.93373,0.93403
1748270153005.0,0.93377,0.93407
1748270153130.0,0.93376,0.93406
1748270153381.0,0.93377,0.93407
1748270155190.0,0.93375,0.93405
1748270163136.0,0.93377,0.93407
1748270174713.0,0.93377,0.93407
1748270179962.0,0.93378,0.93408
1748270182240.0,0.93377,0.93407
1748270212159.0,0.93378,0.93408
1748270220323.0,0.93377,0.93407
1748270221716.0,0.93378,0.93408
1748270222674.0,0.93377,0.93407
1748270224427.0,0.93378,0.93408
1748270233420.0,0.93378,0.93408
1748270234010.0,0.93377,0.93407
1748270234133.0,0.93376,0.93406
1748270234887.0,0.93377,0.93407
1748270249952.0,0.93376,0.93406
1748270250351.0,0.93377,0.93407
1748270250723.0,0.93379,0.93409
1748270259052.0,0.93378,0.93408
1748270259175.0,0.93377,0.93407
1748270265300.0,0.93376,0.93406
1748270276550.0,0.93372,0.93402
1748270276930.0,0.93373,0.93403
1748270277552.0,0.93372,0.93402
1748270277800.0,0.93371,0.93401
1748270280174.0,0.9337,0.934
1748270280422.0,0.9337,0.934
1748270281131.0,0.93369,0.93399
1748270281249.0,0.93367,0.93397
1748270281380.0,0.93366,0.93396
1748270282274.0,0.93368,0.93398
1748270283586.0,0.93366,0.93396
1748270286987.0,0.93368,0.93398
1748270287448.0,0.93367,0.93397
1748270289705.0,0.93368,0.93398
1748270302696.0,0.9337,0.934
1748270302799.0,0.93369,0.93399
1748270303184.0,0.93368,0.93398
1748270308319.0,0.93368,0.93398
1748270312448.0,0.93367,0.93397
1748270313740.0,0.93365,0.93395
1748270314215.0,0.93364,0.93394
1748270317028.0,0.93363,0.93393
1748270317584.0,0.93364,0.93394
1748270329480.0,0.93363,0.93393
1748270332016.0,0.93361,0.93391
1748270336237.0,0.9336,0.9339
1748270343413.0,0.93359,0.93389
1748270343783.0,0.93361,0.93391
1748270345891.0,0.9336,0.9339
1748270346016.0,0.93359,0.93389
1748270361007.0,0.93361,0.93391
1748270361256.0,0.93363,0.93393
1748270361870.0,0.93365,0.93395
1748270362119.0,0.93368,0.93398
1748270364235.0,0.93366,0.93396
1748270364484.0,0.93364,0.93394
1748270364609.0,0.93366,0.93396
1748270364859.0,0.93367,0.93397
1748270373993.0,0.93366,0.93396
1748270374118.0,0.93365,0.93395
1748270376123.0,0.93363,0.93393
1748270378598.0,0.93362,0.93392
1748270378723.0,0.9336,0.9339
1748270379037.0,0.93359,0.93389
1748270383177.0,0.9336,0.9339
1748270387381.0,0.93357,0.93387
1748270387819.0,0.93353,0.93383
1748270391753.0,0.93354,0.93384
1748270392397.0,0.93355,0.93385
1748270400282.0,0.93354,0.93384
1748270405640.0,0.93355,0.93385
1748270408027.0,0.93354,0.93384
1748270415904.0,0.93353,0.93383
1748270416398.0,0.93354,0.93384
1748270417086.0,0.93353,0.93383
1748270418195.0,0.93354,0.93384
1748270421932.0,0.93353,0.93383
1748270423430.0,0.93354,0.93384
1748270433968.0,0.93353,0.93383
1748270435534.0,0.93354,0.93384
1748270438353.0,0.93355,0.93385
1748270438972.0,0.93354,0.93384
1748270440211.0,0.93355,0.93385
1748270443907.0,0.93356,0.93386
1748270444157.0,0.93355,0.93385
1748270447397.0,0.93356,0.93386
1748270450091.0,0.93351,0.93381
1748270450223.0,0.93353,0.93383
1748270455973.0,0.93355,0.93385
1748270456972.0,0.93349,0.93379
1748270464557.0,0.93347,0.93377
1748270468085.0,0.93346,0.93376
1748270472554.0,0.93347,0.93377
1748270472803.0,0.93348,0.93378
1748270473637.0,0.93346,0.93376
1748270476790.0,0.93347,0.93377
1748270477788.0,0.93346,0.93376
1748270477909.0,0.93343,0.93373
1748270478159.0,0.93344,0.93374
1748270488658.0,0.93345,0.93375
1748270508726.0,0.93337,0.93367
1748270510715.0,0.93339,0.93369
1748270510821.0,0.9334,0.9337
1748270511499.0,0.93341,0.93371
1748270518061.0,0.93344,0.93374
1748270518387.0,0.93342,0.93372
1748270518847.0,0.93344,0.93374
1748270518960.0,0.93345,0.93375
1748270520182.0,0.93342,0.93372
1748270528106.0,0.93343,0.93373
1748270531407.0,0.93342,0.93372
1748270531528.0,0.93343,0.93373
1748270536505.0,0.93341,0.93371
1748270548496.0,0.93342,0.93372
1748270548752.0,0.93341,0.93371
1748270549282.0,0.93342,0.93372
1748270553891.0,0.93341,0.93371
1748270554264.0,0.93342,0.93372
1748270557768.0,0.93341,0.93371
1748270573006.0,0.93339,0.93369
1748270573948.0,0.93345,0.93375
1748270579044.0,0.93344,0.93374
1748270593088.0,0.93345,0.93375
1748270599691.0,0.93344,0.93374
1748270599817.0,0.93345,0.93375
1748270601183.0,0.93346,0.93376
1748270605535.0,0.93343,0.93373
1748270606552.0,0.93344,0.93374
1748270621347.0,0.93345,0.93375
1748270625414.0,0.93344,0.93374
1748270637791.0,0.93343,0.93373
1748270647603.0,0.93343,0.93373
1748270647740.0,0.93344,0.93374
1748270648703.0,0.93343,0.93373
1748270650026.0,0.93342,0.93372
1748270650493.0,0.93341,0.93371
1748270662576.0,0.93342,0.93372
1748270671351.0,0.93341,0.93371
1748270679467.0,0.93342,0.93372
1748270682152.0,0.93342,0.93372
1748270683213.0,0.93344,0.93374
1748270684750.0,0.93345,0.93375
1748270687168.0,0.9334,0.9337
1748270694219.0,0.93341,0.93371
1748270695207.0,0.9334,0.9337
1748270700227.0,0.93339,0.93369
1748270712769.0,0.9334,0.9337
1748270720577.0,0.93339,0.93369
1748270730670.0,0.9334,0.9337
1748270730794.0,0.93342,0.93372
1748270734347.0,0.93344,0.93374
1748270739283.0,0.93345,0.93375
1748270751888.0,0.93345,0.93375
1748270763970.0,0.93346,0.93376
1748270765093.0,0.93341,0.93371
1748270771600.0,0.9334,0.9337
1748270782100.0,0.93341,0.93371
1748270784226.0,0.93342,0.93372
1748270793079.0,0.93341,0.93371
1748270802449.0,0.9334,0.9337
1748270804693.0,0.93336,0.93366
1748270805174.0,0.93337,0.93367
1748270806680.0,0.93338,0.93368
1748270806805.0,0.93337,0.93367
1748270810095.0,0.93335,0.93365
1748270810575.0,0.93331,0.93361
1748270813731.0,0.93332,0.93362
1748270816211.0,0.93333,0.93363
1748270817440.0,0.93332,0.93362
1748270820109.0,0.93331,0.93361
1748270831108.0,0.93332,0.93362
1748270832217.0,0.93331,0.93361
1748270843804.0,0.93332,0.93362
1748270858677.0,0.93333,0.93363
1748270868429.0,0.93334,0.93364
1748270889981.0,0.93335,0.93365
1748270890094.0,0.93334,0.93364
1748270890473.0,0.93332,0.93362
1748270899514.0,0.93333,0.93363
1748270902707.0,0.93332,0.93362
1748270925775.0,0.93336,0.93366
1748270946193.0,0.93334,0.93364
1748270946316.0,0.93336,0.93366
1748270947360.0,0.93334,0.93364
1748270947484.0,0.93335,0.93365
1748270951951.0,0.93336,0.93366
1748270957703.0,0.93338,0.93368
1748270958204.0,0.93339,0.93369
1748270958454.0,0.9334,0.9337
1748270965073.0,0.93336,0.93366
1748270965198.0,0.93334,0.93364
1748270970339.0,0.93336,0.93366
1748270979606.0,0.93334,0.93364
1748270992651.0,0.93332,0.93362
1748270992782.0,0.93333,0.93363
1748270997487.0,0.93332,0.93362
1748271000129.0,0.93331,0.93361
1748271001648.0,0.93332,0.93362
1748271001898.0,0.93333,0.93363
1748271008187.0,0.93334,0.93364
1748271009721.0,0.93342,0.93372
1748271010664.0,0.93343,0.93373
1748271025945.0,0.93345,0.93375
1748271047018.0,0.93343,0.93373
1748271047148.0,0.93342,0.93372
1748271047745.0,0.93343,0.93373
1748271053427.0,0.93344,0.93374
1748271054071.0,0.93347,0.93377
1748271054194.0,0.93348,0.93378
1748271070060.0,0.93342,0.93372
1748271078833.0,0.93344,0.93374
1748271080019.0,0.9335,0.9338
1748271080566.0,0.93352,0.93382
1748271083526.0,0.93354,0.93384
1748271083643.0,0.93355,0.93385
1748271083893.0,0.93353,0.93383
1748271086713.0,0.93354,0.93384
1748271086964.0,0.93355,0.93385
1748271091523.0,0.93354,0.93384
1748271091647.0,0.93355,0.93385
1748271127415.0,0.93355,0.93385
1748271165223.0,0.93354,0.93384
1748271180856.0,0.93356,0.93386
1748271186283.0,0.93354,0.93384
1748271186855.0,0.93353,0.93383
1748271199090.0,0.93352,0.93382
1748271199329.0,0.93354,0.93384
1748271200120.0,0.93353,0.93383
1748271214064.0,0.93354,0.93384
1748271216211.0,0.93355,0.93385
1748271216341.0,0.93356,0.93386
1748271216977.0,0.93355,0.93385
1748271228697.0,0.93357,0.93387
1748271228940.0,0.93359,0.93389
1748271231844.0,0.93357,0.93387
1748271242691.0,0.93359,0.93389
1748271259375.0,0.9336,0.9339
1748271270587.0,0.93359,0.93389
1748271270991.0,0.9336,0.9339
1748271283645.0,0.93363,0.93393
1748271289281.0,0.93364,0.93394
1748271289985.0,0.93365,0.93395
1748271295593.0,0.93363,0.93393
1748271297693.0,0.93361,0.93391
1748271298410.0,0.93362,0.93392
1748271306878.0,0.93364,0.93394
1748271307003.0,0.93365,0.93395
1748271311900.0,0.93364,0.93394
1748271312020.0,0.93366,0.93396
1748271313244.0,0.93368,0.93398
1748271314405.0,0.93369,0.93399
1748271314798.0,0.9337,0.934
1748271315048.0,0.93369,0.93399
1748271315297.0,0.93368,0.93398
1748271315546.0,0.9337,0.934
1748271317679.0,0.93368,0.93398
1748271320814.0,0.93375,0.93405
1748271320948.0,0.93376,0.93406
1748271323848.0,0.93374,0.93404
1748271323959.0,0.93373,0.93403
1748271326571.0,0.93372,0.93402
1748271330915.0,0.93376,0.93406
1748271331040.0,0.93375,0.93405
1748271334004.0,0.93376,0.93406
1748271334127.0,0.93375,0.93405
1748271336205.0,0.93376,0.93406
1748271341627.0,0.93375,0.93405
1748271344756.0,0.93376,0.93406
1748271344880.0,0.93375,0.93405
1748271345005.0,0.93378,0.93408
1748271345611.0,0.93379,0.93409
1748271350213.0,0.9338,0.9341
1748271350336.0,0.93381,0.93411
1748271360657.0,0.9338,0.9341
1748271364451.0,0.93381,0.93411
1748271370047.0,0.93379,0.93409
1748271374197.0,0.93381,0.93411
1748271374315.0,0.9338,0.9341
1748271376294.0,0.93379,0.93409
1748271378375.0,0.9338,0.9341
1748271389732.0,0.93378,0.93408
1748271389850.0,0.93373,0.93403
1748271391122.0,0.93374,0.93404
1748271396879.0,0.93373,0.93403
1748271397006.0,0.93372,0.93402
1748271400093.0,0.93371,0.93401
1748271410416.0,0.93371,0.93401
1748271410561.0,0.93372,0.93402
1748271410798.0,0.93374,0.93404
1748271415790.0,0.93375,0.93405
1748271421781.0,0.93377,0.93407
1748271426071.0,0.93376,0.93406
1748271427257.0,0.93377,0.93407
1748271432227.0,0.93378,0.93408
1748271433630.0,0.93376,0.93406
1748271434247.0,0.93374,0.93404
1748271439446.0,0.93368,0.93398
1748271441413.0,0.93366,0.93396
1748271441687.0,0.93364,0.93394
1748271446946.0,0.9337,0.934
1748271447192.0,0.93368,0.93398
1748271447688.0,0.9337,0.934
1748271450083.0,0.93372,0.93402
1748271455495.0,0.9337,0.934
1748271455609.0,0.93366,0.93396
1748271456849.0,0.93368,0.93398
1748271459119.0,0.93367,0.93397
1748271467472.0,0.93369,0.93399
1748271467600.0,0.93366,0.93396
1748271467851.0,0.93365,0.93395
1748271478980.0,0.93363,0.93393
1748271480077.0,0.93361,0.93391
1748271481134.0,0.93355,0.93385
1748271481255.0,0.93357,0.93387
1748271485716.0,0.93359,0.93389
1748271491401.0,0.93357,0.93387
1748271493738.0,0.93355,0.93385
1748271496471.0,0.93353,0.93383
1748271496593.0,0.93351,0.93381
1748271496727.0,0.93356,0.93386
1748271500266.0,0.93358,0.93388
1748271503636.0,0.93359,0.93389
1748271504274.0,0.93361,0.93391
1748271504523.0,0.93359,0.93389
1748271505849.0,0.93361,0.93391
1748271506341.0,0.93364,0.93394
1748271507063.0,0.93366,0.93396
1748271508883.0,0.93364,0.93394
1748271515831.0,0.93362,0.93392
1748271517541.0,0.9336,0.9339
1748271526476.0,0.93364,0.93394
1748271527104.0,0.93368,0.93398
1748271527231.0,0.9337,0.934
1748271528133.0,0.93368,0.93398
1748271528814.0,0.93366,0.93396
1748271532884.0,0.93368,0.93398
1748271533472.0,0.93366,0.93396
1748271537228.0,0.93364,0.93394
1748271537581.0,0.93362,0.93392
1748271537706.0,0.93364,0.93394
1748271539281.0,0.93365,0.93395
1748271541594.0,0.93364,0.93394
1748271545531.0,0.93362,0.93392
1748271549638.0,0.93364,0.93394
1748271562193.0,0.93362,0.93392
1748271563604.0,0.93357,0.93387
1748271566385.0,0.9336,0.9339
1748271567680.0,0.93361,0.93391
1748271569965.0,0.9336,0.9339
1748271572472.0,0.93358,0.93388
1748271573981.0,0.93356,0.93386
1748271574104.0,0.93354,0.93384
1748271576501.0,0.93352,0.93382
1748271589279.0,0.93358,0.93388
1748271592775.0,0.93356,0.93386
1748271603224.0,0.93355,0.93385
1748271603752.0,0.93357,0.93387
1748271607029.0,0.93359,0.93389
1748271615251.0,0.93361,0.93391
1748271615377.0,0.93369,0.93399
1748271615625.0,0.93367,0.93397
1748271616028.0,0.93365,0.93395
1748271618090.0,0.93363,0.93393
1748271619714.0,0.93359,0.93389
1748271622050.0,0.93357,0.93387
1748271624669.0,0.93355,0.93385
1748271624789.0,0.93351,0.93381
1748271628729.0,0.93353,0.93383
1748271629950.0,0.93351,0.93381
1748271630755.0,0.93353,0.93383
1748271632437.0,0.93357,0.93387
1748271633079.0,0.93355,0.93385
1748271634691.0,0.93353,0.93383
1748271635191.0,0.93351,0.93381
1748271638046.0,0.93353,0.93383
1748271642351.0,0.93356,0.93386
1748271648523.0,0.93358,0.93388
1748271648648.0,0.9336,0.9339
1748271650313.0,0.93362,0.93392
1748271651433.0,0.93367,0.93397
1748271651934.0,0.93365,0.93395
1748271653090.0,0.93363,0.93393
1748271657260.0,0.93365,0.93395
1748271657386.0,0.93363,0.93393
1748271657630.0,0.93361,0.93391
1748271660115.0,0.93359,0.93389
1748271661523.0,0.93361,0.93391
1748271661672.0,0.93363,0.93393
1748271664283.0,0.93365,0.93395
1748271664826.0,0.93367,0.93397
1748271665077.0,0.93366,0.93396
1748271666703.0,0.93367,0.93397
1748271670071.0,0.93366,0.93396
1748271671584.0,0.93364,0.93394
1748271672060.0,0.93362,0.93392
1748271672605.0,0.93364,0.93394
1748271673012.0,0.93362,0.93392
1748271679733.0,0.93364,0.93394
1748271680108.0,0.93362,0.93392
1748271686907.0,0.9336,0.9339
1748271691425.0,0.93362,0.93392
1748271693445.0,0.93364,0.93394
1748271693719.0,0.93362,0.93392
1748271695097.0,0.93364,0.93394
1748271696736.0,0.93366,0.93396
1748271699611.0,0.93364,0.93394
1748271705206.0,0.93362,0.93392
1748271705708.0,0.9336,0.9339
1748271716018.0,0.93358,0.93388
1748271716634.0,0.93356,0.93386
1748271716758.0,0.93354,0.93384
1748271717347.0,0.93352,0.93382
1748271717596.0,0.93355,0.93385
1748271721508.0,0.93353,0.93383
1748271722327.0,0.93351,0.93381
1748271722450.0,0.93349,0.93379
1748271731836.0,0.93351,0.93381
1748271734020.0,0.93349,0.93379
1748271741653.0,0.93346,0.93376
1748271743183.0,0.93343,0.93373
1748271743432.0,0.93341,0.93371
1748271743558.0,0.93339,0.93369
1748271746355.0,0.93341,0.93371
1748271746603.0,0.93343,0.93373
1748271753065.0,0.93341,0.93371
1748271760425.0,0.93343,0.93373
1748271764075.0,0.93345,0.93375
1748271764197.0,0.93348,0.93378
1748271764451.0,0.93346,0.93376
1748271765382.0,0.93345,0.93375
1748271765638.0,0.93343,0.93373
1748271771651.0,0.93345,0.93375
1748271774101.0,0.93343,0.93373
1748271774524.0,0.93341,0.93371
1748271777187.0,0.93339,0.93369
1748271780200.0,0.93337,0.93367
1748271782698.0,0.93335,0.93365
1748271787190.0,0.93334,0.93364
1748271789476.0,0.9333,0.9336
1748271790178.0,0.93332,0.93362
1748271790299.0,0.93333,0.93363
1748271798311.0,0.93337,0.93367
1748271807587.0,0.93333,0.93363
1748271809571.0,0.93335,0.93365
1748271816108.0,0.93337,0.93367
1748271826711.0,0.93335,0.93365
1748271833525.0,0.93334,0.93364
1748271841934.0,0.93328,0.93358
1748271856054.0,0.93326,0.93356
1748271863472.0,0.93328,0.93358
1748271868664.0,0.9333,0.9336
1748271882589.0,0.93326,0.93356
1748271883946.0,0.93324,0.93354
1748271888323.0,0.9333,0.9336
1748271903267.0,0.93328,0.93358
1748271907362.0,0.93326,0.93356
1748271922591.0,0.93328,0.93358
1748271929197.0,0.93329,0.93359
1748271932538.0,0.93328,0.93358
1748271932657.0,0.9333,0.9336
1748271933254.0,0.93333,0.93363
1748271939681.0,0.93332,0.93362
1748271941608.0,0.93334,0.93364
1748271958877.0,0.93332,0.93362
1748271962553.0,0.9333,0.9336
1748271978301.0,0.93328,0.93358
1748271980223.0,0.93326,0.93356
1748271984751.0,0.93324,0.93354
1748271999464.0,0.93327,0.93357
1748272010547.0,0.93329,0.93359
1748272039749.0,0.93331,0.93361
1748272045094.0,0.93333,0.93363
1748272045204.0,0.93334,0.93364
1748272069757.0,0.93333,0.93363
1748272069881.0,0.93331,0.93361
1748272070131.0,0.93336,0.93366
1748272104354.0,0.93334,0.93364
1748272116224.0,0.93337,0.93367
1748272119771.0,0.9334,0.9337
1748272120150.0,0.93345,0.93375
1748272121670.0,0.93347,0.93377
1748272123455.0,0.93348,0.93378
1748272123706.0,0.93352,0.93382
1748272123820.0,0.93354,0.93384
1748272127919.0,0.93356,0.93386
1748272135427.0,0.93354,0.93384
1748272146927.0,0.93356,0.93386
1748272147052.0,0.93358,0.93388
1748272154158.0,0.9336,0.9339
1748272154408.0,0.93358,0.93388
1748272175019.0,0.93356,0.93386
1748272195231.0,0.93356,0.93386
1748272198724.0,0.93354,0.93384
1748272201738.0,0.93352,0.93382
1748272207292.0,0.93354,0.93384
1748272209904.0,0.93356,0.93386
1748272213552.0,0.93354,0.93384
1748272216290.0,0.93352,0.93382
1748272231739.0,0.93351,0.93381
1748272244476.0,0.93352,0.93382
1748272244600.0,0.93351,0.93381
1748272246380.0,0.93349,0.93379
1748272249659.0,0.93347,0.93377
1748272254578.0,0.9335,0.9338
1748272254699.0,0.93352,0.93382
1748272259993.0,0.93344,0.93374
1748272262918.0,0.93345,0.93375
1748272296199.0,0.93347,0.93377
1748272307910.0,0.93353,0.93383
1748272310182.0,0.93355,0.93385
1748272321533.0,0.93353,0.93383
1748272339408.0,0.93352,0.93382
1748272384151.0,0.93356,0.93386
1748272396082.0,0.93354,0.93384
1748272451083.0,0.93355,0.93385
1748272463596.0,0.93357,0.93387
1748272472318.0,0.93355,0.93385
1748272490270.0,0.93353,0.93383
1748272501517.0,0.93356,0.93386
1748272503148.0,0.93354,0.93384
1748272523229.0,0.93356,0.93386
1748272546690.0,0.93357,0.93387
1748272550378.0,0.93356,0.93386
1748272604119.0,0.93354,0.93384
1748272606784.0,0.93348,0.93378
1748272606908.0,0.93346,0.93376
1748272610798.0,0.93348,0.93378
1748272620238.0,0.93346,0.93376
1748272621025.0,0.93342,0.93372
1748272621556.0,0.93344,0.93374
1748272625366.0,0.93345,0.93375
1748272632148.0,0.93347,0.93377
1748272643238.0,0.93349,0.93379
1748272660399.0,0.93347,0.93377
1748272679702.0,0.93346,0.93376
1748272683465.0,0.93344,0.93374
1748272683937.0,0.93346,0.93376
1748272714034.0,0.93347,0.93377
1748272745224.0,0.93346,0.93376
1748272745977.0,0.93348,0.93378
1748272778272.0,0.93346,0.93376
1748272803091.0,0.93348,0.93378
1748272803217.0,0.93346,0.93376
1748272804325.0,0.93348,0.93378
1748272828381.0,0.9335,0.9338
1748272828498.0,0.93352,0.93382
1748272828748.0,0.9335,0.9338
1748272854535.0,0.93349,0.93379
1748272862085.0,0.9335,0.9338
1748272870627.0,0.93352,0.93382
1748272870932.0,0.93351,0.93381
1748272872628.0,0.93349,0.93379
1748272872753.0,0.93347,0.93377
1748272895099.0,0.93343,0.93373
1748272899755.0,0.93341,0.93371
1748272900759.0,0.93342,0.93372
1748272909884.0,0.93344,0.93374
1748272925256.0,0.93346,0.93376
1748272935040.0,0.93344,0.93374
1748272953958.0,0.9334,0.9337
1748272955120.0,0.9333,0.9336
1748272955243.0,0.93332,0.93362
1748272982638.0,0.93334,0.93364
1748273059807.0,0.93335,0.93365
1748273060374.0,0.93332,0.93362
1748273072828.0,0.93334,0.93364
1748273072949.0,0.93336,0.93366
1748273082498.0,0.93334,0.93364
1748273102771.0,0.93336,0.93366
1748273118320.0,0.93334,0.93364
1748273118445.0,0.93336,0.93366
1748273123277.0,0.93338,0.93368
1748273142417.0,0.9334,0.9337
1748273155659.0,0.93344,0.93374
1748273159475.0,0.93341,0.93371
1748273181329.0,0.9334,0.9337
1748273197696.0,0.93338,0.93368
1748273205722.0,0.9334,0.9337
1748273238447.0,0.93338,0.93368
1748273277341.0,0.93348,0.93378
1748273277466.0,0.93346,0.93376
1748273279407.0,0.93344,0.93374
1748273281379.0,0.93346,0.93376
1748273284611.0,0.93344,0.93374
1748273345281.0,0.93342,0.93372
1748273345775.0,0.9334,0.9337
1748273353301.0,0.93342,0.93372
1748273353550.0,0.93344,0.93374
1748273360625.0,0.93342,0.93372
1748273364181.0,0.93344,0.93374
1748273366554.0,0.93342,0.93372
1748273381244.0,0.93343,0.93373
1748273388174.0,0.93341,0.93371
1748273400185.0,0.93343,0.93373
1748273403439.0,0.93341,0.93371
1748273409781.0,0.93338,0.93368
1748273414259.0,0.93336,0.93366
1748273424212.0,0.93337,0.93367
1748273426240.0,0.93336,0.93366
1748273435184.0,0.93334,0.93364
1748273435434.0,0.93336,0.93366
1748273446401.0,0.93338,0.93368
1748273446526.0,0.93336,0.93366
1748273451315.0,0.93334,0.93364
1748273451441.0,0.93336,0.93366
1748273460069.0,0.93334,0.93364
1748273460192.0,0.93332,0.93362
1748273463732.0,0.93334,0.93364
1748273470271.0,0.93332,0.93362
1748273475519.0,0.93335,0.93365
1748273494096.0,0.93334,0.93364
1748273496058.0,0.93336,0.93366
1748273517095.0,0.93336,0.93366
1748273518314.0,0.93337,0.93367
1748273540067.0,0.93339,0.93369
1748273548447.0,0.93338,0.93368
1748273554483.0,0.93336,0.93366
1748273577521.0,0.93338,0.93368
1748273592732.0,0.9334,0.9337
1748273592858.0,0.93338,0.93368
1748273595815.0,0.93337,0.93367
1748273598762.0,0.93338,0.93368
1748273609379.0,0.9334,0.9337
1748273664379.0,0.93341,0.93371
1748273670763.0,0.93343,0.93373
1748273670881.0,0.93345,0.93375
1748273680856.0,0.93343,0.93373
1748273680981.0,0.93345,0.93375
1748273700381.0,0.93347,0.93377
1748273715259.0,0.93349,0.93379
1748273715529.0,0.93347,0.93377
1748273729033.0,0.93343,0.93373
1748273739282.0,0.93342,0.93372
1748273739532.0,0.93338,0.93368
1748273760191.0,0.9334,0.9337
1748273775901.0,0.93338,0.93368
1748273776281.0,0.9334,0.9337
1748273794788.0,0.93342,0.93372
1748273815536.0,0.93344,0.93374
1748273819550.0,0.93342,0.93372
1748273829054.0,0.93344,0.93374
1748273830863.0,0.93346,0.93376
1748273924947.0,0.93348,0.93378
1748273934438.0,0.93346,0.93376
1748273946651.0,0.93348,0.93378
1748273950713.0,0.93346,0.93376
1748273981998.0,0.93348,0.93378
1748273989148.0,0.93346,0.93376
1748273995349.0,0.93348,0.93378
1748274000716.0,0.93346,0.93376
1748274010247.0,0.93348,0.93378
1748274027709.0,0.93346,0.93376
1748274027825.0,0.93344,0.93374
1748274053363.0,0.93345,0.93375
1748274090103.0,0.93344,0.93374
1748274132531.0,0.9334,0.9337
1748274137846.0,0.93338,0.93368
1748274149543.0,0.9334,0.9337
1748274149794.0,0.93338,0.93368
1748274155268.0,0.9334,0.9337
1748274189420.0,0.93341,0.93371
1748274189537.0,0.93339,0.93369
1748274192983.0,0.93333,0.93363
1748274194562.0,0.93335,0.93365
1748274222439.0,0.93333,0.93363
1748274238236.0,0.93335,0.93365
1748274293236.0,0.93336,0.93366
1748274303664.0,0.93334,0.93364
1748274303789.0,0.93336,0.93366
1748274392323.0,0.93338,0.93368
1748274400997.0,0.93336,0.93366
1748274424157.0,0.93337,0.93367
1748274435487.0,0.93335,0.93365
1748274470271.0,0.9334,0.9337
1748274476880.0,0.93342,0.93372
1748274490386.0,0.93344,0.93374
1748274507066.0,0.9334,0.9337
1748274523430.0,0.93338,0.93368
1748274570671.0,0.93344,0.93374
1748274589281.0,0.93346,0.93376
1748274601680.0,0.9335,0.9338
1748274608100.0,0.93348,0.93378
1748274646129.0,0.93354,0.93384
1748274653853.0,0.93352,0.93382
1748274691105.0,0.93354,0.93384
1748274691355.0,0.93356,0.93386
1748274706021.0,0.93358,0.93388
1748274715037.0,0.93357,0.93387
1748274724653.0,0.93359,0.93389
1748274729324.0,0.93357,0.93387
1748274750669.0,0.93359,0.93389
1748274778671.0,0.93361,0.93391
1748274801761.0,0.93363,0.93393
1748274822159.0,0.93367,0.93397
1748274896600.0,0.93365,0.93395
1748274917357.0,0.93367,0.93397
1748274923470.0,0.93369,0.93399
1748274935074.0,0.93371,0.93401
1748274958084.0,0.93373,0.93403
1748274959389.0,0.93376,0.93406
1748274980369.0,0.93374,0.93404
1748275003007.0,0.93372,0.93402
1748275003154.0,0.9337,0.934
1748275005558.0,0.93371,0.93401
1748275005808.0,0.9337,0.934
1748275014496.0,0.93372,0.93402
1748275014746.0,0.9337,0.934
1748275015466.0,0.93372,0.93402
1748275025428.0,0.93373,0.93403
1748275037446.0,0.93376,0.93406
1748275045339.0,0.93374,0.93404
1748275051429.0,0.93375,0.93405
1748275059281.0,0.93374,0.93404
1748275065668.0,0.93376,0.93406
1748275066745.0,0.93374,0.93404
1748275077147.0,0.93375,0.93405
1748275087868.0,0.93374,0.93404
1748275093598.0,0.93376,0.93406
1748275095376.0,0.93374,0.93404
1748275100846.0,0.93374,0.93404
1748275102137.0,0.93375,0.93405
1748275102712.0,0.93374,0.93404
1748275118481.0,0.93377,0.93407
1748275120106.0,0.93375,0.93405
1748275120232.0,0.93377,0.93407
1748275124089.0,0.93375,0.93405
1748275137210.0,0.93377,0.93407
1748275144061.0,0.93375,0.93405
1748275145237.0,0.93377,0.93407
1748275146485.0,0.93375,0.93405
1748275153078.0,0.93373,0.93403
1748275181088.0,0.93375,0.93405
1748275191821.0,0.93377,0.93407
1748275202696.0,0.93379,0.93409
1748275202947.0,0.93384,0.93414
1748275204858.0,0.93385,0.93415
1748275206195.0,0.93386,0.93416
1748275206445.0,0.93388,0.93418
1748275206564.0,0.9339,0.9342
1748275207255.0,0.93393,0.93423
1748275215536.0,0.93391,0.93421
1748275225713.0,0.93389,0.93419
1748275252834.0,0.93388,0.93418
1748275261923.0,0.9339,0.9342
1748275274882.0,0.93391,0.93421
1748275290678.0,0.93389,0.93419
1748275290783.0,0.93391,0.93421
1748275291878.0,0.93389,0.93419
1748275297124.0,0.93391,0.93421
1748275311636.0,0.93389,0.93419
1748275330390.0,0.93391,0.93421
1748275341360.0,0.93389,0.93419
1748275354038.0,0.93391,0.93421
1748275355848.0,0.93389,0.93419
1748275409493.0,0.93391,0.93421
1748275437311.0,0.93393,0.93423
1748275437437.0,0.93396,0.93426
1748275443764.0,0.93393,0.93423
1748275462578.0,0.93397,0.93427
1748275491511.0,0.93395,0.93425
1748275552311.0,0.93393,0.93423
1748275552560.0,0.93391,0.93421
1748275568478.0,0.93389,0.93419
1748275568586.0,0.93387,0.93417
1748275595746.0,0.93389,0.93419
1748275603255.0,0.93388,0.93418
1748275619929.0,0.93386,0.93416
1748275642710.0,0.93384,0.93414
1748275642834.0,0.93382,0.93412
1748275681935.0,0.93384,0.93414
1748275710273.0,0.93382,0.93412
1748275714091.0,0.9338,0.9341
1748275728721.0,0.93382,0.93412
1748275749886.0,0.9338,0.9341
1748275783084.0,0.93378,0.93408
1748275872424.0,0.9338,0.9341
1748275874726.0,0.93382,0.93412
1748275877606.0,0.93383,0.93413
1748275895861.0,0.93385,0.93415
1748275901515.0,0.93384,0.93414
1748275903652.0,0.93389,0.93419
1748275904537.0,0.93387,0.93417
1748275914859.0,0.93386,0.93416
1748275931809.0,0.93388,0.93418
1748275960586.0,0.93385,0.93415
1748275960711.0,0.93382,0.93412
1748275965441.0,0.93378,0.93408
1748276007078.0,0.9338,0.9341
1748276062074.0,0.93378,0.93408
1748276100589.0,0.93376,0.93406
1748276100839.0,0.93369,0.93399
1748276100968.0,0.93367,0.93397
1748276112191.0,0.93361,0.93391
1748276172832.0,0.93359,0.93389
1748276190309.0,0.93361,0.93391
1748276223490.0,0.93363,0.93393
1748276223628.0,0.93364,0.93394
1748276228404.0,0.93367,0.93397
1748276228524.0,0.93364,0.93394
1748276251068.0,0.93362,0.93392
1748276251319.0,0.93363,0.93393
1748276261810.0,0.93361,0.93391
1748276322789.0,0.93359,0.93389
1748276322914.0,0.93357,0.93387
1748276339584.0,0.93359,0.93389
1748276371569.0,0.93361,0.93391
1748276466369.0,0.93359,0.93389
1748276466495.0,0.93357,0.93387
1748276471535.0,0.93359,0.93389
1748276474436.0,0.93361,0.93391
1748276525929.0,0.93359,0.93389
1748276526051.0,0.93358,0.93388
1748276536454.0,0.93359,0.93389
1748276555954.0,0.93357,0.93387
1748276580567.0,0.93359,0.93389
1748276580815.0,0.93357,0.93387
1748276581281.0,0.93359,0.93389
1748276583206.0,0.93361,0.93391
1748276586072.0,0.93358,0.93388
1748276612346.0,0.93359,0.93389
1748276615035.0,0.93358,0.93388
1748276638818.0,0.93359,0.93389
1748276639108.0,0.93357,0.93387
1748276646100.0,0.93353,0.93383
1748276646984.0,0.93352,0.93382
1748276685154.0,0.93354,0.93384
1748276700312.0,0.93356,0.93386
1748276701611.0,0.93354,0.93384
1748276732976.0,0.93352,0.93382
1748276736027.0,0.9335,0.9338
1748276766835.0,0.93348,0.93378
1748276779657.0,0.93346,0.93376
1748276779780.0,0.93348,0.93378
1748276779906.0,0.93346,0.93376
1748276808819.0,0.93344,0.93374
1748276819283.0,0.93342,0.93372
1748276832139.0,0.93344,0.93374
1748276844048.0,0.93343,0.93373
1748276860700.0,0.93345,0.93375
1748276887213.0,0.93347,0.93377
1748276887339.0,0.9335,0.9338
1748276887464.0,0.93352,0.93382
1748276906181.0,0.93354,0.93384
1748276916080.0,0.93352,0.93382
1748276954504.0,0.9335,0.9338
1748276959934.0,0.93352,0.93382
1748276960059.0,0.93354,0.93384
1748276963266.0,0.93356,0.93386
1748276976575.0,0.93354,0.93384
1748276978101.0,0.93356,0.93386
1748276978224.0,0.93358,0.93388
1748276982219.0,0.9336,0.9339
1748277000092.0,0.93361,0.93391
1748277009510.0,0.93359,0.93389
1748277012382.0,0.93361,0.93391
1748277014112.0,0.93358,0.93388
1748277016101.0,0.93356,0.93386
1748277020837.0,0.93353,0.93383
1748277022256.0,0.93355,0.93385
1748277029056.0,0.93357,0.93387
1748277034353.0,0.93359,0.93389
1748277054024.0,0.93361,0.93391
1748277054148.0,0.93363,0.93393
1748277071392.0,0.93365,0.93395
1748277078352.0,0.93363,0.93393
1748277078474.0,0.93365,0.93395
1748277096445.0,0.93363,0.93393
1748277119671.0,0.93365,0.93395
1748277119799.0,0.93367,0.93397
1748277119920.0,0.93365,0.93395
1748277123283.0,0.93367,0.93397
1748277162480.0,0.93365,0.93395
1748277204772.0,0.93367,0.93397
1748277206780.0,0.93365,0.93395
1748277206898.0,0.93363,0.93393
1748277279800.0,0.93362,0.93392
1748277280857.0,0.93363,0.93393
1748277335855.0,0.93364,0.93394
1748277445859.0,0.93363,0.93393
1748277467479.0,0.93365,0.93395
1748277522480.0,0.93364,0.93394
1748277530950.0,0.93366,0.93396
1748277543168.0,0.93364,0.93394
1748277598166.0,0.93363,0.93393
1748277673041.0,0.93365,0.93395
1748277677351.0,0.93363,0.93393
1748277787355.0,0.93362,0.93392
1748277789961.0,0.9336,0.9339
1748277819394.0,0.93358,0.93388
1748277852275.0,0.9336,0.9339
1748277880195.0,0.93362,0.93392
1748277885888.0,0.9336,0.9339
1748277886390.0,0.93362,0.93392
1748277888015.0,0.9336,0.9339
1748277896067.0,0.93362,0.93392
1748277928453.0,0.9336,0.9339
1748277934290.0,0.93354,0.93384
1748277935886.0,0.93356,0.93386
1748277936938.0,0.93358,0.93388
1748277944231.0,0.93354,0.93384
1748277984522.0,0.93356,0.93386
1748277985101.0,0.93358,0.93388
1748277985353.0,0.93356,0.93386
1748278024357.0,0.93354,0.93384
1748278074470.0,0.93356,0.93386
1748278080136.0,0.93353,0.93383
1748278107375.0,0.93352,0.93382
1748278140855.0,0.93353,0.93383
1748278141905.0,0.93349,0.93379
1748278143863.0,0.93351,0.93381
1748278148153.0,0.93349,0.93379
1748278175276.0,0.93351,0.93381
1748278187292.0,0.93349,0.93379
1748278297168.0,0.9335,0.9338
1748278321238.0,0.93352,0.93382
1748278360598.0,0.9335,0.9338
1748278427084.0,0.93348,0.93378
1748278427208.0,0.93346,0.93376
1748278432391.0,0.93348,0.93378
1748278445474.0,0.9335,0.9338
1748278458087.0,0.93352,0.93382
1748278469470.0,0.93354,0.93384
1748278500307.0,0.93356,0.93386
1748278555309.0,0.93355,0.93385
1748278588297.0,0.93357,0.93387
1748278603220.0,0.93359,0.93389
1748278611679.0,0.93361,0.93391
1748278675636.0,0.93363,0.93393
1748278730514.0,0.93362,0.93392
1748278741095.0,0.9336,0.9339
1748278745550.0,0.93362,0.93392
1748278751222.0,0.9336,0.9339
1748278790537.0,0.93362,0.93392
1748278792565.0,0.93364,0.93394
1748278799131.0,0.93363,0.93393
1748278799769.0,0.93361,0.93391
1748278800083.0,0.93359,0.93389
1748278801960.0,0.93355,0.93385
1748278856894.0,0.93354,0.93384
1748278876845.0,0.93356,0.93386
1748278895746.0,0.93354,0.93384
1748278931619.0,0.93359,0.93389
1748278931746.0,0.9336,0.9339
1748279025170.0,0.93363,0.93393
1748279026728.0,0.93365,0.93395
1748279035745.0,0.93367,0.93397
1748279037950.0,0.93365,0.93395
1748279040468.0,0.93367,0.93397
1748279073323.0,0.93369,0.93399
1748279117642.0,0.93367,0.93397
1748279172642.0,0.93366,0.93396
1748279207681.0,0.93368,0.93398
1748279210817.0,0.9337,0.934
1748279212370.0,0.93368,0.93398
1748279221757.0,0.93366,0.93396
1748279276635.0,0.93367,0.93397
1748279322889.0,0.93365,0.93395
1748279377879.0,0.93366,0.93396
1748279418545.0,0.93367,0.93397
1748279462594.0,0.93365,0.93395
1748279477060.0,0.93367,0.93397
1748279489128.0,0.93369,0.93399
1748279501205.0,0.93367,0.93397
1748279511083.0,0.93369,0.93399
1748279514054.0,0.93371,0.93401
1748279523128.0,0.93373,0.93403
1748279633131.0,0.93374,0.93404
1748279709462.0,0.93386,0.93416
1748279754957.0,0.93384,0.93414
1748279760436.0,0.93382,0.93412
1748279763682.0,0.93384,0.93414
1748279764229.0,0.93382,0.93412
1748279769994.0,0.93384,0.93414
1748279770124.0,0.93386,0.93416
1748279781057.0,0.93385,0.93415
1748279831376.0,0.93383,0.93413
1748279835595.0,0.93381,0.93411
1748279844652.0,0.93383,0.93413
1748279862966.0,0.93385,0.93415
1748279863520.0,0.93387,0.93417
1748279863645.0,0.93398,0.93428
1748279864108.0,0.93396,0.93426
1748279880266.0,0.93398,0.93428
1748279889280.0,0.93394,0.93424
1748279890859.0,0.93396,0.93426
1748279903698.0,0.93394,0.93424
1748279931924.0,0.93392,0.93422
1748279937355.0,0.93391,0.93421
1748279942022.0,0.93389,0.93419
1748279944247.0,0.93391,0.93421
1748279944498.0,0.9339,0.9342
1748279958354.0,0.93389,0.93419
1748280013357.0,0.9339,0.9342
1748280022524.0,0.93387,0.93417
1748280062762.0,0.93389,0.93419
1748280135917.0,0.93391,0.93421
1748280252959.0,0.93392,0.93422
1748280253634.0,0.93394,0.93424
1748280273475.0,0.93392,0.93422
1748280284210.0,0.93391,0.93421
1748280284335.0,0.93389,0.93419
1748280294754.0,0.93387,0.93417
1748280294877.0,0.93385,0.93415
1748280373596.0,0.93387,0.93417
1748280407285.0,0.93389,0.93419
1748280572288.0,0.93388,0.93418
1748280611907.0,0.9339,0.9342
1748280636858.0,0.93386,0.93416
1748280644781.0,0.93384,0.93414
1748280732663.0,0.93385,0.93415
1748280745567.0,0.93384,0.93414
1748280759603.0,0.93386,0.93416
1748280761509.0,0.93384,0.93414
1748280871073.0,0.93386,0.93416
1748280908746.0,0.93382,0.93412
1748281010806.0,0.9338,0.9341
1748281011055.0,0.93376,0.93406
1748281066003.0,0.93375,0.93405
1748281107413.0,0.93373,0.93403
1748281107676.0,0.9337,0.934
1748281162674.0,0.93371,0.93401
1748281176591.0,0.93372,0.93402
1748281198574.0,0.93371,0.93401
1748281221944.0,0.93372,0.93402
1748281222069.0,0.93378,0.93408
1748281277012.0,0.93377,0.93407
1748281387586.0,0.93379,0.93409
1748281475487.0,0.9338,0.9341
1748281530363.0,0.93381,0.93411
1748281563721.0,0.93383,0.93413
1748281587225.0,0.93387,0.93417
1748281642132.0,0.93388,0.93418
1748281662040.0,0.93389,0.93419
1748281716921.0,0.9339,0.9342
1748281733368.0,0.93391,0.93421
1748281817458.0,0.93393,0.93423
1748281826974.0,0.93391,0.93421
1748281827972.0,0.93393,0.93423
1748281880450.0,0.93395,0.93425
1748281923783.0,0.93393,0.93423
1748282027625.0,0.93394,0.93424
1748282104288.0,0.93392,0.93422
1748282134089.0,0.93394,0.93424
1748282136701.0,0.93392,0.93422
1748282140839.0,0.93394,0.93424
1748282162179.0,0.93392,0.93422
1748282216369.0,0.9339,0.9342
1748282257602.0,0.93392,0.93422
1748282257728.0,0.93394,0.93424
1748282422606.0,0.93393,0.93423
1748282477605.0,0.93394,0.93424
1748282604077.0,0.93396,0.93426
1748282604202.0,0.93394,0.93424
1748282640247.0,0.93396,0.93426
1748282640498.0,0.93397,0.93427
1748282695371.0,0.93396,0.93426
1748282712209.0,0.93395,0.93425
1748282721196.0,0.93396,0.93426
1748282724966.0,0.93395,0.93425
1748282779852.0,0.93396,0.93426
1748282781533.0,0.93394,0.93424
1748282836535.0,0.93395,0.93425
1748282891537.0,0.93394,0.93424
1748283036890.0,0.93396,0.93426
1748283091847.0,0.93395,0.93425
1748283256850.0,0.93396,0.93426
1748283311852.0,0.93395,0.93425
1748283342250.0,0.93393,0.93423
1748283358662.0,0.93395,0.93425
1748283358910.0,0.93397,0.93427
1748283362528.0,0.93399,0.93429
1748283381360.0,0.934,0.9343
1748283408899.0,0.93402,0.93432
1748283449757.0,0.934,0.9343
1748283559112.0,0.93398,0.93428
1748283614114.0,0.934,0.9343
1748283622745.0,0.93398,0.93428
1748283662183.0,0.934,0.9343
1748283717064.0,0.93401,0.93431
1748283745205.0,0.93399,0.93429
1748283745995.0,0.93401,0.93431
1748283756213.0,0.93399,0.93429
1748283779788.0,0.93401,0.93431
1748283783521.0,0.93402,0.93432
1748283783643.0,0.93405,0.93435
1748283808373.0,0.93403,0.93433
1748283863368.0,0.93402,0.93432
1748283891861.0,0.93404,0.93434
1748283895730.0,0.93402,0.93432
1748283932286.0,0.93405,0.93435
1748283987187.0,0.93404,0.93434
1748284010451.0,0.93412,0.93442
1748284010577.0,0.9341,0.9344
1748284030043.0,0.93414,0.93444
1748284048129.0,0.93412,0.93442
1748284103128.0,0.93413,0.93443
1748284158130.0,0.93414,0.93444
1748284268132.0,0.93413,0.93443
1748284306125.0,0.93411,0.93441
1748284361127.0,0.93412,0.93442
1748284387200.0,0.93408,0.93438
1748284418103.0,0.9341,0.9344
1748284418228.0,0.93412,0.93442
1748284473192.0,0.93413,0.93443
1748284583191.0,0.93414,0.93444
1748284594523.0,0.93416,0.93446
1748284594645.0,0.93417,0.93447
1748284606739.0,0.93414,0.93444
1748284661657.0,0.93415,0.93445
1748284716658.0,0.93414,0.93444
1748284881661.0,0.93413,0.93443
1748284882406.0,0.93409,0.93439
1748285047385.0,0.93411,0.93441
1748285051156.0,0.93409,0.93439
1748285106046.0,0.93408,0.93438
1748285216049.0,0.93409,0.93439
None,,
None,,
1748285381053.0,0.93409,0.93439
None,,
None,,
1748285619851.0,0.93406,0.93436
1748285664722.0,0.93407,0.93437
1748285829667.0,0.93405,0.93435
1748285857408.0,0.93404,0.93434
1748285858537.0,0.93402,0.93432
1748285913508.0,0.93403,0.93433
1748285958206.0,0.93401,0.93431
1748285967370.0,0.93399,0.93429
1748285970861.0,0.934,0.9343
1748285970979.0,0.93402,0.93432
1748285985742.0,0.93401,0.93431
1748285988293.0,0.93399,0.93429
1748286000198.0,0.93401,0.93431
1748286023971.0,0.93403,0.93433
1748286027708.0,0.93405,0.93435
1748286082780.0,0.93404,0.93434
1748286192709.0,0.93405,0.93435
1748286206069.0,0.93407,0.93437
1748286211888.0,0.93405,0.93435
1748286261402.0,0.93403,0.93433
1748286426430.0,0.93402,0.93432
1748286495725.0,0.934,0.9343
1748286495847.0,0.93398,0.93428
1748286550735.0,0.93397,0.93427
1748286605735.0,0.93398,0.93428
1748286642075.0,0.934,0.9343
1748286696957.0,0.93401,0.93431
1748286751958.0,0.934,0.9343
1748286757473.0,0.93398,0.93428
1748286812351.0,0.93397,0.93427
1748286839394.0,0.934,0.9343
1748286852618.0,0.93401,0.93431
1748286852866.0,0.93403,0.93433
1748287017803.0,0.93402,0.93432
1748287127805.0,0.93403,0.93433
1748287237809.0,0.93404,0.93434
1748287299515.0,0.93406,0.93436
1748287316042.0,0.93408,0.93438
1748287365766.0,0.93406,0.93436
1748287420747.0,0.93405,0.93435
1748287516529.0,0.93407,0.93437
1748287520898.0,0.93409,0.93439
1748287521023.0,0.93411,0.93441
1748287575937.0,0.9341,0.9344
1748287685941.0,0.93411,0.93441
1748287688841.0,0.93412,0.93442
1748287743721.0,0.93413,0.93443
1748287774443.0,0.93415,0.93445
1748287817586.0,0.93411,0.93447
1748287872588.0,0.93409,
1748287940326.0,0.93411,0.93449
1748287995222.0,0.93414,0.93452
1748288160324.0,0.93412,0.9345
1748288215225.0,0.93414,0.93452
1748288263043.0,0.93417,0.93455
1748288263625.0,0.93419,0.93457
1748288327365.0,0.93417,0.93455
1748288382370.0,0.93414,0.93452
None,,
None,,
1748288916502.0,0.93416,0.93454
1748288971502.0,0.93419,0.93456
1748289204847.0,0.93416,0.93454
1748289259838.0,0.93419,0.93456
1748289424844.0,0.9342,0.93458
1748289534845.0,0.93419,0.93457
1748289590875.0,0.93422,0.9346
1748289645877.0,0.93421,0.93459
1748289647188.0,0.93425,0.93463
1748289702191.0,0.93426,0.93464
1748289812192.0,0.93428,0.93466
1748289977193.0,0.93429,
None,,
None,,
None,,
None,,
1748290582207.0,,0.93467
1748290637209.0,,0.93466
1748290692210.0,0.93426,0.93464
1748290740472.0,0.93424,0.93462
1748290773817.0,0.93426,0.93464
1748290773942.0,0.93424,0.93462
1748290801261.0,0.93421,0.93459
1748290801385.0,0.93416,0.93454
1748290815729.0,0.9342,0.93458
1748290980733.0,0.93419,0.93457
1748291090734.0,,0.93456
None,,
None,,
1748291285247.0,0.93421,0.93459
