1748267998327.0,162.566,162.581
1748268000208.0,162.567,162.582
1748268000336.0,162.568,162.583
1748268000848.0,162.568,162.583
1748268000967.0,162.567,162.582
1748268001217.0,162.57,162.585
1748268001467.0,162.571,162.586
1748268001602.0,162.57,162.585
1748268002026.0,162.569,162.584
1748268002398.0,162.566,162.581
1748268002952.0,162.567,162.582
1748268003078.0,162.568,162.583
1748268003594.0,162.567,162.582
1748268004135.0,162.568,162.583
1748268004386.0,162.569,162.584
1748268004763.0,162.57,162.585
1748268005283.0,162.569,162.584
1748268005657.0,162.57,162.585
1748268005784.0,162.569,162.584
1748268010295.0,162.568,162.583
1748268011494.0,162.569,162.584
1748268012546.0,162.568,162.583
1748268012798.0,162.566,162.581
1748268013047.0,162.567,162.582
1748268015595.0,162.566,162.581
1748268015720.0,162.567,162.582
1748268019060.0,162.568,162.583
1748268020229.0,162.567,162.582
1748268020351.0,162.566,162.581
1748268021971.0,162.567,162.582
1748268023454.0,162.565,162.58
1748268023579.0,162.567,162.582
1748268023704.0,162.566,162.581
1748268024337.0,162.565,162.58
1748268025404.0,162.566,162.581
1748268025523.0,162.569,162.584
1748268026850.0,162.568,162.583
1748268026977.0,162.567,162.582
1748268027538.0,162.568,162.583
1748268028697.0,162.569,162.584
1748268028814.0,162.567,162.582
1748268033484.0,162.566,162.581
1748268033936.0,162.563,162.578
1748268034060.0,162.566,162.581
1748268038567.0,162.565,162.58
1748268041484.0,162.56,162.575
1748268041608.0,162.559,162.574
1748268041734.0,162.56,162.575
1748268042181.0,162.561,162.576
1748268042293.0,162.562,162.577
1748268042660.0,162.561,162.576
1748268043303.0,162.56,162.575
1748268043429.0,162.561,162.576
1748268043782.0,162.56,162.575
1748268044032.0,162.559,162.574
1748268044798.0,162.56,162.575
1748268044922.0,162.562,162.577
1748268045048.0,162.563,162.578
1748268046096.0,162.562,162.577
1748268046345.0,162.563,162.578
1748268046703.0,162.562,162.577
1748268046827.0,162.563,162.578
1748268047224.0,162.562,162.577
1748268050426.0,162.556,162.571
1748268051120.0,162.557,162.572
1748268053364.0,162.556,162.571
1748268055567.0,162.555,162.57
1748268056297.0,162.559,162.574
1748268056645.0,162.56,162.575
1748268058901.0,162.561,162.576
1748268059022.0,162.562,162.577
1748268059539.0,162.563,162.578
1748268059789.0,162.564,162.579
1748268061135.0,162.557,162.572
1748268061384.0,162.558,162.573
1748268063405.0,162.559,162.574
1748268063528.0,162.562,162.577
1748268063773.0,162.563,162.578
1748268066706.0,162.564,162.579
1748268066956.0,162.563,162.578
1748268069253.0,162.564,162.579
1748268069791.0,162.563,162.578
1748268071059.0,162.562,162.577
1748268071309.0,162.568,162.583
1748268075297.0,162.567,162.582
1748268075417.0,162.566,162.581
1748268076715.0,162.568,162.583
1748268077230.0,162.567,162.582
1748268077356.0,162.565,162.58
1748268078828.0,162.566,162.581
1748268079091.0,162.567,162.582
1748268079339.0,162.569,162.584
1748268079751.0,162.57,162.585
1748268080303.0,162.569,162.584
1748268080553.0,162.568,162.583
1748268080670.0,162.567,162.582
1748268080877.0,162.568,162.583
1748268082502.0,162.567,162.582
1748268084000.0,162.568,162.583
1748268084126.0,162.567,162.582
1748268086188.0,162.565,162.58
1748268086441.0,162.565,162.58
1748268088438.0,162.564,162.579
1748268089192.0,162.563,162.578
1748268089440.0,162.564,162.579
1748268089566.0,162.565,162.58
1748268089813.0,162.566,162.581
1748268091090.0,162.565,162.58
1748268091215.0,162.564,162.579
1748268091464.0,162.556,162.571
1748268091591.0,162.555,162.57
1748268091715.0,162.557,162.572
1748268091965.0,162.558,162.573
1748268092215.0,162.556,162.571
1748268092346.0,162.558,162.573
1748268092980.0,162.556,162.571
1748268095848.0,162.558,162.573
1748268098531.0,162.559,162.574
1748268098656.0,162.558,162.573
1748268100699.0,162.557,162.572
1748268103642.0,162.558,162.573
1748268104063.0,162.56,162.575
1748268104897.0,162.558,162.573
1748268106419.0,162.559,162.574
1748268106550.0,162.558,162.573
1748268109122.0,162.563,162.578
1748268112565.0,162.562,162.577
1748268112688.0,162.561,162.576
1748268113073.0,162.562,162.577
1748268113639.0,162.561,162.576
1748268115786.0,162.56,162.575
1748268119468.0,162.561,162.576
1748268130065.0,162.56,162.575
1748268131097.0,162.559,162.574
1748268131347.0,162.561,162.576
1748268132590.0,162.562,162.577
1748268133606.0,162.561,162.576
1748268137047.0,162.562,162.577
1748268137298.0,162.567,162.582
1748268137422.0,162.565,162.58
1748268138037.0,162.563,162.578
1748268140487.0,162.565,162.58
1748268140613.0,162.564,162.579
1748268141469.0,162.563,162.578
1748268145538.0,162.562,162.577
1748268150455.0,162.56,162.575
1748268150705.0,162.561,162.576
1748268150952.0,162.559,162.574
1748268151078.0,162.561,162.576
1748268153003.0,162.554,162.569
1748268153254.0,162.553,162.568
1748268153384.0,162.554,162.569
1748268159996.0,162.553,162.568
1748268160820.0,162.563,162.578
1748268167806.0,162.562,162.577
1748268170049.0,162.563,162.578
1748268170299.0,162.561,162.576
1748268171294.0,162.562,162.577
1748268173027.0,162.561,162.576
1748268174189.0,162.56,162.575
1748268177393.0,162.562,162.577
1748268178144.0,162.564,162.579
1748268181758.0,162.565,162.58
1748268189777.0,162.566,162.581
1748268190027.0,162.565,162.58
1748268190921.0,162.563,162.578
1748268192876.0,162.565,162.58
1748268193123.0,162.563,162.578
1748268194001.0,162.564,162.579
1748268195107.0,162.566,162.581
1748268195746.0,162.565,162.58
1748268196872.0,162.572,162.587
1748268197537.0,162.571,162.586
1748268197661.0,162.57,162.585
1748268198093.0,162.571,162.586
1748268198218.0,162.577,162.592
1748268199954.0,162.578,162.593
1748268200207.0,162.577,162.592
1748268204143.0,162.576,162.591
1748268204514.0,162.576,162.591
1748268205049.0,162.577,162.592
1748268205164.0,162.576,162.591
1748268205415.0,162.577,162.592
1748268206846.0,162.579,162.594
1748268206967.0,162.577,162.592
1748268208399.0,162.578,162.593
1748268208860.0,162.577,162.592
1748268208994.0,162.573,162.588
1748268209109.0,162.571,162.586
1748268209359.0,162.57,162.585
1748268214221.0,162.571,162.586
1748268216156.0,162.568,162.583
1748268216779.0,162.567,162.582
1748268217164.0,162.566,162.581
1748268217731.0,162.564,162.579
1748268217855.0,162.563,162.578
1748268217981.0,162.561,162.576
1748268221503.0,162.558,162.573
1748268221635.0,162.561,162.576
1748268221752.0,162.559,162.574
1748268222366.0,162.558,162.573
1748268224754.0,162.557,162.572
1748268226842.0,162.556,162.571
1748268227700.0,162.557,162.572
1748268235025.0,162.556,162.571
1748268236045.0,162.557,162.572
1748268237318.0,162.558,162.573
1748268237945.0,162.557,162.572
1748268240449.0,162.556,162.571
1748268243145.0,162.557,162.572
1748268243269.0,162.563,162.578
1748268243395.0,162.56,162.575
1748268244052.0,162.561,162.576
1748268245281.0,162.564,162.579
1748268248673.0,162.563,162.578
1748268249154.0,162.564,162.579
1748268251254.0,162.563,162.578
1748268251793.0,162.566,162.581
1748268252575.0,162.565,162.58
1748268253233.0,162.566,162.581
1748268253825.0,162.565,162.58
1748268255427.0,162.566,162.581
1748268258908.0,162.565,162.58
1748268259038.0,162.567,162.582
1748268260493.0,162.566,162.581
1748268261112.0,162.567,162.582
1748268262176.0,162.566,162.581
1748268266101.0,162.566,162.581
1748268268092.0,162.56,162.575
1748268268848.0,162.561,162.576
1748268270098.0,162.56,162.575
1748268271603.0,162.558,162.573
1748268271729.0,162.56,162.575
1748268272504.0,162.559,162.574
1748268273450.0,162.558,162.573
1748268276140.0,162.556,162.571
1748268276262.0,162.555,162.57
1748268276640.0,162.556,162.571
1748268278080.0,162.555,162.57
1748268278331.0,162.556,162.571
1748268278596.0,162.557,162.572
1748268282866.0,162.559,162.574
1748268284711.0,162.558,162.573
1748268284833.0,162.559,162.574
1748268289084.0,162.558,162.573
1748268290582.0,162.559,162.574
1748268293402.0,162.558,162.573
1748268293522.0,162.555,162.57
1748268300714.0,162.552,162.567
1748268300835.0,162.551,162.566
1748268300961.0,162.552,162.567
1748268304163.0,162.551,162.566
1748268304445.0,162.552,162.567
1748268304810.0,162.551,162.566
1748268304936.0,162.552,162.567
1748268305439.0,162.551,162.566
1748268305565.0,162.55,162.565
1748268305814.0,162.551,162.566
1748268306699.0,162.549,162.564
1748268307362.0,162.548,162.563
1748268307735.0,162.546,162.561
1748268311752.0,162.545,162.56
1748268311874.0,162.543,162.558
1748268312124.0,162.544,162.559
1748268313756.0,162.54,162.555
1748268315131.0,162.541,162.556
1748268317814.0,162.543,162.558
1748268318365.0,162.544,162.559
1748268320294.0,162.542,162.557
1748268320688.0,162.543,162.558
1748268321248.0,162.542,162.557
1748268321374.0,162.539,162.554
1748268321500.0,162.538,162.553
1748268321625.0,162.535,162.55
1748268322095.0,162.536,162.551
1748268322656.0,162.537,162.552
1748268323711.0,162.538,162.553
1748268324445.0,162.537,162.552
1748268325581.0,162.535,162.55
1748268326947.0,162.537,162.552
1748268328958.0,162.536,162.551
1748268329083.0,162.535,162.55
1748268331807.0,162.534,162.549
1748268337456.0,162.533,162.548
1748268337581.0,162.532,162.547
1748268342140.0,162.533,162.548
1748268346803.0,162.531,162.546
1748268349285.0,162.532,162.547
1748268349536.0,162.533,162.548
1748268350756.0,162.534,162.549
1748268353496.0,162.535,162.55
1748268355132.0,162.533,162.548
1748268355255.0,162.532,162.547
1748268355505.0,162.531,162.546
1748268355630.0,162.529,162.544
1748268355754.0,162.53,162.545
1748268359085.0,162.528,162.543
1748268359207.0,162.529,162.544
1748268363109.0,162.528,162.543
1748268363359.0,162.529,162.544
1748268364755.0,162.53,162.545
1748268367172.0,162.529,162.544
1748268377048.0,162.528,162.543
1748268379514.0,162.529,162.544
1748268385414.0,162.527,162.542
1748268385797.0,162.526,162.541
1748268386749.0,162.521,162.536
1748268386886.0,162.519,162.534
1748268389621.0,162.518,162.533
1748268390233.0,162.517,162.532
1748268395649.0,162.516,162.531
1748268396150.0,162.511,162.526
1748268396892.0,162.51,162.525
1748268398418.0,162.511,162.526
1748268398568.0,162.512,162.527
1748268398665.0,162.514,162.529
1748268400504.0,162.516,162.531
1748268400753.0,162.515,162.53
1748268401679.0,162.516,162.531
1748268403383.0,162.517,162.532
1748268404369.0,162.516,162.531
1748268405404.0,162.515,162.53
1748268408395.0,162.516,162.531
1748268408520.0,162.515,162.53
1748268410155.0,162.516,162.531
1748268410279.0,162.515,162.53
1748268410531.0,162.514,162.529
1748268410914.0,162.513,162.528
1748268413550.0,162.51,162.525
1748268414466.0,162.512,162.527
1748268414579.0,162.513,162.528
1748268415550.0,162.512,162.527
1748268416137.0,162.509,162.524
1748268416388.0,162.508,162.523
1748268416518.0,162.509,162.524
1748268420347.0,162.507,162.522
1748268420473.0,162.506,162.521
1748268420597.0,162.507,162.522
1748268420722.0,162.509,162.524
1748268420972.0,162.507,162.522
1748268421471.0,162.506,162.521
1748268422143.0,162.505,162.52
1748268423793.0,162.504,162.519
1748268425463.0,162.505,162.52
1748268425588.0,162.506,162.521
1748268426888.0,162.508,162.523
1748268427873.0,162.507,162.522
1748268428551.0,162.508,162.523
1748268428801.0,162.505,162.52
1748268430991.0,162.504,162.519
1748268432902.0,162.505,162.52
1748268438150.0,162.504,162.519
1748268440416.0,162.503,162.518
1748268440533.0,162.501,162.516
1748268447395.0,162.503,162.518
1748268447989.0,162.504,162.519
1748268451452.0,162.505,162.52
1748268451699.0,162.505,162.52
1748268455727.0,162.506,162.521
1748268456219.0,162.505,162.52
1748268456964.0,162.506,162.521
1748268457083.0,162.507,162.522
1748268460366.0,162.506,162.521
1748268461022.0,162.507,162.522
1748268462542.0,162.508,162.523
1748268462670.0,162.509,162.524
1748268462795.0,162.507,162.522
1748268465037.0,162.505,162.52
1748268465161.0,162.507,162.522
1748268467877.0,162.505,162.52
1748268472913.0,162.507,162.522
1748268473040.0,162.508,162.523
1748268473168.0,162.506,162.521
1748268473290.0,162.507,162.522
1748268474614.0,162.508,162.523
1748268476160.0,162.507,162.522
1748268476702.0,162.506,162.521
1748268476951.0,162.506,162.521
1748268478756.0,162.505,162.52
1748268480450.0,162.506,162.521
1748268489321.0,162.505,162.52
1748268491744.0,162.506,162.521
1748268492865.0,162.505,162.52
1748268493290.0,162.504,162.519
1748268494054.0,162.503,162.518
1748268494397.0,162.504,162.519
1748268494846.0,162.503,162.518
1748268494972.0,162.504,162.519
1748268496812.0,162.503,162.518
1748268500550.0,162.504,162.519
1748268501445.0,162.503,162.518
1748268504674.0,162.504,162.519
1748268504797.0,162.505,162.52
1748268505548.0,162.504,162.519
1748268505814.0,162.505,162.52
1748268508547.0,162.504,162.519
1748268510110.0,162.501,162.516
1748268510260.0,162.504,162.519
1748268511457.0,162.505,162.52
1748268511707.0,162.511,162.526
1748268514118.0,162.507,162.522
1748268514651.0,162.508,162.523
1748268515026.0,162.509,162.524
1748268515400.0,162.505,162.52
1748268516091.0,162.507,162.522
1748268518067.0,162.508,162.523
1748268519446.0,162.507,162.522
1748268523353.0,162.508,162.523
1748268526375.0,162.505,162.52
1748268527028.0,162.503,162.518
1748268527276.0,162.504,162.519
1748268534118.0,162.506,162.521
1748268534618.0,162.505,162.52
1748268536218.0,162.502,162.517
1748268537745.0,162.501,162.516
1748268538935.0,162.502,162.517
1748268552052.0,162.503,162.518
1748268552177.0,162.507,162.522
1748268553389.0,162.505,162.52
1748268553982.0,162.507,162.522
1748268554932.0,162.509,162.524
1748268555057.0,162.513,162.528
1748268556663.0,162.512,162.527
1748268556793.0,162.511,162.526
1748268557163.0,162.511,162.526
1748268557546.0,162.512,162.527
1748268559960.0,162.514,162.529
1748268560707.0,162.513,162.528
1748268560833.0,162.514,162.529
1748268562399.0,162.513,162.528
1748268563925.0,162.513,162.528
1748268564819.0,162.512,162.527
1748268565992.0,162.511,162.526
1748268566619.0,162.513,162.528
1748268567804.0,162.514,162.529
1748268568275.0,162.514,162.529
1748268568872.0,162.513,162.528
1748268569243.0,162.513,162.528
1748268569703.0,162.512,162.527
1748268570201.0,162.508,162.523
1748268571523.0,162.511,162.526
1748268572254.0,162.509,162.524
1748268579284.0,162.511,162.526
1748268582982.0,162.51,162.525
1748268583105.0,162.509,162.524
1748268584974.0,162.51,162.525
1748268589593.0,162.509,162.524
1748268589731.0,162.51,162.525
1748268589843.0,162.509,162.524
1748268593692.0,162.51,162.525
1748268593817.0,162.509,162.524
1748268596964.0,162.51,162.525
1748268597965.0,162.511,162.526
1748268598547.0,162.509,162.524
1748268598670.0,162.508,162.523
1748268598800.0,162.509,162.524
1748268601403.0,162.51,162.525
1748268601651.0,162.509,162.524
1748268605371.0,162.507,162.522
1748268606390.0,162.508,162.523
1748268609069.0,162.509,162.524
1748268616494.0,162.508,162.523
1748268617226.0,162.509,162.524
1748268620467.0,162.508,162.523
1748268620592.0,162.509,162.524
1748268622579.0,162.51,162.525
1748268623867.0,162.511,162.526
1748268623992.0,162.515,162.53
1748268625571.0,162.514,162.529
1748268629691.0,162.515,162.53
1748268630065.0,162.52,162.535
1748268630709.0,162.518,162.533
1748268630833.0,162.52,162.535
1748268631385.0,162.521,162.536
1748268635408.0,162.52,162.535
1748268635531.0,162.519,162.534
1748268636802.0,162.518,162.533
1748268638357.0,162.519,162.534
1748268638482.0,162.517,162.532
1748268639174.0,162.516,162.531
1748268643112.0,162.517,162.532
1748268647765.0,162.52,162.535
1748268648215.0,162.519,162.534
1748268648735.0,162.52,162.535
1748268650173.0,162.519,162.534
1748268651408.0,162.521,162.536
1748268651532.0,162.52,162.535
1748268651796.0,162.521,162.536
1748268654512.0,162.522,162.537
1748268655283.0,162.523,162.538
1748268656195.0,162.524,162.539
1748268659281.0,162.525,162.54
1748268659755.0,162.524,162.539
1748268660123.0,162.525,162.54
1748268663878.0,162.524,162.539
1748268663985.0,162.523,162.538
1748268664732.0,162.519,162.534
1748268676270.0,162.52,162.535
1748268676520.0,162.521,162.536
1748268686495.0,162.519,162.534
1748268691454.0,162.521,162.536
1748268692356.0,162.522,162.537
1748268694008.0,162.521,162.536
1748268694381.0,162.514,162.529
1748268694806.0,162.515,162.53
1748268696663.0,162.517,162.532
1748268697045.0,162.516,162.531
1748268698109.0,162.517,162.532
1748268700928.0,162.519,162.534
1748268701174.0,162.518,162.533
1748268705667.0,162.519,162.534
1748268706336.0,162.518,162.533
1748268708044.0,162.519,162.534
1748268708170.0,162.518,162.533
1748268708425.0,162.517,162.532
1748268712182.0,162.518,162.533
1748268713890.0,162.519,162.534
1748268715989.0,162.518,162.533
1748268716893.0,162.517,162.532
1748268718610.0,162.516,162.531
1748268718735.0,162.515,162.53
1748268718860.0,162.516,162.531
1748268722381.0,162.521,162.536
1748268725286.0,162.52,162.535
1748268725406.0,162.521,162.536
1748268725869.0,162.52,162.535
1748268726789.0,162.521,162.536
1748268731582.0,162.52,162.535
1748268731707.0,162.518,162.533
1748268733279.0,162.517,162.532
1748268733555.0,162.518,162.533
1748268736038.0,162.517,162.532
1748268742405.0,162.521,162.536
1748268746416.0,162.522,162.537
1748268746928.0,162.521,162.536
1748268747050.0,162.522,162.537
1748268751392.0,162.521,162.536
1748268751931.0,162.525,162.54
1748268754711.0,162.521,162.536
1748268754839.0,162.522,162.537
1748268755336.0,162.523,162.538
1748268756864.0,162.524,162.539
1748268756989.0,162.526,162.541
1748268759431.0,162.523,162.538
1748268759682.0,162.522,162.537
1748268759933.0,162.525,162.54
1748268763009.0,162.526,162.541
1748268763855.0,162.525,162.54
1748268769101.0,162.524,162.539
1748268771279.0,162.525,162.54
1748268776536.0,162.526,162.541
1748268776661.0,162.528,162.543
1748268780136.0,162.527,162.542
1748268780885.0,162.528,162.543
1748268781519.0,162.527,162.542
1748268782115.0,162.528,162.543
1748268786873.0,162.527,162.542
1748268792839.0,162.524,162.539
1748268792963.0,162.523,162.538
1748268794636.0,162.522,162.537
1748268794762.0,162.524,162.539
1748268795134.0,162.527,162.542
1748268795426.0,162.525,162.54
1748268798337.0,162.524,162.539
1748268798586.0,162.525,162.54
1748268799441.0,162.524,162.539
1748268800198.0,162.523,162.538
1748268803907.0,162.524,162.539
1748268804157.0,162.525,162.54
1748268804285.0,162.53,162.545
1748268804406.0,162.529,162.544
1748268804655.0,162.528,162.543
1748268805283.0,162.527,162.542
1748268806224.0,162.528,162.543
1748268810369.0,162.527,162.542
1748268813599.0,162.528,162.543
1748268813724.0,162.534,162.549
1748268813848.0,162.535,162.55
1748268818805.0,162.534,162.549
1748268819528.0,162.533,162.548
1748268825105.0,162.534,162.549
1748268825228.0,162.533,162.548
1748268825604.0,162.534,162.549
1748268827418.0,162.535,162.55
1748268828546.0,162.539,162.554
1748268828686.0,162.537,162.552
1748268828795.0,162.536,162.551
1748268829417.0,162.537,162.552
1748268834027.0,162.538,162.553
1748268834158.0,162.54,162.555
1748268834402.0,162.543,162.558
1748268834653.0,162.541,162.556
1748268837351.0,162.54,162.555
1748268841302.0,162.541,162.556
1748268841660.0,162.54,162.555
1748268841910.0,162.541,162.556
1748268842793.0,162.54,162.555
1748268843908.0,162.541,162.556
1748268844014.0,162.54,162.555
1748268844155.0,162.541,162.556
1748268844775.0,162.538,162.553
1748268845323.0,162.539,162.554
1748268845448.0,162.538,162.553
1748268847300.0,162.539,162.554
1748268847418.0,162.541,162.556
1748268849941.0,162.538,162.553
1748268855517.0,162.541,162.556
1748268856063.0,162.54,162.555
1748268857102.0,162.541,162.556
1748268858939.0,162.54,162.555
1748268862478.0,162.539,162.554
1748268876889.0,162.541,162.556
1748268877421.0,162.542,162.557
1748268878064.0,162.543,162.558
1748268878194.0,162.544,162.559
1748268881231.0,162.545,162.56
1748268881352.0,162.543,162.558
1748268881638.0,162.544,162.559
1748268881762.0,162.55,162.565
1748268882138.0,162.552,162.567
1748268882386.0,162.553,162.568
1748268883110.0,162.552,162.567
1748268883818.0,162.553,162.568
1748268884357.0,162.552,162.567
1748268886216.0,162.553,162.568
1748268887652.0,162.554,162.569
1748268888394.0,162.553,162.568
1748268890545.0,162.552,162.567
1748268891708.0,162.55,162.565
1748268892235.0,162.549,162.564
1748268892731.0,162.549,162.564
1748268895132.0,162.55,162.565
1748268896354.0,162.549,162.564
1748268898629.0,162.55,162.565
1748268899122.0,162.551,162.566
1748268901809.0,162.552,162.567
1748268903687.0,162.55,162.565
1748268903812.0,162.547,162.562
1748268911073.0,162.549,162.564
1748268912191.0,162.547,162.562
1748268912646.0,162.549,162.564
1748268912770.0,162.55,162.565
1748268912895.0,162.551,162.566
1748268913706.0,162.55,162.565
1748268923703.0,162.549,162.564
1748268923951.0,162.547,162.562
1748268924452.0,162.552,162.567
1748268933918.0,162.553,162.568
1748268940459.0,162.555,162.57
1748268945648.0,162.556,162.571
1748268951998.0,162.553,162.568
1748268952122.0,162.555,162.57
1748268952372.0,162.558,162.573
1748268956270.0,162.559,162.574
1748268956391.0,162.56,162.575
1748268956770.0,162.559,162.574
1748268957995.0,162.554,162.569
1748268958245.0,162.555,162.57
1748268959046.0,162.553,162.568
1748268959168.0,162.554,162.569
1748268961035.0,162.555,162.57
1748268961893.0,162.556,162.571
1748268962009.0,162.559,162.574
1748268970425.0,162.56,162.575
1748268974505.0,162.559,162.574
1748268974943.0,162.56,162.575
1748268976138.0,162.563,162.578
1748268976389.0,162.563,162.578
1748268976873.0,162.561,162.576
1748268977123.0,162.561,162.576
1748268979561.0,162.562,162.577
1748268982815.0,162.562,162.577
1748268983068.0,162.565,162.58
1748268985136.0,162.56,162.575
1748268985260.0,162.561,162.576
1748268988587.0,162.563,162.578
1748268991157.0,162.564,162.579
1748268991284.0,162.566,162.581
1748268992607.0,162.565,162.58
1748268992857.0,162.567,162.582
1748268995091.0,162.568,162.583
1748268996485.0,162.569,162.584
1748268996609.0,162.568,162.583
1748268998460.0,162.569,162.584
1748268999377.0,162.568,162.583
1748269004017.0,162.569,162.584
1748269004847.0,162.57,162.585
1748269005092.0,162.569,162.584
1748269006812.0,162.571,162.586
1748269007685.0,162.572,162.587
1748269007821.0,162.573,162.588
1748269010586.0,162.572,162.587
1748269011587.0,162.571,162.586
1748269011711.0,162.57,162.585
1748269011838.0,162.571,162.586
1748269012932.0,162.568,162.583
1748269013597.0,162.569,162.584
1748269018205.0,162.571,162.586
1748269018727.0,162.57,162.585
1748269018977.0,162.568,162.583
1748269019477.0,162.572,162.587
1748269019603.0,162.573,162.588
1748269019855.0,162.572,162.587
1748269020213.0,162.573,162.588
1748269022583.0,162.572,162.587
1748269023916.0,162.571,162.586
1748269026098.0,162.573,162.588
1748269026688.0,162.575,162.59
1748269029598.0,162.574,162.589
1748269033748.0,162.57,162.585
1748269035564.0,162.571,162.586
1748269035940.0,162.572,162.587
1748269036750.0,162.572,162.587
1748269039075.0,162.573,162.588
1748269039197.0,162.571,162.586
1748269039448.0,162.572,162.587
1748269039699.0,162.574,162.589
1748269039997.0,162.573,162.588
1748269040989.0,162.574,162.589
1748269044939.0,162.573,162.588
1748269045065.0,162.572,162.587
1748269045189.0,162.571,162.586
1748269052570.0,162.57,162.585
1748269056953.0,162.571,162.586
1748269061960.0,162.57,162.585
1748269062517.0,162.565,162.58
1748269062604.0,162.563,162.578
1748269062859.0,162.565,162.58
1748269064885.0,162.564,162.579
1748269065342.0,162.565,162.58
1748269071077.0,162.566,162.581
1748269071199.0,162.567,162.582
1748269075435.0,162.568,162.583
1748269075543.0,162.567,162.582
1748269075929.0,162.569,162.584
1748269076176.0,162.564,162.579
1748269076292.0,162.566,162.581
1748269076544.0,162.565,162.58
1748269080149.0,162.567,162.582
1748269081771.0,162.566,162.581
1748269082021.0,162.568,162.583
1748269082895.0,162.567,162.582
1748269089482.0,162.563,162.578
1748269089856.0,162.562,162.577
1748269096674.0,162.561,162.576
1748269096949.0,162.562,162.577
1748269109956.0,162.564,162.579
1748269111422.0,162.563,162.578
1748269111671.0,162.564,162.579
1748269118164.0,162.565,162.58
1748269118279.0,162.566,162.581
1748269120249.0,162.569,162.584
1748269124120.0,162.571,162.586
1748269124554.0,162.57,162.585
1748269125448.0,162.569,162.584
1748269125571.0,162.567,162.582
1748269126812.0,162.565,162.58
1748269126935.0,162.568,162.583
1748269127503.0,162.569,162.584
1748269127753.0,162.57,162.585
1748269129586.0,162.569,162.584
1748269129710.0,162.57,162.585
1748269133835.0,162.571,162.586
1748269136962.0,162.57,162.585
1748269137470.0,162.567,162.582
1748269137593.0,162.571,162.586
1748269139759.0,162.572,162.587
1748269140936.0,162.574,162.589
1748269141060.0,162.572,162.587
1748269144181.0,162.573,162.588
1748269145062.0,162.572,162.587
1748269146019.0,162.576,162.591
1748269146268.0,162.571,162.586
1748269146392.0,162.574,162.589
1748269147942.0,162.573,162.588
1748269149042.0,162.572,162.587
1748269149750.0,162.573,162.588
1748269152361.0,162.574,162.589
1748269152486.0,162.576,162.591
1748269153981.0,162.575,162.59
1748269156419.0,162.573,162.588
1748269159689.0,162.572,162.587
1748269164351.0,162.573,162.588
1748269164474.0,162.576,162.591
1748269167522.0,162.574,162.589
1748269171313.0,162.573,162.588
1748269173977.0,162.574,162.589
1748269174229.0,162.576,162.591
1748269176080.0,162.574,162.589
1748269178098.0,162.573,162.588
1748269183589.0,162.573,162.588
1748269183885.0,162.574,162.589
1748269184609.0,162.567,162.582
1748269184733.0,162.569,162.584
1748269184858.0,162.566,162.581
1748269184983.0,162.569,162.584
1748269194587.0,162.57,162.585
1748269206030.0,162.572,162.587
1748269209497.0,162.571,162.586
1748269212403.0,162.571,162.586
1748269212536.0,162.572,162.587
1748269213351.0,162.573,162.588
1748269223698.0,162.572,162.587
1748269223823.0,162.569,162.584
1748269223948.0,162.567,162.582
1748269224074.0,162.565,162.58
1748269224324.0,162.567,162.582
1748269227858.0,162.565,162.58
1748269234054.0,162.564,162.579
1748269234302.0,162.563,162.578
1748269241178.0,162.566,162.581
1748269245862.0,162.567,162.582
1748269247425.0,162.568,162.583
1748269247850.0,162.567,162.582
1748269248099.0,162.568,162.583
1748269253058.0,162.566,162.581
1748269255212.0,162.567,162.582
1748269257848.0,162.564,162.579
1748269262568.0,162.565,162.58
1748269262690.0,162.566,162.581
1748269267812.0,162.564,162.579
1748269269064.0,162.562,162.577
1748269272636.0,162.563,162.578
1748269272887.0,162.562,162.577
1748269274249.0,162.561,162.576
1748269274748.0,162.562,162.577
1748269278610.0,162.561,162.576
1748269278729.0,162.557,162.572
1748269278978.0,162.558,162.573
1748269284174.0,162.56,162.575
1748269287642.0,162.558,162.573
1748269293254.0,162.557,162.572
1748269293381.0,162.55,162.565
1748269293756.0,162.55,162.565
1748269294504.0,162.551,162.566
1748269295387.0,162.55,162.565
1748269295638.0,162.551,162.566
1748269296329.0,162.551,162.566
1748269296454.0,162.552,162.567
1748269297138.0,162.551,162.566
1748269299052.0,162.552,162.567
1748269299178.0,162.555,162.57
1748269302192.0,162.554,162.569
1748269307215.0,162.553,162.568
1748269309503.0,162.552,162.567
1748269309626.0,162.558,162.573
1748269310316.0,162.558,162.573
1748269312656.0,162.554,162.569
1748269319217.0,162.553,162.568
1748269319343.0,162.547,162.562
1748269319466.0,162.55,162.565
1748269319937.0,162.551,162.566
1748269321580.0,162.55,162.565
1748269323129.0,162.55,162.565
1748269324191.0,162.549,162.564
1748269324302.0,162.546,162.561
1748269324864.0,162.543,162.558
1748269327327.0,162.542,162.557
1748269327566.0,162.538,162.553
1748269328718.0,162.535,162.55
1748269328841.0,162.536,162.551
1748269329218.0,162.537,162.552
1748269329343.0,162.538,162.553
1748269329470.0,162.539,162.554
1748269332283.0,162.54,162.555
1748269333806.0,162.54,162.555
1748269333931.0,162.539,162.554
1748269334805.0,162.538,162.553
1748269336396.0,162.543,162.558
1748269337727.0,162.542,162.557
1748269338100.0,162.543,162.558
1748269338657.0,162.544,162.559
1748269341447.0,162.547,162.562
1748269342081.0,162.546,162.561
1748269344267.0,162.545,162.56
1748269346360.0,162.539,162.566
1748269347375.0,162.542,162.563
1748269350145.0,162.54,162.561
1748269350642.0,162.536,162.557
1748269350767.0,162.539,162.56
1748269351018.0,162.541,162.562
1748269351267.0,162.539,162.56
1748269354445.0,162.537,162.558
1748269354693.0,162.54,162.561
1748269355637.0,162.539,162.56
1748269356361.0,162.536,162.563
1748269357750.0,162.533,162.554
1748269357875.0,162.536,162.557
1748269362577.0,162.535,162.556
1748269364110.0,162.536,162.557
1748269367574.0,162.535,162.556
1748269367948.0,162.534,162.555
1748269368074.0,162.535,162.556
1748269369013.0,162.534,162.555
1748269372461.0,162.533,162.554
1748269374233.0,162.532,162.553
1748269374668.0,162.531,162.552
1748269375294.0,162.53,162.551
1748269376801.0,162.531,162.552
1748269377052.0,162.53,162.551
1748269377176.0,162.532,162.547
1748269379320.0,162.531,162.546
1748269379445.0,162.532,162.547
1748269380635.0,162.534,162.549
1748269382615.0,162.533,162.548
1748269382864.0,162.533,162.548
1748269384169.0,162.535,162.55
1748269384271.0,162.537,162.552
1748269384776.0,162.536,162.551
1748269386020.0,162.535,162.55
1748269386146.0,162.534,162.549
1748269386674.0,162.535,162.55
1748269387828.0,162.533,162.548
1748269388516.0,162.531,162.546
1748269388979.0,162.532,162.547
1748269391012.0,162.534,162.549
1748269394260.0,162.535,162.55
1748269394636.0,162.541,162.556
1748269394761.0,162.542,162.557
1748269397935.0,162.545,162.56
1748269398185.0,162.546,162.561
1748269398310.0,162.545,162.56
1748269400188.0,162.549,162.564
1748269400703.0,162.547,162.562
1748269400953.0,162.546,162.561
1748269404106.0,162.547,162.562
1748269404355.0,162.546,162.561
1748269404482.0,162.547,162.562
1748269406403.0,162.546,162.561
1748269410606.0,162.546,162.561
1748269412836.0,162.545,162.56
1748269413988.0,162.544,162.559
1748269414704.0,162.545,162.56
1748269416804.0,162.544,162.559
1748269417352.0,162.545,162.56
1748269418102.0,162.546,162.561
1748269418352.0,162.545,162.56
1748269419832.0,162.545,162.56
1748269420851.0,162.543,162.558
1748269420977.0,162.544,162.559
1748269422146.0,162.543,162.558
1748269422671.0,162.544,162.559
1748269423993.0,162.539,162.554
1748269424117.0,162.54,162.555
1748269426492.0,162.541,162.556
1748269428178.0,162.543,162.558
1748269428428.0,162.542,162.557
1748269430688.0,162.541,162.556
1748269430811.0,162.542,162.557
1748269432066.0,162.544,162.559
1748269432813.0,162.543,162.558
1748269433883.0,162.541,162.556
1748269436051.0,162.54,162.555
1748269436300.0,162.54,162.555
1748269437014.0,162.541,162.556
1748269437139.0,162.542,162.557
1748269442027.0,162.543,162.558
1748269443442.0,162.542,162.557
1748269449538.0,162.545,162.56
1748269450055.0,162.543,162.558
1748269452260.0,162.541,162.556
1748269452803.0,162.546,162.561
1748269453053.0,162.547,162.562
1748269454928.0,162.546,162.561
1748269456515.0,162.547,162.562
1748269457767.0,162.548,162.563
1748269458017.0,162.549,162.564
1748269459886.0,162.551,162.566
1748269460682.0,162.55,162.565
1748269462133.0,162.551,162.566
1748269466092.0,162.552,162.567
1748269466342.0,162.553,162.568
1748269467299.0,162.552,162.567
1748269468332.0,162.551,162.566
1748269469719.0,162.555,162.57
1748269472327.0,162.556,162.571
1748269472907.0,162.555,162.57
1748269473154.0,162.556,162.571
1748269483174.0,162.564,162.579
1748269483299.0,162.565,162.58
1748269483548.0,162.564,162.579
1748269485109.0,162.565,162.58
1748269485674.0,162.566,162.581
1748269494621.0,162.559,162.574
1748269494870.0,162.561,162.576
1748269495241.0,162.562,162.577
1748269495759.0,162.561,162.576
1748269500170.0,162.562,162.577
1748269500301.0,162.561,162.576
1748269501084.0,162.56,162.575
1748269502333.0,162.564,162.579
1748269511153.0,162.563,162.578
1748269515283.0,162.562,162.577
1748269516387.0,162.563,162.578
1748269516633.0,162.562,162.577
1748269518517.0,162.564,162.579
1748269520646.0,162.563,162.578
1748269520897.0,162.562,162.577
1748269521147.0,162.56,162.575
1748269521396.0,162.561,162.576
1748269522897.0,162.562,162.577
1748269523529.0,162.56,162.575
1748269524275.0,162.562,162.577
1748269525726.0,162.561,162.576
1748269526322.0,162.562,162.577
1748269529745.0,162.561,162.576
1748269533637.0,162.562,162.577
1748269534011.0,162.555,162.57
1748269534136.0,162.556,162.571
1748269548621.0,162.556,162.571
1748269549752.0,162.555,162.57
1748269550427.0,162.556,162.571
1748269550538.0,162.558,162.573
1748269550677.0,162.56,162.575
1748269557103.0,162.562,162.577
1748269559177.0,162.564,162.579
1748269559428.0,162.563,162.578
1748269564053.0,162.564,162.579
1748269564179.0,162.563,162.578
1748269568721.0,162.562,162.577
1748269572188.0,162.56,162.575
1748269575946.0,162.561,162.576
1748269576195.0,162.563,162.578
1748269576748.0,162.564,162.579
1748269582626.0,162.568,162.583
1748269583511.0,162.569,162.584
1748269584437.0,162.57,162.585
1748269590913.0,162.57,162.585
1748269591965.0,162.571,162.586
1748269594496.0,162.57,162.585
1748269594625.0,162.571,162.586
1748269599476.0,162.572,162.587
1748269599601.0,162.565,162.58
1748269599727.0,162.567,162.582
1748269602851.0,162.566,162.581
1748269603102.0,162.567,162.582
1748269606452.0,162.566,162.581
1748269606816.0,162.564,162.579
1748269607902.0,162.563,162.578
1748269611733.0,162.562,162.577
1748269615503.0,162.563,162.578
1748269616986.0,162.564,162.579
1748269620208.0,162.565,162.58
1748269620330.0,162.566,162.581
1748269624951.0,162.565,162.58
1748269626452.0,162.564,162.579
1748269626705.0,162.563,162.578
1748269630636.0,162.561,162.576
1748269632679.0,162.562,162.577
1748269632797.0,162.561,162.576
1748269634728.0,162.56,162.575
1748269635530.0,162.559,162.574
1748269639814.0,162.56,162.575
1748269640064.0,162.559,162.574
1748269640469.0,162.56,162.575
1748269641251.0,162.559,162.574
1748269641503.0,162.553,162.568
1748269644074.0,162.55,162.565
1748269644196.0,162.553,162.568
1748269654853.0,162.554,162.569
1748269655478.0,162.553,162.568
1748269655727.0,162.554,162.569
1748269659768.0,162.553,162.568
1748269660363.0,162.552,162.567
1748269665590.0,162.551,162.566
1748269665716.0,162.553,162.568
1748269666414.0,162.556,162.571
1748269668596.0,162.557,162.572
1748269673603.0,162.556,162.571
1748269675301.0,162.555,162.57
1748269675428.0,162.556,162.571
1748269676293.0,162.555,162.57
1748269676418.0,162.556,162.571
1748269685531.0,162.555,162.57
1748269685657.0,162.556,162.571
1748269689669.0,162.555,162.57
1748269689795.0,162.554,162.569
1748269691064.0,162.554,162.569
1748269695323.0,162.554,162.569
1748269712327.0,162.555,162.57
1748269713086.0,162.553,162.568
1748269716075.0,162.555,162.57
1748269717369.0,162.553,162.568
1748269717494.0,162.551,162.566
1748269721620.0,162.55,162.565
1748269726137.0,162.551,162.566
1748269726514.0,162.549,162.564
1748269730352.0,162.548,162.563
1748269730475.0,162.55,162.565
1748269730599.0,162.551,162.566
1748269732801.0,162.55,162.565
1748269734764.0,162.551,162.566
1748269736480.0,162.55,162.565
1748269736730.0,162.549,162.564
1748269739825.0,162.55,162.565
1748269740613.0,162.548,162.563
1748269741351.0,162.55,162.565
1748269742096.0,162.551,162.566
1748269743094.0,162.55,162.565
1748269743352.0,162.551,162.566
1748269744093.0,162.55,162.565
1748269751554.0,162.549,162.564
1748269754305.0,162.553,162.568
1748269762261.0,162.551,162.566
1748269766526.0,162.552,162.567
1748269767227.0,162.55,162.565
1748269768645.0,162.551,162.566
1748269768771.0,162.552,162.567
1748269769394.0,162.554,162.569
1748269770133.0,162.553,162.568
1748269772249.0,162.554,162.569
1748269780541.0,162.555,162.57
1748269785902.0,162.554,162.569
1748269790358.0,162.555,162.57
1748269791927.0,162.554,162.569
1748269796842.0,162.556,162.571
1748269797387.0,162.552,162.567
1748269798300.0,162.553,162.568
1748269798426.0,162.552,162.567
1748269800237.0,162.554,162.569
1748269805662.0,162.554,162.569
1748269810052.0,162.553,162.568
1748269813083.0,162.551,162.566
1748269819143.0,162.552,162.567
1748269820237.0,162.553,162.568
1748269821509.0,162.554,162.569
1748269821636.0,162.556,162.571
1748269824103.0,162.558,162.573
1748269826272.0,162.559,162.574
1748269826773.0,162.571,162.586
1748269827149.0,162.568,162.583
1748269829576.0,162.566,162.581
1748269830116.0,162.565,162.58
1748269834539.0,162.564,162.579
1748269834789.0,162.563,162.578
1748269835830.0,162.564,162.579
1748269841988.0,162.565,162.58
1748269849088.0,162.566,162.581
1748269849337.0,162.556,162.571
1748269849709.0,162.558,162.573
1748269850085.0,162.556,162.571
1748269851244.0,162.557,162.572
1748269851376.0,162.558,162.573
1748269851746.0,162.556,162.571
1748269852120.0,162.554,162.569
1748269853438.0,162.552,162.567
1748269853731.0,162.553,162.568
1748269853983.0,162.554,162.569
1748269854359.0,162.552,162.567
1748269854874.0,162.555,162.57
1748269855125.0,162.556,162.571
1748269855716.0,162.557,162.572
1748269857013.0,162.555,162.57
1748269857392.0,162.554,162.569
1748269860629.0,162.55,162.565
1748269861464.0,162.547,162.562
1748269862471.0,162.542,162.557
1748269862595.0,162.543,162.558
1748269862969.0,162.545,162.56
1748269863218.0,162.544,162.559
1748269863595.0,162.545,162.56
1748269863969.0,162.544,162.559
1748269865146.0,162.545,162.56
1748269865400.0,162.543,162.558
1748269866101.0,162.545,162.56
1748269867636.0,162.544,162.559
1748269868387.0,162.545,162.56
1748269869589.0,162.546,162.561
1748269872227.0,162.543,162.558
1748269872727.0,162.543,162.558
1748269873566.0,162.541,162.556
1748269873815.0,162.543,162.558
1748269874200.0,162.542,162.557
1748269875895.0,162.538,162.553
1748269876145.0,162.539,162.554
1748269878237.0,162.54,162.555
1748269880500.0,162.54,162.555
1748269883775.0,162.542,162.557
1748269884025.0,162.543,162.558
1748269886145.0,162.544,162.559
1748269887478.0,162.545,162.56
1748269889699.0,162.546,162.561
1748269889949.0,162.545,162.56
1748269892885.0,162.544,162.559
1748269893011.0,162.546,162.561
1748269893635.0,162.545,162.56
1748269894049.0,162.544,162.559
1748269895801.0,162.546,162.561
1748269897160.0,162.547,162.562
1748269899753.0,162.546,162.561
1748269902157.0,162.543,162.558
1748269902277.0,162.544,162.559
1748269902708.0,162.545,162.56
1748269903047.0,162.546,162.561
1748269903420.0,162.545,162.56
1748269905081.0,162.543,162.558
1748269905207.0,162.545,162.56
1748269905455.0,162.546,162.561
1748269905705.0,162.547,162.562
1748269906612.0,162.543,162.558
1748269907128.0,162.542,162.557
1748269909160.0,162.544,162.559
1748269909409.0,162.543,162.558
1748269910973.0,162.532,162.547
1748269911221.0,162.534,162.549
1748269912361.0,162.532,162.547
1748269912487.0,162.539,162.554
1748269913104.0,162.538,162.553
1748269918740.0,162.539,162.554
1748269921052.0,162.54,162.555
1748269922371.0,162.539,162.554
1748269922749.0,162.538,162.553
1748269923745.0,162.537,162.552
1748269924243.0,162.538,162.553
1748269925304.0,162.539,162.554
1748269927874.0,162.537,162.552
1748269928124.0,162.536,162.551
1748269930313.0,162.538,162.553
1748269943419.0,162.541,162.556
1748269948639.0,162.543,162.558
1748269949655.0,162.54,162.555
1748269949780.0,162.541,162.556
1748269950505.0,162.539,162.554
1748269952415.0,162.54,162.555
1748269952790.0,162.541,162.556
1748269953725.0,162.54,162.555
1748269954099.0,162.546,162.561
1748269954473.0,162.549,162.564
1748269955431.0,162.547,162.562
1748269955996.0,162.546,162.561
1748269961333.0,162.545,162.56
1748269961707.0,162.545,162.56
1748269962133.0,162.546,162.561
1748269962633.0,162.537,162.552
1748269962759.0,162.539,162.554
1748269963134.0,162.537,162.552
1748269967365.0,162.539,162.554
1748269967616.0,162.538,162.553
1748269968785.0,162.54,162.555
1748269969578.0,162.539,162.554
1748269973200.0,162.537,162.552
1748269973702.0,162.539,162.554
1748269973827.0,162.54,162.555
1748269974587.0,162.539,162.554
1748269976724.0,162.54,162.555
1748269979571.0,162.539,162.554
1748269980317.0,162.536,162.551
1748269980458.0,162.54,162.555
1748269981817.0,162.541,162.556
1748269983927.0,162.537,162.552
1748269990011.0,162.54,162.555
1748269990144.0,162.539,162.554
1748269990392.0,162.54,162.555
1748269992055.0,162.539,162.554
1748269992303.0,162.54,162.555
1748269992813.0,162.542,162.557
1748269997429.0,162.54,162.555
1748269998175.0,162.541,162.556
1748270000213.0,162.538,162.553
1748270000337.0,162.539,162.554
1748270002208.0,162.542,162.557
1748270002684.0,162.543,162.558
1748270004181.0,162.541,162.556
1748270010773.0,162.542,162.557
1748270011019.0,162.541,162.556
1748270014535.0,162.542,162.557
1748270015283.0,162.54,162.555
1748270016638.0,162.542,162.557
1748270019133.0,162.543,162.558
1748270023791.0,162.544,162.559
1748270025046.0,162.545,162.56
1748270027295.0,162.546,162.561
1748270027418.0,162.545,162.56
1748270027746.0,162.542,162.557
1748270027869.0,162.545,162.56
1748270029835.0,162.546,162.561
1748270031775.0,162.547,162.562
1748270039701.0,162.548,162.563
1748270040280.0,162.547,162.562
1748270041326.0,162.55,162.565
1748270041575.0,162.548,162.563
1748270044214.0,162.547,162.562
1748270052564.0,162.546,162.561
1748270060394.0,162.545,162.56
1748270061439.0,162.546,162.561
1748270064678.0,162.545,162.56
1748270066739.0,162.546,162.561
1748270068458.0,162.545,162.56
1748270068582.0,162.546,162.561
1748270068978.0,162.547,162.562
1748270069081.0,162.548,162.563
1748270075157.0,162.547,162.562
1748270077046.0,162.548,162.563
1748270084614.0,162.553,162.568
1748270088423.0,162.552,162.567
1748270093309.0,162.551,162.566
1748270098238.0,162.555,162.57
1748270098864.0,162.556,162.571
1748270100427.0,162.554,162.569
1748270101955.0,162.546,162.561
1748270102329.0,162.549,162.564
1748270104243.0,162.548,162.563
1748270104772.0,162.549,162.564
1748270109281.0,162.548,162.563
1748270110216.0,162.547,162.562
1748270112532.0,162.547,162.562
1748270113764.0,162.548,162.563
1748270115283.0,162.547,162.562
1748270117047.0,162.546,162.561
1748270118177.0,162.545,162.56
1748270119242.0,162.546,162.561
1748270121418.0,162.547,162.562
1748270125527.0,162.545,162.56
1748270127391.0,162.54,162.555
1748270127513.0,162.544,162.559
1748270129736.0,162.543,162.558
1748270129993.0,162.545,162.56
1748270133559.0,162.544,162.559
1748270134073.0,162.537,162.552
1748270134199.0,162.536,162.551
1748270134573.0,162.539,162.554
1748270136165.0,162.535,162.55
1748270140181.0,162.536,162.551
1748270140795.0,162.535,162.55
1748270141627.0,162.537,162.552
1748270143363.0,162.536,162.551
1748270143612.0,162.535,162.55
1748270152882.0,162.534,162.549
1748270153002.0,162.536,162.551
1748270153133.0,162.535,162.55
1748270155224.0,162.534,162.549
1748270161485.0,162.535,162.55
1748270161604.0,162.538,162.553
1748270163024.0,162.537,162.552
1748270165320.0,162.536,162.551
1748270166113.0,162.535,162.55
1748270170209.0,162.534,162.549
1748270170458.0,162.533,162.548
1748270170761.0,162.532,162.547
1748270174535.0,162.531,162.546
1748270174922.0,162.53,162.545
1748270179282.0,162.529,162.544
1748270182356.0,162.523,162.538
1748270182480.0,162.524,162.539
1748270183973.0,162.522,162.537
1748270185151.0,162.523,162.538
1748270187643.0,162.524,162.539
1748270187767.0,162.525,162.54
1748270187975.0,162.524,162.539
1748270188848.0,162.523,162.538
1748270191101.0,162.523,162.538
1748270195800.0,162.524,162.539
1748270198366.0,162.522,162.537
1748270203012.0,162.523,162.538
1748270203908.0,162.522,162.537
1748270206296.0,162.523,162.538
1748270206422.0,162.524,162.539
1748270207040.0,162.523,162.538
1748270207789.0,162.524,162.539
1748270216206.0,162.527,162.542
1748270216950.0,162.526,162.541
1748270219372.0,162.527,162.542
1748270219497.0,162.526,162.541
1748270220349.0,162.522,162.537
1748270221790.0,162.523,162.538
1748270222039.0,162.521,162.536
1748270223015.0,162.52,162.535
1748270224187.0,162.521,162.536
1748270224439.0,162.524,162.539
1748270224818.0,162.525,162.54
1748270231343.0,162.524,162.539
1748270234131.0,162.521,162.536
1748270234921.0,162.52,162.535
1748270238031.0,162.519,162.534
1748270242062.0,162.518,162.533
1748270249933.0,162.517,162.532
1748270250059.0,162.51,162.525
1748270250464.0,162.511,162.526
1748270250784.0,162.51,162.525
1748270250908.0,162.509,162.524
1748270252655.0,162.51,162.525
1748270252779.0,162.513,162.528
1748270255990.0,162.512,162.527
1748270260291.0,162.511,162.526
1748270265472.0,162.512,162.527
1748270269100.0,162.51,162.525
1748270269350.0,162.512,162.527
1748270273030.0,162.51,162.525
1748270273456.0,162.509,162.524
1748270274931.0,162.514,162.529
1748270275433.0,162.515,162.53
1748270278294.0,162.514,162.529
1748270280168.0,162.511,162.526
1748270280294.0,162.51,162.525
1748270281153.0,162.511,162.526
1748270281266.0,162.51,162.525
1748270282177.0,162.513,162.528
1748270282302.0,162.516,162.531
1748270283248.0,162.513,162.528
1748270283556.0,162.513,162.528
1748270283807.0,162.511,162.526
1748270284181.0,162.512,162.527
1748270286972.0,162.513,162.528
1748270287098.0,162.514,162.529
1748270289585.0,162.513,162.528
1748270290922.0,162.514,162.529
1748270292189.0,162.513,162.528
1748270295425.0,162.512,162.527
1748270296528.0,162.513,162.528
1748270299583.0,162.512,162.527
1748270302183.0,162.513,162.528
1748270302308.0,162.514,162.529
1748270302786.0,162.512,162.527
1748270302910.0,162.508,162.523
1748270303160.0,162.508,162.523
1748270305421.0,162.507,162.522
1748270306380.0,162.508,162.523
1748270307297.0,162.509,162.524
1748270307421.0,162.508,162.523
1748270308445.0,162.512,162.527
1748270308695.0,162.508,162.523
1748270310146.0,162.507,162.522
1748270310394.0,162.506,162.521
1748270312542.0,162.503,162.518
1748270314342.0,162.503,162.518
1748270315686.0,162.502,162.517
1748270316310.0,162.5,162.515
1748270317128.0,162.499,162.514
1748270317563.0,162.5,162.515
1748270329990.0,162.501,162.516
1748270331980.0,162.5,162.515
1748270336188.0,162.499,162.514
1748270338892.0,162.497,162.512
1748270339142.0,162.495,162.51
1748270339945.0,162.494,162.509
1748270340343.0,162.495,162.51
1748270341336.0,162.494,162.509
1748270341755.0,162.494,162.509
1748270341876.0,162.493,162.508
1748270342005.0,162.494,162.509
1748270342734.0,162.492,162.507
1748270343743.0,162.495,162.51
1748270343864.0,162.496,162.511
1748270344159.0,162.495,162.51
1748270345872.0,162.496,162.511
1748270346121.0,162.496,162.511
1748270346628.0,162.498,162.513
1748270347366.0,162.499,162.514
1748270347758.0,162.498,162.513
1748270348228.0,162.497,162.512
1748270350440.0,162.498,162.513
1748270350690.0,162.499,162.514
1748270351348.0,162.498,162.513
1748270354731.0,162.498,162.513
1748270355433.0,162.497,162.512
1748270356002.0,162.499,162.514
1748270357711.0,162.496,162.511
1748270358812.0,162.495,162.51
1748270360299.0,162.496,162.511
1748270361008.0,162.494,162.509
1748270361258.0,162.497,162.512
1748270361387.0,162.498,162.513
1748270362012.0,162.499,162.514
1748270363838.0,162.5,162.515
1748270364515.0,162.501,162.516
1748270364641.0,162.502,162.517
1748270371334.0,162.501,162.516
1748270372800.0,162.502,162.517
1748270372895.0,162.503,162.518
1748270373145.0,162.502,162.517
1748270374084.0,162.502,162.517
1748270376113.0,162.501,162.516
1748270376680.0,162.502,162.517
1748270377497.0,162.501,162.516
1748270378879.0,162.502,162.517
1748270379130.0,162.498,162.513
1748270379815.0,162.499,162.514
1748270380373.0,162.498,162.513
1748270380623.0,162.499,162.514
1748270381534.0,162.498,162.513
1748270383413.0,162.498,162.513
1748270383656.0,162.497,162.512
1748270385141.0,162.498,162.513
1748270387034.0,162.504,162.519
1748270387158.0,162.507,162.522
1748270387534.0,162.507,162.522
1748270387658.0,162.508,162.523
1748270387783.0,162.507,162.522
1748270388161.0,162.508,162.523
1748270391891.0,162.509,162.524
1748270392518.0,162.509,162.524
1748270392639.0,162.508,162.523
1748270393934.0,162.509,162.524
1748270396120.0,162.51,162.525
1748270396245.0,162.511,162.526
1748270403629.0,162.511,162.526
1748270403754.0,162.512,162.527
1748270404229.0,162.513,162.528
1748270411277.0,162.507,162.522
1748270411528.0,162.509,162.524
1748270412085.0,162.508,162.523
1748270414406.0,162.509,162.524
1748270415885.0,162.508,162.523
1748270417138.0,162.506,162.521
1748270417556.0,162.504,162.519
1748270417682.0,162.505,162.52
1748270422656.0,162.504,162.519
1748270426114.0,162.504,162.519
1748270430050.0,162.505,162.52
1748270433433.0,162.506,162.521
1748270433957.0,162.508,162.523
1748270434082.0,162.509,162.524
1748270437924.0,162.508,162.523
1748270438302.0,162.509,162.524
1748270440192.0,162.51,162.525
1748270440442.0,162.511,162.526
1748270440692.0,162.51,162.525
1748270441592.0,162.511,162.526
1748270442559.0,162.512,162.527
1748270443065.0,162.512,162.527
1748270443879.0,162.513,162.528
1748270444129.0,162.514,162.529
1748270444253.0,162.513,162.528
1748270445756.0,162.515,162.53
1748270446587.0,162.517,162.532
1748270447242.0,162.516,162.531
1748270447369.0,162.515,162.53
1748270448433.0,162.516,162.531
1748270449687.0,162.517,162.532
1748270450060.0,162.51,162.525
1748270450188.0,162.517,162.532
1748270451017.0,162.516,162.531
1748270451720.0,162.515,162.53
1748270451965.0,162.512,162.527
1748270454205.0,162.511,162.526
1748270454839.0,162.513,162.528
1748270455934.0,162.517,162.532
1748270456859.0,162.516,162.531
1748270461583.0,162.515,162.53
1748270462658.0,162.516,162.531
1748270472423.0,162.515,162.53
1748270472672.0,162.517,162.532
1748270474015.0,162.518,162.533
1748270476811.0,162.519,162.534
1748270477876.0,162.521,162.536
1748270478253.0,162.518,162.533
1748270479876.0,162.514,162.529
1748270480002.0,162.515,162.53
1748270484578.0,162.514,162.529
1748270484828.0,162.513,162.528
1748270486174.0,162.514,162.529
1748270494834.0,162.514,162.529
1748270496507.0,162.513,162.528
1748270502905.0,162.514,162.529
1748270505536.0,162.513,162.528
1748270507178.0,162.516,162.531
1748270508739.0,162.518,162.533
1748270510868.0,162.519,162.534
1748270510998.0,162.518,162.533
1748270518945.0,162.517,162.532
1748270520174.0,162.516,162.531
1748270520331.0,162.518,162.533
1748270520582.0,162.518,162.533
1748270524776.0,162.518,162.533
1748270527836.0,162.519,162.534
1748270527960.0,162.52,162.535
1748270528211.0,162.523,162.538
1748270530278.0,162.524,162.539
1748270530897.0,162.523,162.538
1748270532252.0,162.527,162.542
1748270533719.0,162.525,162.54
1748270536480.0,162.524,162.539
1748270540731.0,162.525,162.54
1748270542070.0,162.526,162.541
1748270547057.0,162.525,162.54
1748270547184.0,162.524,162.539
1748270548543.0,162.524,162.539
1748270549115.0,162.527,162.542
1748270550393.0,162.528,162.543
1748270550642.0,162.527,162.542
1748270553081.0,162.526,162.541
1748270553331.0,162.527,162.542
1748270557450.0,162.526,162.541
1748270557568.0,162.523,162.538
1748270558487.0,162.518,162.533
1748270559114.0,162.52,162.535
1748270565477.0,162.519,162.534
1748270565602.0,162.52,162.535
1748270566784.0,162.519,162.534
1748270570891.0,162.52,162.535
1748270572738.0,162.519,162.534
1748270573107.0,162.516,162.531
1748270573825.0,162.515,162.53
1748270573950.0,162.514,162.529
1748270574842.0,162.513,162.528
1748270576115.0,162.512,162.527
1748270580337.0,162.513,162.528
1748270581111.0,162.511,162.526
1748270591972.0,162.512,162.527
1748270592414.0,162.511,162.526
1748270592539.0,162.512,162.527
1748270593274.0,162.511,162.526
1748270597764.0,162.512,162.527
1748270598665.0,162.51,162.525
1748270598789.0,162.512,162.527
1748270599698.0,162.511,162.526
1748270600911.0,162.512,162.527
1748270601161.0,162.511,162.526
1748270601286.0,162.508,162.523
1748270601535.0,162.509,162.524
1748270605421.0,162.51,162.525
1748270610522.0,162.511,162.526
1748270617148.0,162.508,162.523
1748270621338.0,162.51,162.525
1748270625527.0,162.511,162.526
1748270628340.0,162.512,162.527
1748270638013.0,162.508,162.523
1748270646593.0,162.51,162.525
1748270647589.0,162.508,162.523
1748270649952.0,162.507,162.522
1748270650682.0,162.506,162.521
1748270652211.0,162.507,162.522
1748270652584.0,162.51,162.525
1748270652837.0,162.504,162.519
1748270662579.0,162.504,162.519
1748270669517.0,162.505,162.52
1748270677792.0,162.504,162.519
1748270679484.0,162.505,162.52
1748270680753.0,162.505,162.52
1748270681985.0,162.504,162.519
1748270682360.0,162.506,162.521
1748270687171.0,162.508,162.523
1748270694206.0,162.509,162.524
1748270694334.0,162.508,162.523
1748270695247.0,162.506,162.521
1748270695371.0,162.504,162.519
1748270698087.0,162.503,162.518
1748270699860.0,162.5,162.515
1748270700247.0,162.501,162.516
1748270704482.0,162.502,162.517
1748270712722.0,162.504,162.519
1748270714015.0,162.503,162.518
1748270716256.0,162.504,162.519
1748270716780.0,162.501,162.516
1748270717030.0,162.503,162.518
1748270719799.0,162.504,162.519
1748270720585.0,162.501,162.516
1748270720924.0,162.5,162.515
1748270722496.0,162.504,162.519
1748270723019.0,162.503,162.518
1748270733202.0,162.502,162.517
1748270733327.0,162.501,162.516
1748270733702.0,162.498,162.513
1748270736672.0,162.497,162.512
1748270739186.0,162.498,162.513
1748270739437.0,162.497,162.512
1748270742350.0,162.497,162.512
1748270747166.0,162.498,162.513
1748270749382.0,162.497,162.512
1748270750658.0,162.496,162.511
1748270753443.0,162.495,162.51
1748270754023.0,162.496,162.511
1748270764977.0,162.495,162.51
1748270765101.0,162.497,162.512
1748270765752.0,162.496,162.511
1748270771445.0,162.495,162.51
1748270771564.0,162.494,162.509
1748270777949.0,162.496,162.511
1748270780576.0,162.495,162.51
1748270781061.0,162.494,162.509
1748270782022.0,162.496,162.511
1748270782148.0,162.498,162.513
1748270804393.0,162.499,162.514
1748270804518.0,162.502,162.517
1748270804766.0,162.5,162.515
1748270805953.0,162.502,162.517
1748270806531.0,162.501,162.516
1748270810058.0,162.5,162.515
1748270810188.0,162.496,162.511
1748270811247.0,162.497,162.512
1748270813804.0,162.496,162.511
1748270815283.0,162.497,162.512
1748270815407.0,162.496,162.511
1748270817305.0,162.495,162.51
1748270817555.0,162.498,162.513
1748270820083.0,162.499,162.514
1748270822182.0,162.498,162.513
1748270824883.0,162.497,162.512
1748270827038.0,162.496,162.511
1748270830511.0,162.497,162.512
1748270832339.0,162.496,162.511
1748270835500.0,162.497,162.512
1748270855852.0,162.496,162.511
1748270856519.0,162.501,162.516
1748270857521.0,162.5,162.515
1748270857770.0,162.496,162.511
1748270858020.0,162.497,162.512
1748270860659.0,162.498,162.513
1748270865901.0,162.499,162.514
1748270868239.0,162.497,162.512
1748270868494.0,162.502,162.517
1748270872727.0,162.504,162.519
1748270873447.0,162.502,162.517
1748270876816.0,162.5,162.515
1748270878213.0,162.502,162.517
1748270878339.0,162.501,162.516
1748270878846.0,162.5,162.515
1748270879948.0,162.501,162.516
1748270881174.0,162.502,162.517
1748270886119.0,162.503,162.518
1748270890382.0,162.504,162.519
1748270890752.0,162.502,162.517
1748270891212.0,162.503,162.518
1748270893911.0,162.502,162.517
1748270894320.0,162.503,162.518
1748270897274.0,162.502,162.517
1748270898353.0,162.503,162.518
1748270899587.0,162.504,162.519
1748270900152.0,162.505,162.52
1748270900276.0,162.503,162.518
1748270900707.0,162.504,162.519
1748270901080.0,162.503,162.518
1748270901759.0,162.502,162.517
1748270901884.0,162.501,162.516
1748270902237.0,162.502,162.517
1748270902752.0,162.501,162.516
1748270902876.0,162.5,162.515
1748270903125.0,162.501,162.516
1748270903601.0,162.5,162.515
1748270907813.0,162.5,162.515
1748270907939.0,162.501,162.516
1748270908189.0,162.501,162.516
1748270910262.0,162.502,162.517
1748270910841.0,162.501,162.516
1748270911217.0,162.502,162.517
1748270911794.0,162.501,162.516
1748270912171.0,162.5,162.515
1748270912294.0,162.501,162.516
1748270913239.0,162.498,162.513
1748270913365.0,162.501,162.516
1748270914941.0,162.502,162.517
1748270915313.0,162.499,162.514
1748270916181.0,162.501,162.516
1748270921483.0,162.499,162.514
1748270921863.0,162.501,162.516
1748270922112.0,162.499,162.514
1748270925881.0,162.504,162.519
1748270926000.0,162.505,162.52
1748270934544.0,162.507,162.522
1748270934669.0,162.503,162.518
1748270936313.0,162.502,162.517
1748270937850.0,162.502,162.517
1748270937973.0,162.496,162.511
1748270938224.0,162.497,162.512
1748270939739.0,162.5,162.515
1748270939988.0,162.503,162.518
1748270940555.0,162.504,162.519
1748270940806.0,162.503,162.518
1748270941194.0,162.504,162.519
1748270941317.0,162.496,162.511
1748270941442.0,162.499,162.514
1748270946306.0,162.496,162.511
1748270947716.0,162.498,162.513
1748270947967.0,162.496,162.511
1748270950024.0,162.497,162.512
1748270950150.0,162.498,162.513
1748270950865.0,162.497,162.512
1748270950988.0,162.498,162.513
1748270951951.0,162.499,162.514
1748270953970.0,162.496,162.511
1748270954098.0,162.497,162.512
1748270954875.0,162.498,162.513
1748270955333.0,162.497,162.512
1748270955797.0,162.496,162.511
1748270958381.0,162.504,162.519
1748270959014.0,162.503,162.518
1748270963577.0,162.499,162.514
1748270965105.0,162.496,162.511
1748270966439.0,162.495,162.51
1748270967530.0,162.496,162.511
1748270967652.0,162.497,162.512
1748270968339.0,162.495,162.51
1748270969348.0,162.5,162.515
1748270969590.0,162.499,162.514
1748270971457.0,162.5,162.515
1748270971582.0,162.499,162.514
1748270979595.0,162.494,162.509
1748270979845.0,162.493,162.508
1748270980269.0,162.492,162.507
1748270981605.0,162.485,162.5
1748270981853.0,162.487,162.502
1748270985304.0,162.487,162.502
1748270986588.0,162.488,162.503
1748270987271.0,162.487,162.502
1748270988397.0,162.49,162.505
1748270992641.0,162.495,162.51
1748270992768.0,162.494,162.509
1748270992892.0,162.495,162.51
1748270994799.0,162.494,162.509
1748270995191.0,162.494,162.509
1748270995537.0,162.493,162.508
1748270995660.0,162.488,162.503
1748270995786.0,162.489,162.504
1748270997330.0,162.49,162.505
1748270997577.0,162.494,162.509
1748270998370.0,162.493,162.508
1748271000179.0,162.489,162.504
1748271000304.0,162.49,162.505
1748271001476.0,162.489,162.504
1748271001727.0,162.489,162.504
1748271001850.0,162.488,162.503
1748271002286.0,162.487,162.502
1748271003459.0,162.488,162.503
1748271004546.0,162.486,162.501
1748271004797.0,162.488,162.503
1748271004921.0,162.489,162.504
1748271005348.0,162.49,162.505
1748271005471.0,162.489,162.504
1748271009631.0,162.491,162.506
1748271011547.0,162.492,162.507
1748271022665.0,162.493,162.508
1748271025992.0,162.491,162.506
1748271032184.0,162.492,162.507
1748271032309.0,162.491,162.506
1748271032432.0,162.49,162.505
1748271034431.0,162.494,162.509
1748271039325.0,162.495,162.51
1748271042276.0,162.494,162.509
1748271046900.0,162.493,162.508
1748271047275.0,162.486,162.501
1748271047400.0,162.488,162.503
1748271047523.0,162.489,162.504
1748271053519.0,162.486,162.501
1748271053635.0,162.487,162.502
1748271054385.0,162.489,162.504
1748271054887.0,162.488,162.503
1748271055135.0,162.489,162.504
1748271056652.0,162.489,162.504
1748271056900.0,162.488,162.503
1748271060316.0,162.487,162.502
1748271062996.0,162.487,162.502
1748271065465.0,162.488,162.503
1748271069609.0,162.487,162.502
1748271069987.0,162.483,162.498
1748271070110.0,162.486,162.501
1748271070359.0,162.485,162.5
1748271070985.0,162.484,162.499
1748271071110.0,162.485,162.5
1748271072624.0,162.484,162.499
1748271074092.0,162.483,162.498
1748271074593.0,162.485,162.5
1748271075479.0,162.484,162.499
1748271075729.0,162.484,162.499
1748271075853.0,162.483,162.498
1748271077041.0,162.483,162.498
1748271077169.0,162.482,162.497
1748271077419.0,162.483,162.498
1748271078034.0,162.485,162.5
1748271078888.0,162.49,162.505
1748271080065.0,162.493,162.508
1748271080475.0,162.498,162.513
1748271080588.0,162.499,162.514
1748271083461.0,162.501,162.516
1748271083712.0,162.5,162.515
1748271083837.0,162.499,162.514
1748271086435.0,162.496,162.511
1748271086997.0,162.498,162.513
1748271091468.0,162.507,162.522
1748271097186.0,162.508,162.523
1748271102988.0,162.509,162.524
1748271104917.0,162.513,162.528
1748271105046.0,162.514,162.529
1748271106714.0,162.515,162.53
1748271108569.0,162.516,162.531
1748271109597.0,162.515,162.53
1748271111945.0,162.514,162.529
1748271112485.0,162.515,162.53
1748271113069.0,162.514,162.529
1748271119799.0,162.515,162.53
1748271120574.0,162.516,162.531
1748271123873.0,162.517,162.532
1748271126663.0,162.518,162.533
1748271127450.0,162.519,162.534
1748271127572.0,162.517,162.532
1748271128154.0,162.516,162.531
1748271128278.0,162.517,162.532
1748271129111.0,162.516,162.531
1748271129611.0,162.517,162.532
1748271130588.0,162.516,162.531
1748271136715.0,162.515,162.53
1748271138801.0,162.516,162.531
1748271138927.0,162.517,162.532
1748271146904.0,162.518,162.533
1748271149142.0,162.519,162.534
1748271149520.0,162.52,162.535
1748271152286.0,162.521,162.536
1748271152415.0,162.525,162.54
1748271153276.0,162.524,162.539
1748271154242.0,162.521,162.536
1748271154493.0,162.516,162.531
1748271154617.0,162.514,162.529
1748271154991.0,162.516,162.531
1748271165284.0,162.508,162.523
1748271165409.0,162.507,162.522
1748271165535.0,162.509,162.524
1748271166097.0,162.508,162.523
1748271166213.0,162.505,162.52
1748271166347.0,162.504,162.519
1748271166858.0,162.502,162.517
1748271166983.0,162.504,162.519
1748271167418.0,162.506,162.521
1748271167667.0,162.505,162.52
1748271168059.0,162.504,162.519
1748271170274.0,162.503,162.518
1748271171169.0,162.501,162.516
1748271171291.0,162.499,162.514
1748271176670.0,162.5,162.515
1748271177556.0,162.5,162.515
1748271180795.0,162.502,162.517
1748271180914.0,162.499,162.514
1748271183285.0,162.5,162.515
1748271184803.0,162.501,162.516
1748271185111.0,162.5,162.515
1748271185416.0,162.501,162.516
1748271185665.0,162.499,162.514
1748271199189.0,162.496,162.511
1748271199997.0,162.497,162.512
1748271200126.0,162.499,162.514
1748271202134.0,162.501,162.516
1748271203225.0,162.5,162.515
1748271208434.0,162.501,162.516
1748271209179.0,162.5,162.515
1748271214086.0,162.503,162.518
1748271214337.0,162.504,162.519
1748271216210.0,162.503,162.518
1748271216584.0,162.504,162.519
1748271220489.0,162.503,162.518
1748271222516.0,162.504,162.519
1748271228779.0,162.502,162.517
1748271229605.0,162.5,162.515
1748271231955.0,162.499,162.514
1748271233496.0,162.502,162.517
1748271233956.0,162.501,162.516
1748271234103.0,162.5,162.515
1748271234955.0,162.499,162.514
1748271236531.0,162.5,162.515
1748271238372.0,162.502,162.517
1748271263051.0,162.503,162.518
1748271263178.0,162.504,162.519
1748271263647.0,162.505,162.52
1748271263913.0,162.504,162.519
1748271264789.0,162.505,162.52
1748271265775.0,162.504,162.519
1748271266926.0,162.506,162.521
1748271270368.0,162.505,162.52
1748271270910.0,162.506,162.521
1748271271035.0,162.505,162.52
1748271275114.0,162.503,162.518
1748271275238.0,162.502,162.517
1748271283559.0,162.503,162.518
1748271289248.0,162.504,162.519
1748271290109.0,162.505,162.52
1748271295284.0,162.507,162.522
1748271295593.0,162.506,162.521
1748271295718.0,162.505,162.52
1748271296311.0,162.509,162.524
1748271297184.0,162.508,162.523
1748271297308.0,162.507,162.522
1748271297693.0,162.505,162.52
1748271298485.0,162.508,162.523
1748271298615.0,162.507,162.522
1748271300191.0,162.506,162.521
1748271300817.0,162.506,162.521
1748271300949.0,162.507,162.522
1748271303795.0,162.506,162.521
1748271305409.0,162.512,162.527
1748271305927.0,162.511,162.526
1748271306994.0,162.509,162.524
1748271309904.0,162.507,162.522
1748271311894.0,162.506,162.521
1748271312144.0,162.507,162.522
1748271313250.0,162.509,162.524
1748271314925.0,162.506,162.521
1748271315049.0,162.51,162.525
1748271315300.0,162.511,162.526
1748271315550.0,162.512,162.527
1748271319526.0,162.511,162.526
1748271320685.0,162.512,162.527
1748271324076.0,162.508,162.523
1748271324421.0,162.509,162.524
1748271326579.0,162.511,162.526
1748271326693.0,162.506,162.521
1748271327043.0,162.507,162.522
1748271327727.0,162.508,162.523
1748271327851.0,162.509,162.524
1748271330882.0,162.508,162.523
1748271331012.0,162.507,162.522
1748271331134.0,162.508,162.523
1748271332146.0,162.509,162.524
1748271332276.0,162.508,162.523
1748271333990.0,162.509,162.524
1748271334653.0,162.51,162.525
1748271336187.0,162.509,162.524
1748271336311.0,162.508,162.523
1748271340576.0,162.509,162.524
1748271341714.0,162.508,162.523
1748271344698.0,162.509,162.524
1748271344948.0,162.514,162.529
1748271345325.0,162.512,162.527
1748271345593.0,162.511,162.526
1748271345716.0,162.512,162.527
1748271347226.0,162.511,162.526
1748271347601.0,162.51,162.525
1748271347885.0,162.511,162.526
1748271348132.0,162.513,162.528
1748271350289.0,162.517,162.532
1748271350414.0,162.518,162.533
1748271358767.0,162.517,162.532
1748271358893.0,162.516,162.531
1748271359501.0,162.517,162.532
1748271360340.0,162.518,162.533
1748271361438.0,162.52,162.535
1748271362124.0,162.519,162.534
1748271363126.0,162.518,162.533
1748271363891.0,162.519,162.534
1748271364453.0,162.52,162.535
1748271365932.0,162.521,162.536
1748271366190.0,162.517,162.532
1748271366312.0,162.522,162.537
1748271366445.0,162.521,162.536
1748271367556.0,162.517,162.532
1748271367682.0,162.519,162.534
1748271368059.0,162.517,162.532
1748271368431.0,162.518,162.533
1748271368807.0,162.516,162.531
1748271369326.0,162.515,162.53
1748271369458.0,162.514,162.529
1748271370029.0,162.512,162.527
1748271370156.0,162.513,162.528
1748271371396.0,162.512,162.527
1748271374187.0,162.511,162.526
1748271374312.0,162.516,162.531
1748271374712.0,162.517,162.532
1748271376267.0,162.516,162.531
1748271376649.0,162.517,162.532
1748271381253.0,162.519,162.534
1748271383585.0,162.518,162.533
1748271384167.0,162.516,162.531
1748271384997.0,162.515,162.53
1748271385121.0,162.517,162.532
1748271385733.0,162.518,162.533
1748271386603.0,162.517,162.532
1748271388499.0,162.518,162.533
1748271389814.0,162.519,162.534
1748271390087.0,162.52,162.535
1748271391049.0,162.516,162.531
1748271391423.0,162.517,162.532
1748271393078.0,162.515,162.53
1748271393202.0,162.517,162.532
1748271393333.0,162.516,162.531
1748271394505.0,162.517,162.532
1748271396882.0,162.516,162.531
1748271397006.0,162.514,162.529
1748271397130.0,162.513,162.528
1748271399595.0,162.511,162.526
1748271404768.0,162.51,162.525
1748271405048.0,162.511,162.526
1748271405530.0,162.51,162.525
1748271410376.0,162.504,162.519
1748271410502.0,162.508,162.523
1748271410628.0,162.507,162.522
1748271411161.0,162.506,162.521
1748271415735.0,162.505,162.52
1748271415860.0,162.504,162.519
1748271420039.0,162.503,162.518
1748271421714.0,162.504,162.519
1748271426673.0,162.505,162.52
1748271427479.0,162.504,162.519
1748271429122.0,162.505,162.52
1748271432358.0,162.507,162.522
1748271432858.0,162.504,162.525
1748271433718.0,162.494,162.515
1748271433845.0,162.495,162.516
1748271433968.0,162.496,162.517
1748271434343.0,162.501,162.522
1748271439205.0,162.503,162.524
1748271439330.0,162.502,162.523
1748271440161.0,162.503,162.524
1748271442954.0,162.502,162.523
1748271443203.0,162.501,162.522
1748271443456.0,162.502,162.523
1748271444063.0,162.501,162.522
1748271445045.0,162.502,162.523
1748271446823.0,162.503,162.524
1748271446952.0,162.501,162.522
1748271450050.0,162.503,162.524
1748271450176.0,162.507,162.528
1748271450549.0,162.505,162.526
1748271453303.0,162.506,162.527
1748271453428.0,162.505,162.526
1748271453713.0,162.503,162.524
1748271453837.0,162.505,162.526
1748271454404.0,162.505,162.526
1748271455619.0,162.507,162.528
1748271459087.0,162.508,162.529
1748271459340.0,162.506,162.527
1748271463539.0,162.508,162.529
1748271464392.0,162.51,162.531
1748271465472.0,162.511,162.532
1748271467708.0,162.509,162.53
1748271467833.0,162.506,162.527
1748271468210.0,162.509,162.53
1748271469570.0,162.51,162.531
1748271470245.0,162.509,162.53
1748271472328.0,162.51,162.531
1748271473109.0,162.509,162.53
1748271474337.0,162.511,162.532
1748271479099.0,162.509,162.53
1748271480245.0,162.511,162.532
1748271480897.0,162.514,162.529
1748271481146.0,162.512,162.527
1748271481413.0,162.514,162.529
1748271481817.0,162.513,162.528
1748271481943.0,162.512,162.527
1748271482067.0,162.508,162.523
1748271482192.0,162.51,162.525
1748271482442.0,162.51,162.525
1748271482904.0,162.511,162.526
1748271483152.0,162.513,162.528
1748271484275.0,162.511,162.526
1748271484400.0,162.512,162.527
1748271485055.0,162.511,162.526
1748271485304.0,162.509,162.524
1748271485682.0,162.512,162.527
1748271486765.0,162.513,162.528
1748271487476.0,162.514,162.529
1748271488390.0,162.516,162.531
1748271489596.0,162.515,162.53
1748271491388.0,162.513,162.528
1748271492121.0,162.514,162.529
1748271492246.0,162.516,162.531
1748271493602.0,162.517,162.532
1748271493853.0,162.522,162.537
1748271496649.0,162.523,162.538
1748271497149.0,162.524,162.539
1748271498453.0,162.523,162.538
1748271498882.0,162.524,162.539
1748271499007.0,162.523,162.538
1748271499131.0,162.524,162.539
1748271499257.0,162.523,162.538
1748271503770.0,162.527,162.542
1748271503899.0,162.528,162.543
1748271504380.0,162.53,162.545
1748271504629.0,162.526,162.541
1748271504880.0,162.53,162.545
1748271505750.0,162.533,162.548
1748271505996.0,162.536,162.551
1748271506364.0,162.533,162.548
1748271509153.0,162.532,162.547
1748271513154.0,162.533,162.548
1748271515950.0,162.532,162.547
1748271516328.0,162.531,162.546
1748271517382.0,162.529,162.544
1748271518180.0,162.53,162.545
1748271518443.0,162.531,162.546
1748271519372.0,162.533,162.548
1748271519624.0,162.531,162.546
1748271521549.0,162.532,162.547
1748271521673.0,162.533,162.548
1748271523222.0,162.537,162.552
1748271524123.0,162.541,162.556
1748271524249.0,162.543,162.558
1748271525152.0,162.541,162.556
1748271526532.0,162.541,162.556
1748271528224.0,162.539,162.554
1748271528349.0,162.541,162.556
1748271529223.0,162.539,162.554
1748271530259.0,162.543,162.558
1748271530509.0,162.545,162.56
1748271531385.0,162.546,162.561
1748271531813.0,162.547,162.562
1748271532787.0,162.548,162.563
1748271533906.0,162.547,162.562
1748271534317.0,162.551,162.566
1748271535531.0,162.55,162.565
1748271537298.0,162.549,162.564
1748271539264.0,162.55,162.565
1748271539641.0,162.55,162.565
1748271540072.0,162.549,162.564
1748271540323.0,162.548,162.563
1748271540696.0,162.547,162.562
1748271541253.0,162.552,162.567
1748271541928.0,162.551,162.566
1748271542427.0,162.548,162.563
1748271543410.0,162.549,162.564
1748271543659.0,162.55,162.565
1748271543784.0,162.551,162.566
1748271544252.0,162.552,162.567
1748271545081.0,162.549,162.564
1748271545719.0,162.542,162.557
1748271546520.0,162.543,162.558
1748271546770.0,162.544,162.559
1748271547020.0,162.546,162.561
1748271547661.0,162.548,162.563
1748271549292.0,162.549,162.564
1748271549666.0,162.546,162.561
1748271549792.0,162.547,162.562
1748271550167.0,162.549,162.564
1748271550418.0,162.548,162.563
1748271550542.0,162.549,162.564
1748271550667.0,162.55,162.565
1748271553306.0,162.549,162.564
1748271553574.0,162.55,162.565
1748271553699.0,162.549,162.564
1748271553823.0,162.55,162.565
1748271553948.0,162.549,162.564
1748271554199.0,162.55,162.565
1748271554575.0,162.549,162.564
1748271554698.0,162.548,162.563
1748271557214.0,162.547,162.562
1748271557703.0,162.549,162.564
1748271558766.0,162.548,162.563
1748271560189.0,162.549,162.564
1748271560312.0,162.548,162.563
1748271561203.0,162.547,162.562
1748271561697.0,162.548,162.563
1748271562173.0,162.546,162.561
1748271562295.0,162.548,162.563
1748271563001.0,162.549,162.564
1748271563732.0,162.547,162.562
1748271564320.0,162.549,162.564
1748271564570.0,162.55,162.565
1748271565101.0,162.548,162.563
1748271569956.0,162.547,162.562
1748271570383.0,162.548,162.563
1748271570507.0,162.547,162.562
1748271570631.0,162.546,162.561
1748271572793.0,162.545,162.56
1748271573419.0,162.545,162.56
1748271574242.0,162.542,162.557
1748271575287.0,162.541,162.556
1748271575536.0,162.542,162.557
1748271576294.0,162.539,162.554
1748271576543.0,162.54,162.555
1748271578438.0,162.543,162.558
1748271578689.0,162.545,162.56
1748271580204.0,162.546,162.561
1748271580328.0,162.547,162.562
1748271581564.0,162.546,162.561
1748271582248.0,162.548,162.563
1748271583215.0,162.546,162.561
1748271583349.0,162.544,162.559
1748271583468.0,162.543,162.558
1748271583843.0,162.544,162.559
1748271584742.0,162.545,162.56
1748271586279.0,162.544,162.559
1748271586529.0,162.545,162.56
1748271587715.0,162.546,162.561
1748271587840.0,162.545,162.56
1748271588146.0,162.546,162.561
1748271589248.0,162.549,162.564
1748271589374.0,162.545,162.56
1748271589500.0,162.546,162.561
1748271590590.0,162.545,162.56
1748271590841.0,162.544,162.559
1748271592056.0,162.546,162.561
1748271592306.0,162.543,162.558
1748271592430.0,162.542,162.557
1748271592682.0,162.539,162.554
1748271593329.0,162.541,162.556
1748271595112.0,162.539,162.554
1748271595240.0,162.542,162.557
1748271596390.0,162.544,162.559
1748271596516.0,162.54,162.555
1748271596640.0,162.541,162.556
1748271596888.0,162.543,162.558
1748271598605.0,162.547,162.562
1748271598727.0,162.546,162.561
1748271598898.0,162.547,162.562
1748271599467.0,162.544,162.559
1748271599842.0,162.546,162.561
1748271599967.0,162.544,162.559
1748271600217.0,162.539,162.554
1748271600344.0,162.538,162.553
1748271600467.0,162.541,162.556
1748271600717.0,162.542,162.557
1748271602021.0,162.543,162.558
1748271602157.0,162.542,162.557
1748271602273.0,162.541,162.556
1748271602520.0,162.542,162.557
1748271603110.0,162.544,162.559
1748271603234.0,162.538,162.553
1748271603486.0,162.54,162.555
1748271603733.0,162.541,162.556
1748271604624.0,162.539,162.554
1748271604873.0,162.538,162.553
1748271605500.0,162.54,162.555
1748271605872.0,162.542,162.557
1748271605997.0,162.541,162.556
1748271606815.0,162.542,162.557
1748271606938.0,162.541,162.556
1748271607438.0,162.54,162.555
1748271607564.0,162.542,162.557
1748271609326.0,162.544,162.559
1748271609454.0,162.543,162.558
1748271610214.0,162.544,162.559
1748271610976.0,162.545,162.56
1748271611100.0,162.544,162.559
1748271611600.0,162.545,162.56
1748271611887.0,162.546,162.561
1748271614306.0,162.547,162.562
1748271614431.0,162.546,162.561
1748271615416.0,162.547,162.562
1748271615787.0,162.545,162.56
1748271617563.0,162.544,162.559
1748271617939.0,162.542,162.557
1748271618590.0,162.543,162.558
1748271619124.0,162.544,162.559
1748271619814.0,162.544,162.559
1748271623393.0,162.543,162.558
1748271623765.0,162.541,162.556
1748271623889.0,162.544,162.559
1748271624824.0,162.546,162.561
1748271625075.0,162.544,162.559
1748271626191.0,162.542,162.557
1748271626317.0,162.544,162.559
1748271626568.0,162.546,162.561
1748271626834.0,162.547,162.562
1748271627079.0,162.546,162.561
1748271627426.0,162.543,162.558
1748271627987.0,162.544,162.559
1748271629907.0,162.542,162.557
1748271630028.0,162.544,162.559
1748271630681.0,162.545,162.56
1748271631945.0,162.544,162.559
1748271632304.0,162.545,162.56
1748271632689.0,162.544,162.559
1748271632818.0,162.541,162.556
1748271632940.0,162.543,162.558
1748271633959.0,162.542,162.557
1748271634572.0,162.54,162.555
1748271635313.0,162.535,162.55
1748271635439.0,162.534,162.549
1748271635689.0,162.539,162.554
1748271636241.0,162.535,162.55
1748271636971.0,162.534,162.549
1748271637507.0,162.534,162.549
1748271637820.0,162.535,162.55
1748271637948.0,162.538,162.553
1748271638196.0,162.54,162.555
1748271639432.0,162.543,162.558
1748271639557.0,162.541,162.556
1748271641346.0,162.543,162.558
1748271643145.0,162.544,162.559
1748271643400.0,162.545,162.56
1748271645334.0,162.544,162.559
1748271645584.0,162.546,162.561
1748271645959.0,162.543,162.558
1748271646334.0,162.544,162.559
1748271647006.0,162.542,162.557
1748271647131.0,162.544,162.559
1748271647516.0,162.545,162.56
1748271647636.0,162.546,162.561
1748271648779.0,162.547,162.562
1748271650754.0,162.546,162.561
1748271650881.0,162.548,162.563
1748271653616.0,162.549,162.564
1748271653731.0,162.555,162.57
1748271653865.0,162.554,162.569
1748271654110.0,162.552,162.567
1748271654359.0,162.543,162.558
1748271654607.0,162.545,162.56
1748271655618.0,162.542,162.563
1748271655745.0,162.544,162.565
1748271656245.0,162.538,162.559
1748271656370.0,162.54,162.561
1748271656773.0,162.537,162.558
1748271656896.0,162.539,162.56
1748271657270.0,162.54,162.561
1748271658929.0,162.537,162.558
1748271659179.0,162.534,162.555
1748271659425.0,162.536,162.557
1748271659674.0,162.539,162.56
1748271660194.0,162.537,162.558
1748271660860.0,162.536,162.557
1748271661265.0,162.537,162.558
1748271661515.0,162.535,162.556
1748271661765.0,162.537,162.558
1748271661896.0,162.538,162.559
1748271662015.0,162.537,162.558
1748271662404.0,162.536,162.557
1748271662648.0,162.537,162.558
1748271663208.0,162.539,162.56
1748271663539.0,162.538,162.559
1748271664197.0,162.539,162.56
1748271664733.0,162.537,162.558
1748271665048.0,162.538,162.559
1748271666959.0,162.537,162.558
1748271668245.0,162.538,162.559
1748271668501.0,162.54,162.561
1748271668619.0,162.538,162.559
1748271668771.0,162.539,162.56
1748271669021.0,162.537,162.558
1748271670706.0,162.538,162.559
1748271671079.0,162.539,162.56
1748271671350.0,162.54,162.561
1748271671610.0,162.537,162.558
1748271671859.0,162.536,162.557
1748271672110.0,162.531,162.552
1748271672354.0,162.533,162.554
1748271673025.0,162.535,162.556
1748271677402.0,162.534,162.555
1748271677527.0,162.536,162.557
1748271677652.0,162.535,162.556
1748271678631.0,162.537,162.558
1748271679524.0,162.535,162.556
1748271679649.0,162.534,162.555
1748271679899.0,162.535,162.556
1748271680650.0,162.537,162.558
1748271683789.0,162.532,162.553
1748271683912.0,162.534,162.555
1748271684038.0,162.533,162.554
1748271685332.0,162.534,162.555
1748271685454.0,162.535,162.556
1748271686487.0,162.533,162.554
1748271686610.0,162.532,162.553
1748271686859.0,162.532,162.553
1748271687864.0,162.534,162.555
1748271688327.0,162.536,162.557
1748271688646.0,162.541,162.562
1748271691096.0,162.542,162.563
1748271691950.0,162.543,162.564
1748271693522.0,162.545,162.566
1748271693771.0,162.545,162.566
1748271694021.0,162.547,162.568
1748271694398.0,162.549,162.57
1748271694648.0,162.55,162.571
1748271695204.0,162.551,162.572
1748271695705.0,162.552,162.573
1748271695956.0,162.548,162.569
1748271696082.0,162.55,162.571
1748271696351.0,162.55,162.571
1748271696849.0,162.551,162.572
1748271697650.0,162.55,162.571
1748271697776.0,162.552,162.573
1748271698151.0,162.55,162.571
1748271699148.0,162.551,162.572
1748271699813.0,162.553,162.574
1748271703910.0,162.552,162.573
1748271704418.0,162.554,162.575
1748271705063.0,162.553,162.574
1748271705186.0,162.548,162.569
1748271705311.0,162.547,162.568
1748271705686.0,162.545,162.566
1748271706437.0,162.542,162.563
1748271706564.0,162.546,162.567
1748271706939.0,162.544,162.565
1748271707384.0,162.545,162.566
1748271708529.0,162.548,162.569
1748271708655.0,162.547,162.568
1748271709045.0,162.548,162.569
1748271711420.0,162.549,162.57
1748271712061.0,162.546,162.567
1748271712186.0,162.542,162.563
1748271712437.0,162.543,162.564
1748271715378.0,162.542,162.563
1748271715877.0,162.54,162.561
1748271716917.0,162.54,162.561
1748271717166.0,162.542,162.563
1748271717417.0,162.535,162.556
1748271717667.0,162.533,162.554
1748271717916.0,162.533,162.554
1748271719115.0,162.537,162.558
1748271719616.0,162.535,162.556
1748271720104.0,162.537,162.558
1748271721605.0,162.53,162.551
1748271721853.0,162.533,162.554
1748271723147.0,162.536,162.557
1748271723392.0,162.538,162.559
1748271724182.0,162.531,162.552
1748271725288.0,162.533,162.554
1748271725914.0,162.534,162.555
1748271726040.0,162.539,162.56
1748271726288.0,162.537,162.558
1748271727332.0,162.538,162.559
1748271727455.0,162.539,162.56
1748271729558.0,162.537,162.558
1748271729693.0,162.539,162.56
1748271731658.0,162.541,162.562
1748271733695.0,162.54,162.561
1748271734195.0,162.534,162.555
1748271734322.0,162.535,162.556
1748271735046.0,162.537,162.558
1748271736470.0,162.544,162.559
1748271736718.0,162.541,162.556
1748271736975.0,162.542,162.557
1748271737095.0,162.541,162.556
1748271737345.0,162.537,162.552
1748271737470.0,162.534,162.549
1748271737595.0,162.535,162.55
1748271737719.0,162.536,162.551
1748271738837.0,162.537,162.552
1748271739087.0,162.536,162.551
1748271739638.0,162.537,162.552
1748271739888.0,162.536,162.551
1748271741981.0,162.538,162.553
1748271742974.0,162.528,162.543
1748271743224.0,162.523,162.538
1748271743475.0,162.52,162.535
1748271743724.0,162.521,162.536
1748271744643.0,162.523,162.538
1748271745018.0,162.521,162.536
1748271745147.0,162.522,162.537
1748271745769.0,162.524,162.539
1748271746143.0,162.522,162.537
1748271746393.0,162.523,162.538
1748271746519.0,162.524,162.539
1748271748427.0,162.525,162.54
1748271748552.0,162.528,162.543
1748271748802.0,162.529,162.544
1748271749690.0,162.532,162.547
1748271749815.0,162.533,162.548
1748271750775.0,162.532,162.547
1748271751219.0,162.531,162.546
1748271751467.0,162.532,162.547
1748271751719.0,162.527,162.542
1748271751841.0,162.526,162.541
1748271752271.0,162.525,162.54
1748271752396.0,162.524,162.539
1748271752898.0,162.528,162.543
1748271753583.0,162.531,162.546
1748271757109.0,162.528,162.543
1748271758831.0,162.529,162.544
1748271759331.0,162.528,162.543
1748271759456.0,162.534,162.549
1748271759582.0,162.533,162.548
1748271760332.0,162.534,162.549
1748271760458.0,162.535,162.55
1748271762232.0,162.534,162.549
1748271764457.0,162.53,162.545
1748271764582.0,162.527,162.542
1748271765334.0,162.528,162.543
1748271771764.0,162.523,162.538
1748271771889.0,162.525,162.54
1748271772479.0,162.524,162.539
1748271772602.0,162.522,162.537
1748271774067.0,162.523,162.538
1748271774340.0,162.524,162.539
1748271774466.0,162.526,162.541
1748271775763.0,162.531,162.546
1748271775888.0,162.53,162.545
1748271776531.0,162.532,162.547
1748271779082.0,162.531,162.546
1748271779207.0,162.53,162.545
1748271779767.0,162.529,162.544
1748271780266.0,162.528,162.543
1748271782548.0,162.529,162.544
1748271782664.0,162.524,162.539
1748271782916.0,162.526,162.541
1748271785835.0,162.523,162.538
1748271789358.0,162.525,162.54
1748271789483.0,162.523,162.538
1748271790343.0,162.525,162.54
1748271790995.0,162.524,162.539
1748271791120.0,162.528,162.543
1748271791978.0,162.527,162.542
1748271792480.0,162.528,162.543
1748271792854.0,162.529,162.544
1748271792978.0,162.53,162.545
1748271796112.0,162.529,162.544
1748271798292.0,162.527,162.542
1748271802168.0,162.528,162.543
1748271803756.0,162.527,162.542
1748271807562.0,162.522,162.537
1748271807809.0,162.521,162.536
1748271807919.0,162.52,162.535
1748271809446.0,162.519,162.534
1748271809571.0,162.52,162.535
1748271810497.0,162.519,162.534
1748271811065.0,162.521,162.536
1748271813418.0,162.519,162.534
1748271814893.0,162.518,162.533
1748271815017.0,162.52,162.535
1748271815143.0,162.521,162.536
1748271816148.0,162.519,162.534
1748271816611.0,162.518,162.533
1748271816731.0,162.515,162.53
1748271817231.0,162.517,162.532
1748271817481.0,162.516,162.531
1748271817730.0,162.514,162.529
1748271817855.0,162.518,162.533
1748271818686.0,162.519,162.534
1748271818804.0,162.52,162.535
1748271819893.0,162.519,162.534
1748271824114.0,162.517,162.532
1748271824753.0,162.518,162.533
1748271824879.0,162.52,162.535
1748271825002.0,162.519,162.534
1748271826179.0,162.52,162.535
1748271829346.0,162.516,162.531
1748271830098.0,162.517,162.532
1748271832863.0,162.52,162.535
1748271835978.0,162.516,162.531
1748271836532.0,162.517,162.532
1748271837077.0,162.516,162.531
1748271837339.0,162.513,162.534
1748271841806.0,162.506,
1748271842055.0,162.499,162.526
1748271842180.0,162.504,162.525
1748271842495.0,162.501,162.522
1748271842619.0,162.502,162.523
1748271850557.0,162.501,162.529
1748271851547.0,,162.528
1748271851796.0,162.502,162.523
1748271852771.0,162.503,162.524
1748271855930.0,162.502,162.523
1748271857680.0,162.503,162.524
1748271858175.0,162.502,162.523
1748271858300.0,162.501,162.522
1748271861860.0,162.497,162.525
1748271863480.0,162.502,162.523
1748271863599.0,162.503,162.524
1748271864819.0,162.501,162.529
1748271866586.0,162.503,162.524
1748271869932.0,162.502,162.529
1748271874758.0,162.501,
1748271874883.0,162.503,162.524
1748271878938.0,162.501,162.522
1748271882192.0,162.503,162.524
1748271882451.0,162.502,162.523
1748271882577.0,162.497,162.518
1748271883303.0,162.496,162.517
1748271884761.0,162.495,162.516
1748271885144.0,162.493,162.514
1748271885270.0,162.495,162.516
1748271885520.0,162.492,162.513
1748271888303.0,162.491,162.512
1748271888557.0,162.492,162.513
1748271888806.0,162.488,162.509
1748271889104.0,162.49,162.511
1748271892302.0,162.488,162.509
1748271892430.0,162.489,162.51
1748271892655.0,162.49,162.511
1748271892779.0,162.493,162.514
1748271893163.0,162.492,162.513
1748271894833.0,162.491,162.512
1748271900194.0,162.49,162.511
1748271902380.0,162.488,162.509
1748271903370.0,162.486,162.507
1748271905698.0,162.482,162.503
1748271905822.0,162.484,162.505
1748271910149.0,162.486,162.507
1748271911095.0,162.487,162.508
1748271912947.0,162.488,162.509
1748271914942.0,162.489,162.51
1748271916554.0,162.487,162.508
1748271916677.0,162.489,162.51
1748271919132.0,162.487,162.508
1748271921903.0,162.489,162.51
1748271922026.0,162.491,162.512
1748271922151.0,162.493,162.514
1748271922499.0,162.494,162.515
1748271923860.0,162.495,162.516
1748271924490.0,162.497,162.518
1748271924611.0,162.498,162.519
1748271927283.0,162.499,162.52
1748271928047.0,162.501,162.522
1748271932566.0,162.497,162.518
1748271932816.0,162.497,162.518
1748271938118.0,162.498,162.519
1748271938928.0,162.497,162.518
1748271940148.0,162.498,162.519
1748271940398.0,162.5,162.521
1748271941640.0,162.501,162.522
1748271942012.0,162.5,162.521
1748271942262.0,162.499,162.52
1748271945106.0,162.501,162.522
1748271949697.0,162.5,162.521
1748271953424.0,162.499,162.52
1748271958580.0,162.495,162.516
1748271958707.0,162.497,162.518
1748271958986.0,162.498,162.519
1748271959237.0,162.499,162.52
1748271960350.0,162.498,162.519
1748271961195.0,162.495,162.516
1748271961319.0,162.496,162.517
1748271979799.0,162.495,162.516
1748271980226.0,162.493,162.514
1748271980353.0,162.491,162.512
1748271980476.0,162.49,162.511
1748271980602.0,162.492,162.513
1748271981884.0,162.493,162.514
1748271999593.0,162.495,162.516
1748272001312.0,162.494,162.515
1748272010575.0,162.497,162.518
1748272015861.0,162.498,162.519
1748272020212.0,162.495,162.516
1748272020336.0,162.497,162.518
1748272027616.0,162.496,162.517
1748272027741.0,162.495,162.516
1748272031323.0,162.496,162.517
1748272033247.0,162.493,162.514
1748272033381.0,162.495,162.516
1748272038483.0,162.496,162.517
1748272039109.0,162.497,162.518
1748272040490.0,162.494,162.515
1748272040615.0,162.496,162.517
1748272044016.0,162.494,162.515
1748272044141.0,162.493,162.514
1748272044642.0,162.489,162.51
1748272044767.0,162.49,162.511
1748272045318.0,162.487,162.508
1748272045442.0,162.489,162.51
1748272048593.0,162.488,162.509
1748272049011.0,162.487,162.508
1748272049637.0,162.488,162.509
1748272055722.0,162.487,162.508
1748272061952.0,162.488,162.509
1748272062323.0,162.487,162.508
1748272063033.0,162.488,162.509
1748272066664.0,162.489,162.51
1748272070109.0,162.488,162.509
1748272080159.0,162.489,162.51
1748272090840.0,162.49,162.511
1748272106123.0,162.488,162.509
1748272116193.0,162.49,162.511
1748272117949.0,162.494,162.515
1748272118076.0,162.496,162.517
1748272119872.0,162.494,162.515
1748272120123.0,162.498,162.519
1748272120247.0,162.494,162.515
1748272121402.0,162.49,162.511
1748272121651.0,162.492,162.513
1748272121768.0,162.493,162.514
1748272123684.0,162.495,162.516
1748272124058.0,162.497,162.518
1748272125287.0,162.498,162.519
1748272125787.0,162.496,162.517
1748272126755.0,162.497,162.518
1748272127935.0,162.499,162.52
1748272129566.0,162.498,162.519
1748272129815.0,162.497,162.518
1748272129944.0,162.496,162.517
1748272130193.0,162.498,162.519
1748272132402.0,162.499,162.52
1748272132774.0,162.496,162.517
1748272134711.0,162.489,162.524
1748272135237.0,,162.525
1748272135355.0,162.491,162.527
1748272135489.0,162.486,162.521
1748272136018.0,162.489,162.52
1748272136140.0,162.49,162.519
1748272137020.0,162.489,162.52
1748272138202.0,162.488,162.519
1748272140672.0,162.489,162.518
1748272141474.0,162.488,
1748272141598.0,162.489,
1748272141904.0,162.49,162.517
1748272142029.0,162.493,162.514
1748272143025.0,162.49,162.517
1748272143274.0,162.493,162.514
1748272143604.0,162.49,162.517
1748272143729.0,162.492,162.52
1748272144016.0,162.497,162.518
1748272144835.0,162.494,162.515
1748272145085.0,162.492,162.519
1748272146015.0,162.495,162.516
1748272147127.0,162.496,162.517
1748272154211.0,162.497,162.518
1748272154335.0,162.496,162.517
1748272155745.0,162.494,162.515
1748272158228.0,162.495,162.516
1748272158353.0,162.494,162.515
1748272159767.0,162.497,162.518
1748272172685.0,162.498,162.519
1748272174014.0,162.496,162.517
1748272175137.0,162.502,162.523
1748272176149.0,162.504,162.525
1748272178024.0,162.503,162.524
1748272178492.0,162.504,162.525
1748272178616.0,162.502,162.523
1748272180596.0,162.501,162.522
1748272180722.0,162.502,162.523
1748272180972.0,162.505,162.52
1748272195028.0,162.504,162.519
1748272198893.0,162.492,162.507
1748272199146.0,162.493,162.508
1748272199266.0,162.492,162.507
1748272199517.0,162.493,162.508
1748272199646.0,162.492,162.507
1748272199895.0,162.491,162.506
1748272200583.0,162.492,162.507
1748272201408.0,162.491,162.506
1748272201532.0,162.49,162.505
1748272201783.0,162.488,162.503
1748272203536.0,162.489,162.504
1748272206701.0,162.49,162.505
1748272207165.0,162.491,162.506
1748272207291.0,162.492,162.507
1748272208304.0,162.489,162.504
1748272208420.0,162.49,162.505
1748272209938.0,162.491,162.506
1748272210215.0,162.49,162.505
1748272210310.0,162.492,162.507
1748272210877.0,162.493,162.508
1748272211131.0,162.494,162.509
1748272213264.0,162.492,162.507
1748272213388.0,162.49,162.505
1748272215979.0,162.491,162.506
1748272216353.0,162.485,162.5
1748272216731.0,162.486,162.501
1748272221637.0,162.483,162.498
1748272221764.0,162.485,162.5
1748272227603.0,162.486,162.501
1748272238849.0,162.483,162.498
1748272240073.0,162.486,162.501
1748272240722.0,162.483,162.498
1748272240846.0,162.486,162.501
1748272243983.0,162.487,162.502
1748272244589.0,162.489,162.504
1748272244714.0,162.491,162.506
1748272244964.0,162.487,162.502
1748272245089.0,162.488,162.503
1748272246198.0,162.486,162.501
1748272246448.0,162.483,162.498
1748272249891.0,162.484,162.499
1748272251442.0,162.485,162.5
1748272255287.0,162.484,162.499
1748272258249.0,162.482,162.497
1748272258370.0,162.484,162.499
1748272259048.0,162.485,162.5
1748272259173.0,162.487,162.502
1748272259298.0,162.485,162.5
1748272259987.0,162.489,162.504
1748272260360.0,162.489,162.504
1748272260610.0,162.49,162.505
1748272260864.0,162.489,162.504
1748272261911.0,162.489,162.504
1748272265179.0,162.491,162.506
1748272271790.0,162.49,162.505
1748272283046.0,162.489,162.504
1748272286244.0,162.49,162.505
1748272287245.0,162.489,162.504
1748272287495.0,162.49,162.505
1748272290302.0,162.489,162.504
1748272292015.0,162.49,162.505
1748272292139.0,162.491,162.506
1748272292724.0,162.492,162.507
1748272293404.0,162.491,162.506
1748272293822.0,162.492,162.507
1748272294222.0,162.491,162.506
1748272294850.0,162.492,162.507
1748272297999.0,162.493,162.508
1748272300134.0,162.491,162.506
1748272304521.0,162.494,162.509
1748272304995.0,162.493,162.508
1748272307556.0,162.494,162.509
1748272307915.0,162.493,162.508
1748272309431.0,162.494,162.509
1748272309553.0,162.491,162.506
1748272310166.0,162.491,162.506
1748272310943.0,162.492,162.507
1748272315917.0,162.496,162.511
1748272316026.0,162.497,162.512
1748272320120.0,162.498,162.513
1748272320248.0,162.497,162.512
1748272321672.0,162.501,162.516
1748272323800.0,162.499,162.514
1748272323925.0,162.496,162.511
1748272324175.0,162.498,162.513
1748272327945.0,162.5,162.515
1748272328194.0,162.501,162.516
1748272328319.0,162.504,162.519
1748272330827.0,162.505,162.52
1748272331684.0,162.504,162.519
1748272334938.0,162.505,162.52
1748272335188.0,162.505,162.52
1748272338749.0,162.506,162.521
1748272341096.0,162.505,162.52
1748272341220.0,162.504,162.519
1748272343975.0,162.503,162.518
1748272349403.0,162.504,162.519
1748272350901.0,162.505,162.52
1748272352226.0,162.504,162.519
1748272353822.0,162.506,162.521
1748272354073.0,162.506,162.521
1748272357653.0,162.505,162.52
1748272362198.0,162.5,162.515
1748272364768.0,162.502,162.517
1748272368265.0,162.504,162.519
1748272368391.0,162.505,162.52
1748272369769.0,162.504,162.519
1748272375287.0,162.501,162.516
1748272375412.0,162.502,162.517
1748272379019.0,162.501,162.516
1748272380323.0,162.503,162.518
1748272381729.0,162.502,162.517
1748272384142.0,162.503,162.518
1748272384269.0,162.502,162.517
1748272385070.0,162.503,162.518
1748272385318.0,162.504,162.519
1748272399647.0,162.505,162.52
1748272412373.0,162.503,162.518
1748272412624.0,162.506,162.521
1748272416411.0,162.502,162.517
1748272416536.0,162.504,162.519
1748272420387.0,162.505,162.52
1748272437223.0,162.503,162.518
1748272437348.0,162.504,162.519
1748272437474.0,162.506,162.521
1748272439164.0,162.505,162.52
1748272444957.0,162.503,162.518
1748272445081.0,162.497,
1748272445630.0,162.498,162.519
1748272446256.0,162.493,162.514
1748272446383.0,162.495,162.516
1748272447309.0,162.49,162.511
1748272447559.0,162.491,162.512
1748272448286.0,162.489,162.51
1748272454798.0,162.486,162.507
1748272458801.0,162.485,162.506
1748272459316.0,162.486,162.507
1748272459915.0,162.487,162.508
1748272466157.0,162.489,162.51
1748272467157.0,162.49,162.511
1748272469698.0,162.491,162.512
1748272471385.0,162.489,162.51
1748272471509.0,162.491,162.512
1748272474080.0,162.49,162.511
1748272475007.0,162.491,162.512
1748272476132.0,162.492,162.513
1748272476256.0,162.493,162.514
1748272478643.0,162.492,162.513
1748272478762.0,162.491,162.512
1748272479599.0,162.492,162.513
1748272484124.0,162.491,162.512
1748272484375.0,162.491,162.512
1748272485342.0,162.485,162.506
1748272485593.0,162.487,162.508
1748272485717.0,162.484,162.505
1748272485842.0,162.483,162.504
1748272485966.0,162.484,162.505
1748272486219.0,162.487,162.508
1748272486342.0,162.492,162.507
1748272487831.0,162.493,162.508
1748272487942.0,162.495,162.51
1748272490020.0,162.494,162.509
1748272490143.0,162.492,162.507
1748272490518.0,162.498,162.513
1748272492584.0,162.499,162.514
1748272492903.0,162.5,162.515
1748272493511.0,162.499,162.514
1748272493637.0,162.497,162.512
1748272494392.0,162.496,162.511
1748272495643.0,162.494,162.509
1748272495767.0,162.496,162.511
1748272496527.0,162.494,162.509
1748272496778.0,162.495,162.51
1748272497482.0,162.496,162.511
1748272501189.0,162.497,162.512
1748272503031.0,162.498,162.513
1748272503152.0,162.493,162.508
1748272503280.0,162.495,162.51
1748272509335.0,162.498,162.513
1748272509584.0,162.496,162.511
1748272515618.0,162.497,162.512
1748272518973.0,162.496,162.511
1748272520345.0,162.496,162.511
1748272523232.0,162.495,162.51
1748272524085.0,162.494,162.509
1748272524934.0,162.495,162.51
1748272531276.0,162.496,162.511
1748272536685.0,162.497,162.512
1748272546502.0,162.5,162.515
1748272546626.0,162.502,162.517
1748272546877.0,162.504,162.519
1748272547165.0,162.505,162.52
1748272549007.0,162.506,162.521
1748272550386.0,162.508,162.523
1748272552340.0,162.507,162.522
1748272560235.0,162.506,162.521
1748272560361.0,162.507,162.522
1748272563323.0,162.506,162.521
1748272565095.0,162.505,162.52
1748272565213.0,162.507,162.522
1748272575245.0,162.506,162.521
1748272584197.0,162.507,162.522
1748272591322.0,162.508,162.523
1748272591447.0,162.517,162.532
1748272599108.0,162.516,162.531
1748272600151.0,162.517,162.532
1748272604150.0,162.527,162.542
1748272604524.0,162.525,162.54
1748272604645.0,162.527,162.542
1748272606781.0,162.523,162.538
1748272607845.0,162.521,162.536
1748272607967.0,162.522,162.537
1748272611816.0,162.521,162.536
1748272620856.0,162.52,162.535
1748272621111.0,162.519,162.534
1748272621408.0,162.518,162.533
1748272627510.0,162.523,162.538
1748272630675.0,162.524,162.539
1748272632146.0,162.523,162.538
1748272632946.0,162.525,162.54
1748272636483.0,162.524,162.539
1748272636606.0,162.525,162.54
1748272637448.0,162.524,162.539
1748272638079.0,162.525,162.54
1748272645800.0,162.523,162.538
1748272646522.0,162.524,162.539
1748272647021.0,162.525,162.54
1748272648177.0,162.522,162.537
1748272660456.0,162.517,162.532
1748272660705.0,162.518,162.533
1748272661796.0,162.519,162.534
1748272661921.0,162.52,162.535
1748272666566.0,162.518,162.533
1748272666689.0,162.52,162.535
1748272669752.0,162.518,162.533
1748272670002.0,162.52,162.535
1748272675123.0,162.519,162.534
1748272675248.0,162.517,162.532
1748272676869.0,162.516,162.531
1748272681021.0,162.517,162.532
1748272682384.0,162.519,162.534
1748272693424.0,162.517,162.532
1748272714126.0,162.519,162.534
1748272714249.0,162.521,162.536
1748272736642.0,162.518,162.533
1748272737223.0,162.517,162.532
1748272737338.0,162.519,162.534
1748272741772.0,162.52,162.535
1748272745328.0,162.516,162.537
1748272745940.0,162.517,162.538
1748272746066.0,162.515,162.536
1748272760036.0,162.517,162.538
1748272764050.0,162.515,162.536
1748272764174.0,162.514,162.535
1748272768123.0,162.521,162.536
1748272768244.0,162.518,162.533
1748272769659.0,162.519,162.534
1748272769780.0,162.518,162.533
1748272770110.0,162.516,162.531
1748272770240.0,162.517,162.532
1748272777697.0,162.516,162.531
1748272777822.0,162.515,162.53
1748272777946.0,162.517,162.532
1748272778109.0,162.518,162.533
1748272778235.0,162.519,162.534
1748272778485.0,162.516,162.531
1748272784009.0,162.515,162.53
1748272784133.0,162.514,162.529
1748272787961.0,162.515,162.53
1748272789574.0,162.516,162.531
1748272803093.0,162.519,162.534
1748272803219.0,162.523,162.538
1748272803622.0,162.524,162.539
1748272804978.0,162.525,162.54
1748272808671.0,162.528,162.543
1748272812050.0,162.529,162.544
1748272814217.0,162.533,162.548
1748272823254.0,162.534,162.549
1748272828353.0,162.531,162.546
1748272828478.0,162.524,162.539
1748272832880.0,162.525,162.54
1748272833130.0,162.526,162.541
1748272838331.0,162.525,162.54
1748272838455.0,162.526,162.541
1748272845288.0,162.525,162.54
1748272854517.0,162.523,162.538
1748272854642.0,162.524,162.539
1748272862090.0,162.522,162.537
1748272864967.0,162.524,162.539
1748272866064.0,162.523,162.538
1748272870769.0,162.521,162.536
1748272870896.0,162.523,162.538
1748272872778.0,162.519,162.534
1748272873911.0,162.518,162.533
1748272875563.0,162.519,162.534
1748272875687.0,162.523,162.538
1748272876079.0,162.524,162.539
1748272877957.0,162.523,162.538
1748272880776.0,162.521,162.536
1748272885412.0,162.519,162.534
1748272885880.0,162.52,162.535
1748272891449.0,162.521,162.536
1748272897742.0,162.522,162.537
1748272899626.0,162.525,162.54
1748272899767.0,162.522,162.537
1748272900427.0,162.526,162.541
1748272904127.0,162.527,162.542
1748272904251.0,162.525,162.54
1748272904849.0,162.527,162.542
1748272904974.0,162.523,162.538
1748272905348.0,162.527,162.542
1748272906743.0,162.523,162.538
1748272906991.0,162.527,162.542
1748272907242.0,162.528,162.543
1748272908160.0,162.527,162.542
1748272908683.0,162.525,162.54
1748272909841.0,162.522,162.537
1748272910394.0,162.524,162.539
1748272910777.0,162.529,162.544
1748272925286.0,162.528,162.543
1748272925747.0,162.529,162.544
1748272925993.0,162.528,162.543
1748272926884.0,162.529,162.544
1748272927455.0,162.528,162.543
1748272933532.0,162.529,162.544
1748272935070.0,162.528,162.543
1748272935183.0,162.525,162.54
1748272936271.0,162.527,162.542
1748272937745.0,162.526,162.541
1748272937997.0,162.525,162.54
1748272945989.0,162.526,162.541
1748272946115.0,162.527,162.542
1748272948524.0,162.529,162.544
1748272953709.0,162.527,162.542
1748272955161.0,162.523,162.538
1748272955283.0,162.524,162.539
1748272958753.0,162.522,162.537
1748272968054.0,162.521,162.536
1748272970054.0,162.52,162.535
1748272971657.0,162.521,162.536
1748272980068.0,162.52,162.535
1748272982641.0,162.521,162.536
1748272982765.0,162.525,162.54
1748272985127.0,162.526,162.541
1748272985886.0,162.528,162.543
1748272989136.0,162.526,162.541
1748272989261.0,162.524,162.539
1748272989508.0,162.525,162.54
1748273005576.0,162.526,162.541
1748273009366.0,162.527,162.542
1748273010368.0,162.526,162.541
1748273011364.0,162.527,162.542
1748273011739.0,162.526,162.541
1748273012370.0,162.527,162.542
1748273013365.0,162.524,162.539
1748273013822.0,162.521,162.542
1748273017245.0,162.522,162.543
1748273024242.0,162.532,162.547
1748273028620.0,162.533,162.548
1748273029714.0,162.534,162.549
1748273033634.0,162.533,162.548
