1748268000628.0,1797.1,1797.7
1748268001182.0,1797.23,1797.83
1748268001473.0,1797.1,1797.7
1748268001709.0,1796.98,1797.58
1748268001936.0,1797.1,1797.7
1748268002160.0,1797.23,1797.83
1748268003211.0,1797.1,1797.7
1748268003784,,
1748268004181.0,1797.23,1797.83
1748268007176.0,1797.35,1797.95
1748268007401.0,1797.48,1798.08
1748268020351.0,1797.35,1797.95
1748268020574.0,1797.23,1797.83
1748268022394.0,1797.35,1797.95
1748268024285.0,1797.23,1797.83
1748268030846.0,1797.35,1797.95
1748268036071.0,1797.23,1797.83
1748268042671.0,1797.35,1797.95
1748268043895.0,1797.23,1797.83
1748268050319.0,1797.1,1797.7
1748268050542.0,1796.98,1797.58
1748268060102.0,1797.1,1797.7
1748268061151.0,1796.98,1797.58
1748268061376.0,1797.1,1797.7
1748268061859.0,1796.98,1797.58
1748268063541.0,1797.1,1797.7
1748268063985,,
1748268071230.0,1797.23,1797.83
1748268071452.0,1797.35,1797.95
1748268071679.0,1797.48,1798.08
1748268072045.0,1797.35,1797.95
1748268072269,,
1748268072495.0,1797.48,1798.08
1748268086421.0,1797.35,1797.95
1748268086637.0,1797.23,1797.83
1748268087472.0,1797.35,1797.95
1748268096017.0,1797.48,1798.08
1748268096279.0,1797.35,1797.95
1748268097039.0,1797.48,1798.08
1748268109453.0,1797.6,1798.2
1748268112677.0,1797.73,1798.33
1748268113063.0,1797.6,1798.2
1748268113287,,
1748268116873.0,1797.48,1798.08
1748268117097.0,1797.6,1798.2
1748268123165.0,1797.73,1798.33
1748268123397.0,1797.6,1798.2
1748268128958.0,1797.73,1798.33
1748268129181.0,1797.6,1798.2
1748268131242.0,1797.48,1798.08
1748268131466.0,1797.6,1798.2
1748268132164.0,1797.48,1798.08
1748268132845.0,1797.6,1798.2
1748268133716.0,1797.48,1798.08
1748268138069.0,1797.35,1797.95
1748268138291,,
1748268155562.0,1797.23,1797.83
1748268155784.0,1797.35,1797.95
1748268170383.0,1797.23,1797.83
1748268170604.0,1797.35,1797.95
1748268189830.0,1797.48,1798.08
1748268190938.0,1797.35,1797.95
1748268191463,,
1748268192188.0,1797.48,1798.08
1748268192784.0,1797.35,1797.95
1748268195064.0,1797.48,1798.08
1748268196820.0,1797.6,1798.2
1748268200237.0,1797.48,1798.08
1748268203972,,
1748268221603.0,1797.35,1797.95
1748268221828.0,1797.23,1797.83
1748268226906.0,1796.98,1797.58
1748268227131,,
1748268227456.0,1797.1,1797.7
1748268232355.0,1797.23,1797.83
1748268241588.0,1797.1,1797.7
1748268243142,,
1748268254570.0,1796.98,1797.58
1748268254793.0,1797.1,1797.7
1748268255019.0,1797.23,1797.83
1748268257511.0,1797.1,1797.7
1748268257785,,
1748268275026.0,1796.98,1797.58
1748268275907.0,1797.1,1797.7
1748268286977.0,1797.23,1797.83
1748268296319.0,1797.1,1797.7
1748268306671.0,1797.23,1797.83
1748268306895.0,1797.35,1797.95
1748268313745.0,1797.23,1797.83
1748268320005.0,1797.1,1797.7
1748268324410.0,1796.98,1797.58
1748268324635.0,1797.1,1797.7
1748268325657.0,1796.98,1797.58
1748268325880.0,1797.1,1797.7
1748268329298.0,1797.23,1797.83
1748268339983.0,1797.35,1797.95
1748268346741.0,1797.48,1798.08
1748268346962.0,1797.35,1797.95
1748268348110.0,1797.23,1797.83
1748268348647.0,1797.1,1797.7
1748268350675,,
1748268351159.0,1797.23,1797.83
1748268354103.0,1797.1,1797.7
1748268359926.0,1796.98,1797.58
1748268363483.0,1797.1,1797.7
1748268364021.0,1796.98,1797.58
1748268364246.0,1797.1,1797.7
1748268366511.0,1796.98,1797.58
1748268385433.0,1796.85,1797.45
1748268385657.0,1796.73,1797.33
1748268386294.0,1796.85,1797.45
1748268386771.0,1796.73,1797.33
1748268395790.0,1796.6,1797.2
1748268396016.0,1796.48,1797.08
1748268398010.0,1796.6,1797.2
1748268398437,,
1748268398538.0,1796.73,1797.33
1748268401117.0,1796.85,1797.45
1748268401797.0,1796.98,1797.58
1748268403548.0,1796.85,1797.45
1748268403770.0,1796.98,1797.58
1748268410809.0,1796.85,1797.45
1748268411175.0,1796.98,1797.58
1748268412789.0,1796.85,1797.45
1748268413159.0,1796.98,1797.58
1748268415391.0,1796.85,1797.45
1748268416134.0,1796.98,1797.58
1748268420369.0,1796.85,1797.45
1748268420595,,
1748268421453.0,1796.73,1797.33
1748268421667.0,1796.85,1797.45
1748268425577.0,1796.98,1797.58
1748268425802.0,1796.85,1797.45
1748268428277.0,1796.98,1797.58
1748268428669.0,1796.85,1797.45
1748268429695.0,1796.73,1797.33
1748268431566.0,1796.85,1797.45
1748268434064.0,1796.73,1797.33
1748268434289.0,1796.85,1797.45
1748268434794.0,1796.73,1797.33
1748268453738.0,1796.85,1797.45
1748268454475.0,1796.73,1797.33
1748268454699.0,1796.6,1797.2
1748268454922.0,1796.48,1797.08
1748268455877.0,1796.6,1797.2
1748268458800.0,1796.73,1797.33
1748268459024.0,1796.6,1797.2
1748268459251.0,1796.48,1797.08
1748268461233.0,1796.6,1797.2
1748268462107.0,1796.48,1797.08
1748268462331.0,1796.6,1797.2
1748268472322.0,1796.73,1797.33
1748268472689.0,1796.6,1797.2
1748268473553.0,1796.73,1797.33
1748268473776.0,1796.6,1797.2
1748268474481.0,1796.73,1797.33
1748268476694.0,1796.6,1797.2
1748268479505.0,1796.48,1797.08
1748268479724.0,1796.6,1797.2
1748268483141.0,1796.73,1797.33
1748268492894.0,1796.85,1797.45
1748268493117.0,1796.73,1797.33
1748268504890.0,1796.85,1797.45
1748268505114.0,1796.98,1797.58
1748268506161.0,1796.85,1797.45
1748268508514.0,1796.73,1797.33
1748268526358.0,1796.6,1797.2
1748268537462.0,1796.48,1797.08
1748268541733.0,1796.6,1797.2
1748268541984.0,1796.73,1797.33
1748268542213.0,1796.6,1797.2
1748268542436,,
1748268550168.0,1796.73,1797.33
1748268555870.0,1796.85,1797.45
1748268556576.0,1796.98,1797.58
1748268556977.0,1796.85,1797.45
1748268559563.0,1796.73,1797.33
1748268560309.0,1796.73,1797.33
1748268563821.0,1796.6,1797.2
1748268567526.0,1796.73,1797.33
1748268574036.0,1796.6,1797.2
1748268585527.0,1796.73,1797.33
1748268594234.0,1796.6,1797.2
1748268596054,,
1748268600565.0,1796.73,1797.33
1748268601508.0,1796.6,1797.2
1748268602528.0,1796.73,1797.33
1748268609070.0,1796.85,1797.45
1748268609294,,
1748268616489.0,1796.73,1797.33
1748268623318.0,1796.85,1797.45
1748268625934.0,1796.73,1797.33
1748268633687.0,1796.85,1797.45
1748268634788.0,1796.73,1797.33
1748268640504.0,1796.85,1797.45
1748268656988.0,1796.85,1797.45
1748268657212.0,1796.98,1797.58
1748268676664.0,1796.85,1797.45
1748268680028.0,1796.98,1797.58
1748268685208.0,1796.85,1797.45
1748268688657.0,1796.73,1797.33
1748268690334.0,1796.85,1797.45
1748268691229.0,1796.73,1797.33
1748268691664.0,1796.85,1797.45
1748268692538.0,1796.73,1797.33
1748268692762.0,1796.85,1797.45
1748268694671.0,1796.98,1797.58
1748268696882.0,1796.85,1797.45
1748268700790.0,1796.73,1797.33
1748268702076.0,1796.85,1797.45
1748268708249.0,1796.73,1797.33
1748268727150.0,1796.85,1797.45
1748268733257.0,1796.73,1797.33
1748268773729.0,1796.6,1797.2
1748268773952.0,1796.48,1797.08
1748268775847.0,1796.6,1797.2
1748268776071,,
1748268776618.0,1796.73,1797.33
1748268776843.0,1796.6,1797.2
1748268795840.0,1796.73,1797.33
1748268799219.0,1796.6,1797.2
1748268800309.0,1796.48,1797.08
1748268800630.0,1796.6,1797.2
1748268811376.0,1796.48,1797.08
1748268814454.0,1796.6,1797.2
1748268817873.0,1796.48,1797.08
1748268825535.0,1796.6,1797.2
1748268829296.0,1796.73,1797.33
1748268831439.0,1796.6,1797.2
1748268840083.0,1796.73,1797.33
1748268869071.0,1796.85,1797.45
1748268869292.0,1796.73,1797.33
1748268869809.0,1796.85,1797.45
1748268875561.0,1796.73,1797.33
1748268877109.0,1796.85,1797.45
1748268879497.0,1796.98,1797.58
1748268880201.0,1796.85,1797.45
1748268911189.0,1796.98,1797.58
1748268912256.0,1796.85,1797.45
1748268925872.0,1796.73,1797.33
1748268926353.0,1796.85,1797.45
1748268930425.0,1796.73,1797.33
1748268930649.0,1796.85,1797.45
1748268939389.0,1796.98,1797.58
1748268951179.0,1797.1,1797.7
1748268951402,,
1748268957829.0,1796.98,1797.58
1748268959179.0,1796.85,1797.45
1748268959403.0,1796.98,1797.58
1748268962307.0,1796.85,1797.45
1748268962530,,
1748268962911.0,1796.98,1797.58
1748268968525.0,1797.1,1797.7
1748268969770.0,1796.98,1797.58
1748268992820.0,1797.1,1797.7
1748269006239.0,1797.23,1797.83
1748269009372.0,1797.1,1797.7
1748269009595.0,1797.23,1797.83
1748269019394.0,1797.1,1797.7
1748269020430.0,1796.98,1797.58
1748269021698.0,1797.1,1797.7
1748269021922.0,1796.98,1797.58
1748269023230.0,1797.1,1797.7
1748269024004.0,1796.98,1797.58
1748269024679.0,1797.1,1797.7
1748269025130.0,1796.98,1797.58
1748269033703,,
1748269033928.0,1797.23,1797.83
1748269039664.0,1797.35,1797.95
1748269039884,,
1748269049408.0,1797.48,1798.08
1748269050387.0,1797.35,1797.95
1748269052094,,
1748269052708.0,1797.23,1797.83
1748269053062.0,1797.35,1797.95
1748269054465.0,1797.23,1797.83
1748269062572.0,1797.1,1797.7
1748269066566.0,1796.98,1797.58
1748269067503.0,1797.1,1797.7
1748269067728.0,1796.98,1797.58
1748269080868.0,1797.1,1797.7
1748269081091,,
1748269082531.0,1797.23,1797.83
1748269083122.0,1797.1,1797.7
1748269088655.0,1797.23,1797.83
1748269095035.0,1797.1,1797.7
1748269098415,,
1748269098914.0,1797.23,1797.83
1748269099689.0,1797.1,1797.7
1748269102691,,
1748269114053.0,1797.23,1797.83
1748269124782.0,1797.1,1797.7
1748269125581.0,1796.98,1797.58
1748269125806.0,1797.1,1797.7
1748269126685.0,1796.98,1797.58
1748269126909.0,1797.1,1797.7
1748269128169.0,1796.98,1797.58
1748269128394.0,1797.1,1797.7
1748269130389.0,1796.98,1797.58
1748269130613.0,1797.1,1797.7
1748269132419.0,1796.98,1797.58
1748269132643.0,1797.1,1797.7
1748269139417.0,1797.23,1797.83
1748269139691.0,1797.1,1797.7
1748269139916.0,1797.23,1797.83
1748269142151.0,1797.1,1797.7
1748269143813.0,1797.23,1797.83
1748269157181.0,1797.35,1797.95
1748269157522.0,1797.23,1797.83
1748269158083.0,1797.35,1797.95
1748269158304,,
1748269160459.0,1797.48,1798.08
1748269160693.0,1797.35,1797.95
1748269162143.0,1797.48,1798.08
1748269164252.0,1797.35,1797.95
1748269165279.0,1797.48,1798.08
1748269165502.0,1797.35,1797.95
1748269166386.0,1797.48,1798.08
1748269192023.0,1797.6,1798.2
1748269193855.0,1797.48,1798.08
1748269203185.0,1797.6,1798.2
1748269204318.0,1797.48,1798.08
1748269212141.0,1797.35,1797.95
1748269212592.0,1797.48,1798.08
1748269214695.0,1797.6,1798.2
1748269215312.0,1797.48,1798.08
1748269219070.0,1797.6,1798.2
1748269219573.0,1797.48,1798.08
1748269219872.0,1797.6,1798.2
1748269220178.0,1797.48,1798.08
1748269220779.0,1797.6,1798.2
1748269222358.0,1797.48,1798.08
1748269224126.0,1797.6,1798.2
1748269227036.0,1797.48,1798.08
1748269229835.0,1797.35,1797.95
1748269239246.0,1797.48,1798.08
1748269239471.0,1797.35,1797.95
1748269240733.0,1797.48,1798.08
1748269241033.0,1797.35,1797.95
1748269252877.0,1797.23,1797.83
1748269255619,,
1748269267836.0,1797.1,1797.7
1748269268131,,
1748269269108.0,1796.98,1797.58
1748269276112.0,1796.98,1797.58
1748269301266,,
1748269303486.0,1796.98,1797.58
1748269303710.0,1796.85,1797.45
1748269309011.0,1796.73,1797.33
1748269309235.0,1796.6,1797.2
1748269309804.0,1796.48,1797.08
1748269310253.0,1796.73,1797.33
1748269311224.0,1796.6,1797.2
1748269314672,,
1748269321259.0,1796.48,1797.08
1748269322277.0,1796.6,1797.2
1748269322989.0,1796.48,1797.08
1748269333367.0,1796.6,1797.2
1748269336313.0,1796.73,1797.33
1748269339572,,
1748269339799.0,1796.85,1797.45
1748269341027.0,1796.98,1797.58
1748269341318.0,1796.85,1797.45
1748269341541.0,1796.98,1797.58
1748269341766.0,1796.85,1797.45
1748269346186.0,1796.98,1797.58
1748269349072.0,1796.85,1797.45
1748269361357.0,1796.98,1797.58
1748269361582.0,1796.85,1797.45
1748269367457.0,1796.98,1797.58
1748269372916,,
1748269373142.0,1797.23,1797.83
1748269374295.0,1797.1,1797.7
1748269374516.0,1796.98,1797.58
1748269374958.0,1797.1,1797.7
1748269377101.0,1796.98,1797.58
1748269377732.0,1796.73,1797.33
1748269387220.0,1796.85,1797.45
1748269388973.0,1796.98,1797.58
1748269389323.0,1796.85,1797.45
1748269390095.0,1796.85,1797.45
1748269390492.0,1796.73,1797.33
1748269390903.0,1796.85,1797.45
1748269394462.0,1796.98,1797.58
1748269410608.0,1797.1,1797.7
1748269410832.0,1797.23,1797.83
1748269429146.0,1797.1,1797.7
1748269429734,,
1748269436194.0,1796.98,1797.58
1748269440536.0,1797.1,1797.7
1748269442035.0,1797.23,1797.83
1748269451078.0,1797.35,1797.95
1748269454884.0,1797.23,1797.83
1748269468846.0,1797.35,1797.95
1748269481895.0,1797.48,1798.08
1748269483498,,
1748269483688.0,1797.35,1797.95
1748269484871.0,1797.48,1798.08
1748269485094.0,1797.35,1797.95
1748269494623.0,1797.23,1797.83
1748269494845.0,1797.35,1797.95
1748269495567.0,1797.23,1797.83
1748269512819.0,1797.35,1797.95
1748269516692.0,1797.23,1797.83
1748269529052,,
1748269541776.0,1797.35,1797.95
1748269542178.0,1797.48,1798.08
1748269542555.0,1797.35,1797.95
1748269543040,,
1748269548087.0,1797.48,1798.08
1748269584379.0,1797.6,1798.2
1748269584603,,
1748269589758.0,1797.73,1798.33
1748269591192.0,1797.6,1798.2
1748269607946.0,1797.48,1798.08
1748269612729.0,1797.35,1797.95
1748269616804.0,1797.48,1798.08
1748269617029.0,1797.35,1797.95
1748269626956.0,1797.48,1798.08
1748269630654.0,1797.35,1797.95
1748269649095.0,1797.23,1797.83
1748269651514.0,1797.35,1797.95
1748269659585.0,1797.23,1797.83
1748269662365.0,1797.1,1797.7
1748269665919.0,1797.23,1797.83
1748269666143.0,1797.1,1797.7
1748269693268.0,1796.98,1797.58
1748269701307.0,1797.1,1797.7
1748269702854.0,1796.98,1797.58
1748269703078.0,1797.1,1797.7
1748269705228.0,1796.98,1797.58
1748269705452.0,1797.1,1797.7
1748269706131.0,1796.98,1797.58
1748269709002,,
1748269710117.0,1796.85,1797.45
1748269710341,,
1748269720156.0,1796.98,1797.58
1748269722573.0,1797.1,1797.7
1748269724097.0,1796.98,1797.58
1748269742946.0,1797.1,1797.7
1748269751053.0,1797.23,1797.83
1748269752894.0,1797.1,1797.7
1748269771171.0,1797.23,1797.83
1748269792641.0,1797.1,1797.7
1748269792862,,
1748269801456.0,1797.23,1797.83
1748269809760.0,1797.1,1797.7
1748269814745.0,1796.98,1797.58
1748269816252.0,1797.1,1797.7
1748269816881.0,1796.98,1797.58
1748269817351.0,1797.1,1797.7
1748269818490,,
1748269819532.0,1797.1,1797.7
1748269823032.0,1797.23,1797.83
1748269823554.0,1797.1,1797.7
1748269824181.0,1797.23,1797.83
1748269829047.0,1797.35,1797.95
1748269829271,,
1748269829497.0,1797.23,1797.83
1748269830755.0,1797.35,1797.95
1748269833819.0,1797.23,1797.83
1748269839868.0,1797.35,1797.95
1748269841772.0,1797.35,1797.95
1748269842222.0,1797.23,1797.83
1748269843723.0,1797.35,1797.95
1748269844625.0,1797.23,1797.83
1748269845708.0,1797.1,1797.7
1748269847426.0,1797.23,1797.83
1748269848211.0,1797.1,1797.7
1748269848657.0,1797.23,1797.83
1748269849660.0,1797.1,1797.7
1748269851264.0,1796.98,1797.58
1748269852044.0,1796.6,1797.2
1748269852493.0,1796.6,1797.2
1748269853381.0,1796.73,1797.33
1748269853877.0,1796.85,1797.45
1748269854100,,
1748269854806.0,1796.98,1797.58
1748269855032.0,1796.85,1797.45
1748269855483.0,1796.98,1797.58
1748269857164.0,1796.85,1797.45
1748269858719.0,1796.98,1797.58
1748269858945.0,1796.85,1797.45
1748269860085.0,1796.98,1797.58
1748269860310.0,1796.85,1797.45
1748269861329.0,1796.73,1797.33
1748269862418.0,1796.85,1797.45
1748269862641.0,1796.73,1797.33
1748269863286.0,1796.85,1797.45
1748269864059.0,1796.98,1797.58
1748269864548.0,1796.85,1797.45
1748269865072.0,1796.98,1797.58
1748269865523.0,1796.85,1797.45
1748269865748.0,1796.73,1797.33
1748269866983.0,1796.85,1797.45
1748269867431.0,1796.85,1797.45
1748269868046.0,1796.73,1797.33
1748269869182.0,1796.6,1797.2
1748269869406,,
1748269870840.0,1796.48,1797.08
1748269872417.0,1796.35,1796.95
1748269873297.0,1796.23,1796.83
1748269873601.0,1796.35,1796.95
1748269877257.0,1796.48,1797.08
1748269877482.0,1796.35,1796.95
1748269878650.0,1796.35,1796.95
1748269879880.0,1796.48,1797.08
1748269881759.0,1796.35,1796.95
1748269883018.0,1796.48,1797.08
1748269884210.0,1796.6,1797.2
1748269887515.0,1796.73,1797.33
1748269887740.0,1796.6,1797.2
1748269888655.0,1796.48,1797.08
1748269888879.0,1796.6,1797.2
1748269890148.0,1796.48,1797.08
1748269890684.0,1796.6,1797.2
1748269895341.0,1796.73,1797.33
1748269897279.0,1796.85,1797.45
1748269902330.0,1796.98,1797.58
1748269904832.0,1796.85,1797.45
1748269911032.0,1796.98,1797.58
1748269912691.0,1796.85,1797.45
1748269918801.0,1796.73,1797.33
1748269919025.0,1796.85,1797.45
1748269919362.0,1796.73,1797.33
1748269919586.0,1796.85,1797.45
1748269921391.0,1796.73,1797.33
1748269921939.0,1796.85,1797.45
1748269924494.0,1796.73,1797.33
1748269925054.0,1796.85,1797.45
1748269925277.0,1796.73,1797.33
1748269926241.0,1796.6,1797.2
1748269935689.0,1796.73,1797.33
1748269938102.0,1796.6,1797.2
1748269942737.0,1796.73,1797.33
1748269949387.0,1796.6,1797.2
1748269949808.0,1796.48,1797.08
1748269950999.0,1796.6,1797.2
1748269954116.0,1796.6,1797.2
1748269954340.0,1796.48,1797.08
1748269962722.0,1796.35,1796.95
1748269962946,,
1748269969769.0,1796.35,1796.95
1748269971935.0,1796.48,1797.08
1748269983339.0,1796.35,1796.95
1748269983563.0,1796.23,1796.83
1748269985545.0,1796.35,1796.95
1748269985768.0,1796.48,1797.08
1748269988013,,
1748269989901.0,1796.6,1797.2
1748269998406.0,1796.73,1797.33
1748270006079.0,1796.85,1797.45
1748270015395.0,1796.73,1797.33
1748270029756.0,1796.6,1797.2
1748270041444.0,1796.73,1797.33
1748270043385.0,1796.6,1797.2
1748270045806.0,1796.73,1797.33
1748270072723.0,1796.85,1797.45
1748270094298.0,1796.73,1797.33
1748270100710.0,1796.6,1797.2
1748270100933.0,1796.48,1797.08
1748270101158.0,1796.6,1797.2
1748270102030.0,1796.48,1797.08
1748270102250.0,1796.6,1797.2
1748270103188.0,1796.48,1797.08
1748270104935.0,1796.6,1797.2
1748270112011.0,1796.48,1797.08
1748270118320.0,1796.35,1796.95
1748270118544.0,1796.48,1797.08
1748270119164.0,1796.35,1796.95
1748270119442.0,1796.23,1796.83
1748270119751.0,1796.35,1796.95
1748270119977.0,1796.23,1796.83
1748270127550.0,1796.1,1796.7
1748270127775.0,1795.98,1796.58
1748270128040,,
1748270128266.0,1796.23,1796.83
1748270131250.0,1796.35,1796.95
1748270133552.0,1796.23,1796.83
1748270135419.0,1796.23,1796.83
1748270141929.0,1796.1,1796.7
1748270148644.0,1796.23,1796.83
1748270148867.0,1796.1,1796.7
1748270160293.0,1796.23,1796.83
1748270162807.0,1796.35,1796.95
1748270171742.0,1796.48,1797.08
1748270179778.0,1796.6,1797.2
1748270181643.0,1796.48,1797.08
1748270218605.0,1796.6,1797.2
1748270220206.0,1796.48,1797.08
1748270231271.0,1796.6,1797.2
1748270240103.0,1796.48,1797.08
1748270245361,,
1748270245963,,
1748270256572.0,1796.6,1797.2
1748270257360.0,1796.73,1797.33
1748270258832.0,1796.6,1797.2
1748270260058,,
1748270260870.0,1796.48,1797.08
1748270277557.0,1796.35,1796.95
1748270277779.0,1796.23,1796.83
1748270298132.0,1796.35,1796.95
1748270298355.0,1796.48,1797.08
1748270310612.0,1796.35,1796.95
1748270318257.0,1796.48,1797.08
1748270318479.0,1796.35,1796.95
1748270321802.0,1796.48,1797.08
1748270323306.0,1796.35,1796.95
1748270334332.0,1796.48,1797.08
1748270334576.0,1796.35,1796.95
1748270335174.0,1796.48,1797.08
1748270337441,,
1748270337558.0,1796.35,1796.95
1748270342665,,
1748270343036.0,1796.23,1796.83
1748270344781,,
1748270376958.0,1795.98,1796.58
1748270377235.0,1796.1,1796.7
1748270378642.0,1795.98,1796.58
1748270380454,,
1748270380680.0,1795.85,1796.45
1748270383498.0,1795.98,1796.58
1748270386504.0,1795.85,1796.45
1748270387304.0,1795.98,1796.58
1748270407401.0,1795.85,1796.45
1748270408032.0,1795.98,1796.58
1748270408390.0,1795.85,1796.45
1748270409709.0,1795.98,1796.58
1748270423102,,
1748270425513,,
1748270426021.0,1795.85,1796.45
1748270428471.0,1795.98,1796.58
1748270431921.0,1795.85,1796.45
1748270432145.0,1795.98,1796.58
1748270454257.0,1795.85,1796.45
1748270457690.0,1795.98,1796.58
1748270462568.0,1795.98,1796.58
1748270476891,,
1748270477119.0,1796.1,1796.7
1748270483244.0,1796.23,1796.83
1748270490721,,
1748270495194.0,1796.1,1796.7
1748270500245.0,1796.23,1796.83
1748270500691.0,1796.23,1796.83
1748270500932.0,1796.1,1796.7
1748270505613.0,1795.98,1796.58
1748270509096.0,1796.1,1796.7
1748270516589.0,1796.23,1796.83
1748270517163.0,1796.23,1796.83
1748270517386.0,1796.1,1796.7
1748270517612.0,1796.23,1796.83
1748270518071.0,1796.1,1796.7
1748270525130.0,1795.98,1796.58
1748270526110.0,1796.1,1796.7
1748270529536.0,1796.23,1796.83
1748270529939.0,1796.1,1796.7
1748270531164.0,1796.23,1796.83
1748270533955.0,1796.1,1796.7
1748270540790.0,1796.23,1796.83
1748270541994.0,1796.35,1796.95
1748270542292.0,1796.23,1796.83
1748270542610.0,1796.35,1796.95
1748270543303.0,1796.23,1796.83
1748270599824.0,1796.1,1796.7
1748270600323.0,1795.98,1796.58
1748270600813.0,1796.1,1796.7
1748270601039.0,1795.98,1796.58
1748270605432.0,1796.1,1796.7
1748270606144,,
1748270616275.0,1796.23,1796.83
1748270617968.0,1796.1,1796.7
1748270620660,,
1748270621349.0,1796.23,1796.83
1748270640348.0,1796.1,1796.7
1748270640593.0,1795.98,1796.58
1748270641710.0,1796.1,1796.7
1748270643908.0,1795.98,1796.58
1748270645866.0,1796.1,1796.7
1748270647005.0,1795.98,1796.58
1748270648606.0,1796.1,1796.7
1748270649784.0,1795.98,1796.58
1748270667318.0,1796.1,1796.7
1748270669408.0,1795.98,1796.58
1748270678070.0,1796.1,1796.7
1748270680241.0,1795.98,1796.58
1748270680741.0,1796.1,1796.7
1748270688895.0,1795.98,1796.58
1748270700807,,
1748270701031.0,1795.85,1796.45
1748270702020.0,1795.98,1796.58
1748270713800.0,1795.85,1796.45
1748270720350.0,1795.73,1796.33
1748270739065.0,1795.85,1796.45
1748270739335,,
1748270742466.0,1795.73,1796.33
1748270747293.0,1795.85,1796.45
1748270747517.0,1795.73,1796.33
1748270749035.0,1795.85,1796.45
1748270749280.0,1795.73,1796.33
1748270749902.0,1795.85,1796.45
1748270750665.0,1795.73,1796.33
1748270757499.0,1795.85,1796.45
1748270758016.0,1795.73,1796.33
1748270765618.0,1795.85,1796.45
1748270770597.0,1795.73,1796.33
1748270771057.0,1795.85,1796.45
1748270781340.0,1795.85,1796.45
1748270788451.0,1795.73,1796.33
1748270793713.0,1795.85,1796.45
1748270816598.0,1795.73,1796.33
1748270820202.0,1795.85,1796.45
1748270820727,,
1748270828403.0,1795.85,1796.45
1748270831313.0,1795.98,1796.58
1748270831632,,
1748270832606.0,1795.85,1796.45
1748270841687.0,1795.98,1796.58
1748270881328.0,1795.98,1796.58
1748270881784.0,1795.98,1796.58
1748270883596.0,1795.85,1796.45
1748270883820.0,1795.98,1796.58
1748270890715.0,1795.73,1796.33
1748270890938.0,1795.85,1796.45
1748270894032.0,1795.98,1796.58
1748270894257.0,1795.85,1796.45
1748270895317.0,1795.85,1796.45
1748270895815.0,1795.85,1796.45
1748270900911.0,1795.98,1796.58
1748270901133.0,1795.85,1796.45
1748270910749.0,1795.98,1796.58
1748270912241.0,1795.85,1796.45
1748270913195.0,1795.98,1796.58
1748270915934.0,1795.85,1796.45
1748270918097.0,1795.73,1796.33
1748270918323.0,1795.85,1796.45
1748270919337.0,1795.98,1796.58
1748270919783.0,1795.85,1796.45
1748270924023.0,1795.73,1796.33
1748270924940.0,1795.85,1796.45
1748270937582.0,1795.98,1796.58
1748270937898.0,1795.85,1796.45
1748270938639.0,1795.85,1796.45
1748270938863.0,1795.98,1796.58
1748270947277.0,1795.85,1796.45
1748270949350.0,1795.98,1796.58
1748270949574.0,1795.85,1796.45
1748270953264.0,1795.98,1796.58
1748270954092.0,1795.85,1796.45
1748270954993.0,1795.98,1796.58
1748270958804,,
1748270961587,,
1748270965111.0,1795.73,1796.33
1748270965335.0,1795.85,1796.45
1748270968416.0,1795.85,1796.45
1748270975333.0,1795.98,1796.58
1748270976077.0,1795.85,1796.45
1748270977328.0,1795.98,1796.58
1748270977568.0,1795.85,1796.45
1748270978318.0,1795.98,1796.58
1748270978540.0,1795.85,1796.45
1748270980456.0,1795.85,1796.45
1748270980935.0,1795.85,1796.45
1748270981425.0,1795.98,1796.58
1748271023540,,
1748271023764.0,1796.1,1796.7
1748271024862.0,1795.98,1796.58
1748271025088.0,1796.1,1796.7
1748271027477.0,1795.98,1796.58
1748271027727.0,1796.1,1796.7
1748271030707.0,1795.98,1796.58
1748271041394.0,1796.1,1796.7
1748271047249.0,1796.1,1796.7
1748271048957.0,1795.98,1796.58
1748271050905.0,1796.1,1796.7
1748271051130.0,1795.98,1796.58
1748271053668.0,1795.85,1796.45
1748271054007.0,1795.98,1796.58
1748271054459.0,1795.98,1796.58
1748271054682.0,1795.85,1796.45
1748271055250.0,1795.98,1796.58
1748271055472.0,1795.85,1796.45
1748271057135.0,1795.85,1796.45
1748271060017.0,1795.98,1796.58
1748271062431.0,1795.85,1796.45
1748271062959.0,1795.98,1796.58
1748271064522.0,1795.85,1796.45
1748271069738.0,1795.73,1796.33
1748271070130,,
1748271070354.0,1795.6,1796.2
1748271071410.0,1795.73,1796.33
1748271075606.0,1795.6,1796.2
1748271075940.0,1795.48,1796.08
1748271076165.0,1795.6,1796.2
1748271076671,,
1748271078147.0,1795.73,1796.33
1748271084875.0,1795.85,1796.45
1748271085352.0,1795.73,1796.33
1748271091557.0,1795.85,1796.45
1748271092240.0,1795.73,1796.33
1748271092485.0,1795.6,1796.2
1748271094569,,
1748271095294.0,1795.73,1796.33
1748271113862.0,1795.6,1796.2
1748271114247.0,1795.73,1796.33
1748271114475.0,1795.6,1796.2
1748271115206.0,1795.73,1796.33
1748271125187.0,1795.85,1796.45
1748271125411,,
1748271127355.0,1795.98,1796.58
1748271138949.0,1796.1,1796.7
1748271139175.0,1795.98,1796.58
1748271153134,,
1748271153359.0,1795.85,1796.45
1748271158479.0,1795.98,1796.58
1748271162661.0,1795.85,1796.45
1748271163482.0,1795.98,1796.58
1748271163708.0,1795.85,1796.45
1748271164605.0,1795.98,1796.58
1748271200055.0,1795.85,1796.45
1748271204817.0,1795.98,1796.58
1748271240991.0,1795.85,1796.45
1748271241525.0,1795.98,1796.58
1748271279968.0,1796.1,1796.7
1748271280194,,
1748271281578.0,1796.23,1796.83
1748271282642.0,1796.1,1796.7
1748271285732.0,1796.23,1796.83
1748271285957.0,1796.1,1796.7
1748271289599.0,1796.23,1796.83
1748271292691.0,1796.35,1796.95
1748271298159.0,1796.48,1797.08
1748271300192,,
1748271300417.0,1796.35,1796.95
1748271301464.0,1796.48,1797.08
1748271301687.0,1796.35,1796.95
1748271303710.0,1796.23,1796.83
1748271322155,,
1748271322289.0,1796.35,1796.95
1748271322514.0,1796.48,1797.08
1748271328082.0,1796.35,1796.95
1748271343808.0,1796.48,1797.08
1748271356959.0,1796.23,1796.83
1748271362626.0,1796.1,1796.7
1748271362850.0,1795.98,1796.58
1748271367450.0,1795.73,1796.33
1748271367744,,
1748271367903.0,1795.6,1796.2
1748271368125.0,1795.48,1796.08
1748271368581.0,1795.6,1796.2
1748271368806.0,1795.48,1796.08
1748271369322.0,1795.6,1796.2
1748271369548.0,1795.48,1796.08
1748271370467,,
1748271370693.0,1794.98,1795.58
1748271370919.0,1794.85,1795.45
1748271371143.0,1794.6,1795.2
1748271371368.0,1794.85,1795.45
1748271371591.0,1794.73,1795.33
1748271371948.0,1794.85,1795.45
1748271372169.0,1794.98,1795.58
1748271372394.0,1795.1,1795.7
1748271372620.0,1794.98,1795.58
1748271373468,,
1748271373693.0,1795.1,1795.7
1748271373918.0,1794.98,1795.58
1748271375695.0,1795.23,1795.83
1748271377097.0,1795.35,1795.95
1748271377321.0,1795.48,1796.08
1748271393032.0,1795.35,1795.95
1748271393257.0,1795.48,1796.08
1748271394520.0,1795.6,1796.2
1748271394742,,
1748271396429.0,1795.48,1796.08
1748271396937.0,1795.6,1796.2
1748271400125.0,1795.48,1796.08
1748271400568.0,1795.6,1796.2
1748271401752.0,1795.73,1796.33
1748271408090.0,1795.85,1796.45
1748271408644.0,1795.73,1796.33
1748271409210.0,1795.85,1796.45
1748271410402.0,1795.73,1796.33
1748271415055.0,1795.85,1796.45
1748271415518.0,1795.73,1796.33
1748271420031.0,1795.6,1796.2
1748271420845.0,1795.73,1796.33
1748271421807.0,1795.6,1796.2
1748271422258.0,1795.48,1796.08
1748271422573.0,1795.6,1796.2
1748271422799.0,1795.48,1796.08
1748271433412,,
1748271433638.0,1795.23,1795.83
1748271441428.0,1795.1,1795.7
1748271450449.0,1795.23,1795.83
1748271451540.0,1795.1,1795.7
1748271459778.0,1794.98,1795.58
1748271467541.0,1794.85,1795.45
1748271468947.0,1794.73,1795.33
1748271469171.0,1794.85,1795.45
1748271475184.0,1794.73,1795.33
1748271475532.0,1794.85,1795.45
1748271475756.0,1794.73,1795.33
1748271479201.0,1794.85,1795.45
1748271480251.0,1794.98,1795.58
1748271480849.0,1794.85,1795.45
1748271486246.0,1794.73,1795.33
1748271486471.0,1794.85,1795.45
1748271486984.0,1794.73,1795.33
1748271488672.0,1794.85,1795.45
1748271488897.0,1794.73,1795.33
1748271496874.0,1794.85,1795.45
1748271498553.0,1794.98,1795.58
1748271499484.0,1794.85,1795.45
1748271499883.0,1794.98,1795.58
1748271500109.0,1794.85,1795.45
1748271504296.0,1794.98,1795.58
1748271505863.0,1794.85,1795.45
1748271507635.0,1794.98,1795.58
1748271509679.0,1794.85,1795.45
1748271509903.0,1794.98,1795.58
1748271510765.0,1794.85,1795.45
1748271511211.0,1794.98,1795.58
1748271518518.0,1795.1,1795.7
1748271520592.0,1795.23,1795.83
1748271521631.0,1795.1,1795.7
1748271525136.0,1795.23,1795.83
1748271525363.0,1795.1,1795.7
1748271530807.0,1794.98,1795.58
1748271532092.0,1795.1,1795.7
1748271532827.0,1794.98,1795.58
1748271536737.0,1795.1,1795.7
1748271537209.0,1794.98,1795.58
1748271541281.0,1794.85,1795.45
1748271541507.0,1794.73,1795.33
1748271545075.0,1794.85,1795.45
1748271545299.0,1794.73,1795.33
1748271557158.0,1794.6,1795.2
1748271557379,,
1748271564876.0,1794.73,1795.33
1748271565096.0,1794.6,1795.2
1748271568738.0,1794.48,1795.08
1748271569533.0,1794.6,1795.2
1748271570083.0,1794.48,1795.08
1748271570778.0,1794.6,1795.2
1748271571003.0,1794.48,1795.08
1748271574287,,
1748271574513.0,1794.35,1794.95
1748271575745.0,1794.23,1794.83
1748271575967.0,1794.35,1794.95
1748271578239.0,1794.48,1795.08
1748271579352.0,1794.35,1794.95
1748271579889.0,1794.23,1794.83
1748271580115.0,1794.35,1794.95
1748271580339.0,1794.48,1795.08
1748271581312.0,1794.6,1795.2
1748271582186.0,1794.73,1795.33
1748271583678.0,1794.85,1795.45
1748271583903.0,1794.98,1795.58
1748271592031.0,1794.85,1795.45
1748271592669.0,1794.98,1795.58
1748271592908.0,1794.85,1795.45
1748271593131,,
1748271597502.0,1794.98,1795.58
1748271597725.0,1794.85,1795.45
1748271599251.0,1794.73,1795.33
1748271599476.0,1794.85,1795.45
1748271600266.0,1794.98,1795.58
1748271600774,,
1748271600943.0,1794.85,1795.45
1748271601398.0,1794.73,1795.33
1748271604249.0,1794.6,1795.2
1748271604474,,
1748271606493.0,1794.48,1795.08
1748271606718.0,1794.6,1795.2
1748271608107.0,1794.73,1795.33
1748271612626.0,1794.85,1795.45
1748271614677.0,1794.73,1795.33
1748271614986.0,1794.85,1795.45
1748271616636.0,1794.73,1795.33
1748271617410.0,1794.85,1795.45
1748271619526.0,1794.73,1795.33
1748271619749.0,1794.85,1795.45
1748271622343.0,1794.98,1795.58
1748271622568.0,1794.73,1795.33
1748271624396.0,1794.85,1795.45
1748271624620.0,1794.73,1795.33
1748271626210.0,1794.6,1795.2
1748271626434,,
1748271632907.0,1794.48,1795.08
1748271635248.0,1794.35,1794.95
1748271635473,,
1748271636221.0,1794.23,1794.83
1748271638139.0,1794.35,1794.95
1748271638901.0,1794.23,1794.83
1748271640836.0,1794.35,1794.95
1748271641060.0,1794.23,1794.83
1748271645907.0,1794.35,1794.95
1748271646427.0,1794.23,1794.83
1748271647772.0,1794.35,1794.95
1748271648852.0,1794.48,1795.08
1748271654285.0,1794.6,1795.2
1748271655321.0,1794.48,1795.08
1748271658957.0,1794.6,1795.2
1748271660044.0,1794.73,1795.33
1748271660280.0,1794.6,1795.2
1748271660504,,
1748271661024.0,1794.73,1795.33
1748271661329.0,1794.6,1795.2
1748271661553.0,1794.85,1795.45
1748271661779.0,1794.6,1795.2
1748271663169.0,1794.48,1795.08
1748271669055,,
1748271669508.0,1794.35,1794.95
1748271672652.0,1794.23,1794.83
1748271672874.0,1794.35,1794.95
1748271674188.0,1794.48,1795.08
1748271693303.0,1794.6,1795.2
1748271695297.0,1794.73,1795.33
1748271695521.0,1794.6,1795.2
1748271695926.0,1794.73,1795.33
1748271696151.0,1794.6,1795.2
1748271700130.0,1794.48,1795.08
1748271700411.0,1794.6,1795.2
1748271700981.0,1794.48,1795.08
1748271707743.0,1794.35,1794.95
1748271707966.0,1794.23,1794.83
1748271708684.0,1794.35,1794.95
1748271710270.0,1794.23,1794.83
1748271710552.0,1794.35,1794.95
1748271710917.0,1794.23,1794.83
1748271714250.0,1794.35,1794.95
1748271715246.0,1794.23,1794.83
1748271720392.0,1794.35,1794.95
1748271721611.0,1794.23,1794.83
1748271722058.0,1794.35,1794.95
1748271723509.0,1794.23,1794.83
1748271723909.0,1794.35,1794.95
1748271724484.0,1794.23,1794.83
1748271724858.0,1794.35,1794.95
1748271725081.0,1794.23,1794.83
1748271726713.0,1794.35,1794.95
1748271735324.0,1794.23,1794.83
1748271735835.0,1794.35,1794.95
1748271743002.0,1794.23,1794.83
1748271743223.0,1793.98,1794.58
1748271744013.0,1794.1,1794.7
1748271744272.0,1793.98,1794.58
1748271744773.0,1794.1,1794.7
1748271746816.0,1793.98,1794.58
1748271748629.0,1794.1,1794.7
1748271748851.0,1793.98,1794.58
1748271749670.0,1794.1,1794.7
1748271755065.0,1794.23,1794.83
1748271761620.0,1794.1,1794.7
1748271765015.0,1794.23,1794.83
1748271765238.0,1794.1,1794.7
1748271772629.0,1794.23,1794.83
1748271773928.0,1794.1,1794.7
1748271774293,,
1748271779692.0,1793.98,1794.58
1748271780287.0,1794.1,1794.7
1748271782231.0,1793.98,1794.58
1748271783158.0,1794.1,1794.7
1748271784515,,
1748271786717.0,1793.98,1794.58
1748271789542,,
1748271789768.0,1793.85,1794.45
1748271790061.0,1793.98,1794.58
1748271793299.0,1794.1,1794.7
1748271793516,,
1748271799619.0,1793.98,1794.58
1748271802193.0,1794.1,1794.7
1748271802786.0,1793.98,1794.58
1748271805290.0,1794.1,1794.7
1748271807735.0,1793.98,1794.58
1748271809121.0,1793.85,1794.45
1748271809344.0,1793.98,1794.58
1748271809568.0,1793.85,1794.45
1748271809794.0,1793.73,1794.33
1748271814345.0,1793.85,1794.45
1748271814846,,
1748271822568.0,1793.98,1794.58
1748271822793.0,1793.85,1794.45
1748271823381.0,1793.73,1794.33
1748271823604.0,1793.85,1794.45
1748271831282.0,1793.98,1794.58
1748271832520.0,1794.1,1794.7
1748271833312.0,1793.98,1794.58
1748271835012.0,1794.1,1794.7
1748271835668.0,1793.98,1794.58
1748271837222.0,1794.1,1794.7
1748271843032.0,1793.98,1794.58
1748271846935.0,1794.1,1794.7
1748271850539.0,1793.98,1794.58
1748271860739.0,1794.1,1794.7
1748271860963.0,1793.98,1794.58
1748271863958.0,1793.85,1794.45
1748271864576,,
1748271874608.0,1793.73,1794.33
1748271879280.0,1793.85,1794.45
1748271882578.0,1793.73,1794.33
1748271883376.0,1793.6,1794.2
1748271884668.0,1793.73,1794.33
1748271884895.0,1793.6,1794.2
1748271891877.0,1793.73,1794.33
1748271892101.0,1793.6,1794.2
1748271896262.0,1793.48,1794.08
1748271896488.0,1793.6,1794.2
1748271898568.0,1793.48,1794.08
1748271900292.0,1793.6,1794.2
1748271900515.0,1793.48,1794.08
1748271902216.0,1793.6,1794.2
1748271902443.0,1793.48,1794.08
1748271903032.0,1793.6,1794.2
1748271905743.0,1793.48,1794.08
1748271906480.0,1793.6,1794.2
1748271909550.0,1793.73,1794.33
1748271919205.0,1793.6,1794.2
1748271919429.0,1793.73,1794.33
1748271928122.0,1793.85,1794.45
1748271939747.0,1793.98,1794.58
1748271944138.0,1793.85,1794.45
1748271944537.0,1793.98,1794.58
1748271951452.0,1794.1,1794.7
1748271954265.0,1794.23,1794.83
1748271962927.0,1794.1,1794.7
1748271963150.0,1794.23,1794.83
1748271964900,,
1748271965123.0,1794.48,1795.08
1748271965591.0,1794.6,1795.2
1748271967867.0,1794.73,1795.33
1748271968091.0,1794.6,1795.2
1748271968315.0,1794.73,1795.33
1748271969445.0,1794.6,1795.2
1748271976385.0,1794.73,1795.33
1748271976610.0,1794.6,1795.2
1748271978074.0,1794.73,1795.33
1748271979579.0,1794.85,1795.45
1748271979801,,
1748271980697.0,1794.98,1795.58
1748271983091.0,1794.85,1795.45
1748271983566.0,1794.98,1795.58
1748271983787.0,1794.85,1795.45
1748271984695.0,1794.98,1795.58
1748271985002.0,1794.85,1795.45
1748271985636,,
1748271986359.0,1794.98,1795.58
1748271992009,,
1748271993316,,
1748271994998.0,1795.1,1795.7
1748271995229.0,1794.98,1795.58
1748271995770.0,1794.85,1795.45
1748271996276,,
1748271998595.0,1794.98,1795.58
1748272000920.0,1795.1,1795.7
1748272001145,,
1748272001369.0,1794.98,1795.58
1748272001696.0,1794.85,1795.45
1748272001920.0,1794.98,1795.58
1748272002244.0,1795.1,1795.7
1748272002469.0,1794.98,1795.58
1748272003547.0,1795.1,1795.7
1748272006867,,
1748272010371,,
1748272011417.0,1795.23,1795.83
1748272012506.0,1795.1,1795.7
1748272015865.0,1795.23,1795.83
1748272016090.0,1795.1,1795.7
1748272023192.0,1795.23,1795.83
1748272023416.0,1795.1,1795.7
1748272027722.0,1794.98,1795.58
1748272034701.0,1795.1,1795.7
1748272034922.0,1795.23,1795.83
1748272042028.0,1795.1,1795.7
1748272042428,,
1748272054370.0,1794.98,1795.58
1748272056073.0,1794.85,1795.45
1748272061638.0,1794.98,1795.58
1748272063734.0,1794.85,1795.45
1748272072774.0,1794.73,1795.33
1748272077537.0,1794.6,1795.2
1748272077760,,
1748272083273.0,1794.48,1795.08
1748272084033.0,1794.6,1795.2
1748272085286.0,1794.48,1795.08
1748272085839.0,1794.6,1795.2
1748272090728.0,1794.73,1795.33
1748272093158.0,1794.6,1795.2
1748272093384.0,1794.73,1795.33
1748272099869.0,1794.6,1795.2
1748272106231.0,1794.48,1795.08
1748272106456.0,1794.6,1795.2
1748272107304.0,1794.73,1795.33
1748272113181.0,1794.85,1795.45
1748272113405.0,1794.73,1795.33
1748272118182.0,1794.85,1795.45
1748272118405.0,1794.73,1795.33
1748272118734.0,1794.85,1795.45
1748272122837.0,1794.98,1795.58
1748272125271.0,1795.1,1795.7
1748272128333.0,1795.23,1795.83
1748272128556.0,1795.1,1795.7
1748272130298.0,1794.98,1795.58
1748272130747.0,1795.1,1795.7
1748272146196.0,1794.98,1795.58
1748272154256.0,1794.85,1795.45
1748272164915.0,1794.98,1795.58
1748272177176.0,1795.1,1795.7
1748272177400.0,1794.98,1795.58
1748272177943.0,1795.1,1795.7
1748272178168.0,1794.98,1795.58
1748272181069.0,1795.1,1795.7
1748272182224.0,1794.98,1795.58
1748272182449.0,1795.1,1795.7
1748272184565.0,1794.98,1795.58
1748272201090,,
1748272206845,,
1748272207490.0,1795.1,1795.7
1748272207714.0,1794.98,1795.58
1748272207955.0,1795.1,1795.7
1748272208421.0,1795.23,1795.83
1748272222094.0,1795.1,1795.7
1748272222316.0,1795.23,1795.83
1748272225203,,
1748272225326.0,1795.1,1795.7
1748272226390.0,1795.23,1795.83
1748272226612.0,1795.1,1795.7
1748272237065.0,1795.23,1795.83
1748272248187.0,1795.35,1795.95
1748272248409.0,1795.48,1796.08
1748272289949.0,1795.23,1795.83
1748272292769.0,1795.35,1795.95
1748272295267.0,1795.23,1795.83
1748272301114.0,1795.1,1795.7
1748272301340.0,1795.23,1795.83
1748272302679.0,1795.1,1795.7
1748272309824.0,1794.98,1795.58
1748272311229.0,1795.1,1795.7
1748272311810.0,1795.23,1795.83
1748272313248.0,1795.1,1795.7
1748272313498.0,1795.23,1795.83
1748272314245.0,1795.1,1795.7
1748272315835.0,1794.98,1795.58
1748272327976.0,1795.1,1795.7
1748272328316.0,1795.23,1795.83
1748272329991.0,1795.1,1795.7
1748272332685.0,1795.23,1795.83
1748272349529,,
1748272349755.0,1795.35,1795.95
1748272349978.0,1795.48,1796.08
1748272353827.0,1795.73,1796.33
1748272354053.0,1795.6,1796.2
1748272355131.0,1795.73,1796.33
1748272355352.0,1795.6,1796.2
1748272357245.0,1795.73,1796.33
1748272357603.0,1795.6,1796.2
1748272362956.0,1795.73,1796.33
1748272373018.0,1795.48,1796.08
1748272374463.0,1795.6,1796.2
1748272383524.0,1795.6,1796.2
1748272388393.0,1795.73,1796.33
1748272390644.0,1795.6,1796.2
1748272392336,,
1748272394524.0,1795.48,1796.08
1748272396412.0,1795.6,1796.2
1748272396866.0,1795.48,1796.08
1748272404766.0,1795.6,1796.2
1748272411921.0,1795.73,1796.33
1748272421697.0,1795.6,1796.2
1748272421921.0,1795.48,1796.08
1748272425015.0,1795.6,1796.2
1748272430793.0,1795.73,1796.33
1748272439105,,
1748272440760,,
1748272440859.0,1795.48,1796.08
1748272471051,,
1748272472049,,
1748272472507.0,1795.35,1795.95
1748272472731.0,1795.23,1795.83
1748272494046.0,1795.1,1795.7
1748272494269,,
1748272494932.0,1794.98,1795.58
1748272502074.0,1795.1,1795.7
1748272506777,,
1748272510018.0,1795.23,1795.83
1748272543194.0,1795.1,1795.7
1748272547849,,
1748272550418.0,1794.98,1795.58
1748272551766.0,1795.1,1795.7
1748272553763.0,1794.98,1795.58
1748272553987.0,1795.1,1795.7
1748272557510.0,1794.98,1795.58
1748272569995.0,1795.1,1795.7
1748272570220.0,1794.98,1795.58
1748272574879,,
1748272575107.0,1794.73,1795.33
1748272589241.0,1794.6,1795.2
1748272589463,,
1748272593547.0,1794.73,1795.33
1748272593878.0,1794.6,1795.2
1748272594501.0,1794.73,1795.33
1748272598178.0,1794.85,1795.45
1748272598401.0,1794.73,1795.33
1748272599250.0,1794.85,1795.45
1748272599473.0,1794.73,1795.33
1748272599815.0,1794.85,1795.45
1748272606614.0,1794.98,1795.58
1748272630818.0,1795.1,1795.7
1748272631042,,
1748272635521.0,1795.23,1795.83
1748272635746.0,1795.35,1795.95
1748272635972.0,1795.23,1795.83
1748272639181.0,1795.35,1795.95
1748272639404,,
1748272641408.0,1795.48,1796.08
1748272641631.0,1795.35,1795.95
1748272644333.0,1795.23,1795.83
1748272656732.0,1795.1,1795.7
1748272656956,,
1748272667262.0,1794.98,1795.58
1748272667735.0,1794.85,1795.45
1748272667958,,
1748272678530.0,1794.98,1795.58
1748272714056,,
1748272714278.0,1795.1,1795.7
1748272715359.0,1795.23,1795.83
1748272715588.0,1795.1,1795.7
1748272716884.0,1794.98,1795.58
1748272719246.0,1794.85,1795.45
1748272719469,,
1748272733538.0,1794.98,1795.58
1748272734755.0,1794.85,1795.45
1748272736560.0,1794.98,1795.58
1748272736783.0,1794.85,1795.45
1748272741368.0,1794.98,1795.58
1748272741628.0,1794.85,1795.45
1748272746922.0,1794.98,1795.58
1748272748785.0,1794.85,1795.45
1748272760279.0,1794.98,1795.58
1748272763441.0,1794.85,1795.45
1748272763663.0,1794.98,1795.58
1748272769961.0,1794.85,1795.45
1748272773926.0,1794.98,1795.58
1748272776050.0,1794.85,1795.45
1748272788598.0,1794.98,1795.58
1748272789875,,
1748272790100.0,1795.1,1795.7
1748272792053.0,1795.23,1795.83
1748272792577.0,1795.1,1795.7
1748272795596.0,1795.23,1795.83
1748272795916.0,1795.1,1795.7
1748272799456.0,1794.98,1795.58
1748272799679.0,1795.1,1795.7
1748272800572.0,1795.35,1795.95
1748272800858.0,1795.23,1795.83
1748272802228.0,1795.35,1795.95
1748272802461.0,1795.23,1795.83
1748272802686.0,1795.35,1795.95
1748272802911.0,1795.23,1795.83
1748272803136.0,1795.35,1795.95
1748272803360.0,1795.23,1795.83
1748272803587.0,1795.35,1795.95
1748272804629.0,1795.48,1796.08
1748272804853.0,1795.35,1795.95
1748272806260.0,1795.48,1796.08
1748272806484.0,1795.35,1795.95
1748272808659.0,1795.48,1796.08
1748272812982.0,1795.35,1795.95
1748272819749.0,1795.23,1795.83
1748272842066.0,1795.35,1795.95
1748272844885.0,1795.23,1795.83
1748272847076,,
1748272847206.0,1795.35,1795.95
1748272860451.0,1795.48,1796.08
1748272860677.0,1795.35,1795.95
1748272876649.0,1795.23,1795.83
1748272890656.0,1795.35,1795.95
1748272892862.0,1795.23,1795.83
1748272895085.0,1795.35,1795.95
1748272908919.0,1795.23,1795.83
1748272909144.0,1795.35,1795.95
1748272917740.0,1795.48,1796.08
1748272917961.0,1795.35,1795.95
1748272930566.0,1795.23,1795.83
1748272966517.0,1795.35,1795.95
1748272966741.0,1795.23,1795.83
1748272976157,,
1748272976381.0,1795.1,1795.7
1748272977669.0,1795.23,1795.83
1748272978316.0,1795.1,1795.7
1748272985537,,
1748272987798.0,1794.98,1795.58
1748272989995.0,1795.1,1795.7
1748272990220.0,1794.98,1795.58
1748272991092.0,1795.1,1795.7
1748272991317.0,1794.98,1795.58
1748273010340.0,1795.1,1795.7
1748273010564.0,1794.98,1795.58
1748273025156.0,1795.1,1795.7
1748273025380.0,1795.23,1795.83
1748273030223.0,1795.1,1795.7
1748273044268.0,1794.98,1795.58
1748273111442,,
1748273112307.0,1795.1,1795.7
1748273112531.0,1795.23,1795.83
1748273116855.0,1795.1,1795.7
1748273117314.0,1794.98,1795.58
1748273118335.0,1795.1,1795.7
1748273122623.0,1794.98,1795.58
1748273136159.0,1795.1,1795.7
1748273152381.0,1794.98,1795.58
1748273160866.0,1794.85,1795.45
1748273161089,,
1748273164036.0,1794.98,1795.58
1748273175768,,
1748273176878,,
1748273186181.0,1795.1,1795.7
1748273186405,,
1748273192389.0,1795.23,1795.83
1748273201639.0,1795.1,1795.7
1748273201864.0,1795.23,1795.83
1748273202879.0,1795.1,1795.7
1748273203585,,
1748273208197.0,1794.98,1795.58
1748273208423.0,1795.1,1795.7
1748273210464.0,1795.23,1795.83
1748273239940.0,1795.1,1795.7
1748273243922.0,1794.98,1795.58
1748273244149.0,1795.1,1795.7
1748273248636.0,1795.23,1795.83
1748273248859.0,1795.1,1795.7
1748273249635.0,1795.23,1795.83
1748273249860.0,1795.1,1795.7
1748273250085.0,1795.23,1795.83
1748273252063,,
1748273254813,,
1748273255037.0,1795.35,1795.95
1748273278077.0,1795.23,1795.83
1748273278299.0,1795.35,1795.95
1748273278928.0,1795.23,1795.83
1748273279538.0,1795.35,1795.95
1748273287458.0,1795.48,1796.08
1748273290093.0,1795.35,1795.95
1748273297181.0,1795.48,1796.08
1748273297404.0,1795.35,1795.95
1748273298218.0,1795.48,1796.08
1748273298537.0,1795.35,1795.95
1748273298815.0,1795.48,1796.08
1748273299041.0,1795.35,1795.95
1748273299265.0,1795.48,1796.08
1748273299491.0,1795.35,1795.95
1748273299716.0,1795.48,1796.08
1748273300325.0,1795.35,1795.95
1748273303410.0,1795.48,1796.08
1748273304639.0,1795.35,1795.95
1748273305095.0,1795.48,1796.08
1748273330801.0,1795.23,1795.83
1748273332179.0,1795.35,1795.95
1748273332524,,
1748273336821.0,1795.48,1796.08
1748273337045.0,1795.35,1795.95
1748273343863.0,1795.48,1796.08
1748273344085.0,1795.35,1795.95
1748273344821.0,1795.23,1795.83
1748273356524.0,1795.35,1795.95
1748273356748.0,1795.23,1795.83
1748273360786,,
1748273360929.0,1795.35,1795.95
1748273389861.0,1795.48,1796.08
1748273390937.0,1795.35,1795.95
1748273395183,,
1748273398203.0,1795.48,1796.08
1748273402038.0,1795.35,1795.95
1748273412900.0,1795.48,1796.08
1748273413124.0,1795.35,1795.95
1748273417579.0,1795.48,1796.08
1748273417803.0,1795.35,1795.95
1748273421191.0,1795.48,1796.08
1748273421415.0,1795.35,1795.95
1748273428599.0,1795.48,1796.08
1748273433923,,
1748273434054.0,1795.35,1795.95
1748273444897.0,1795.23,1795.83
1748273445121.0,1795.35,1795.95
1748273454286.0,1795.48,1796.08
1748273478584,,
1748273494819.0,1795.35,1795.95
1748273495041.0,1795.23,1795.83
1748273496153.0,1795.35,1795.95
1748273496946.0,1795.23,1795.83
1748273505238.0,1795.35,1795.95
1748273508340.0,1795.23,1795.83
1748273516337.0,1795.35,1795.95
1748273516995.0,1795.23,1795.83
1748273540131.0,1795.35,1795.95
1748273540355.0,1795.23,1795.83
1748273540580.0,1795.35,1795.95
1748273540850.0,1795.48,1796.08
1748273560450,,
1748273591121.0,1795.73,1796.33
1748273595674.0,1795.85,1796.45
1748273595899,,
1748273596808.0,1795.98,1796.58
1748273622067.0,1795.73,1796.33
1748273622291.0,1795.85,1796.45
1748273632201.0,1795.98,1796.58
1748273649199,,
1748273649425.0,1796.1,1796.7
1748273650170.0,1795.98,1796.58
1748273650395.0,1796.1,1796.7
1748273656131.0,1795.98,1796.58
1748273675399.0,1796.1,1796.7
1748273677125.0,1796.23,1796.83
1748273687612.0,1796.1,1796.7
1748273693016.0,1796.23,1796.83
1748273693568.0,1796.1,1796.7
1748273695780.0,1796.23,1796.83
1748273703358.0,1796.35,1796.95
1748273703581.0,1796.48,1797.08
1748273703808.0,1796.35,1796.95
1748273704192.0,1796.23,1796.83
1748273704900.0,1796.35,1796.95
1748273705597.0,1796.23,1796.83
1748273718071.0,1796.1,1796.7
1748273718296.0,1796.23,1796.83
1748273730879.0,1796.35,1796.95
1748273740688.0,1796.48,1797.08
1748273741218.0,1796.35,1796.95
1748273741442.0,1796.48,1797.08
1748273742775.0,1796.35,1796.95
1748273747129.0,1796.23,1796.83
1748273758202.0,1796.35,1796.95
1748273765714.0,1796.23,1796.83
1748273773380.0,1796.35,1796.95
1748273773605.0,1796.23,1796.83
1748273798335.0,1796.35,1796.95
1748273798557.0,1796.48,1797.08
1748273810093.0,1796.73,1797.33
1748273810315.0,1796.6,1797.2
1748273810703,,
1748273812513.0,1796.73,1797.33
1748273846325,,
1748273849108,,
1748273855354.0,1796.6,1797.2
1748273855574,,
1748273857889.0,1796.48,1797.08
1748273878783.0,1796.6,1797.2
1748273879663.0,1796.73,1797.33
1748273880691.0,1796.85,1797.45
1748273908313.0,1796.73,1797.33
1748273916670.0,1796.6,1797.2
1748273941802,,
1748273970011.0,1796.73,1797.33
1748273973021,,
1748273980429.0,1796.6,1797.2
1748273980651,,
1748273987071,,
1748274002261,,
1748274009124.0,1796.48,1797.08
1748274011780.0,1796.35,1796.95
1748274012924.0,1796.48,1797.08
1748274018067.0,1796.35,1796.95
1748274018293.0,1796.48,1797.08
1748274019787.0,1796.35,1796.95
1748274021062.0,1796.48,1797.08
1748274021346.0,1796.35,1796.95
1748274023478.0,1796.48,1797.08
1748274023702.0,1796.35,1796.95
1748274024111.0,1796.48,1797.08
1748274024335.0,1796.35,1796.95
1748274032639.0,1796.48,1797.08
1748274051035.0,1796.6,1797.2
1748274051257.0,1796.73,1797.33
1748274051545,,
1748274053316.0,1796.85,1797.45
1748274053539.0,1796.98,1797.58
1748274055713,,
1748274055938.0,1797.1,1797.7
1748274056430.0,1797.23,1797.83
1748274057320.0,1797.1,1797.7
1748274059582,,
1748274060429,,
1748274060654.0,1797.23,1797.83
1748274072528.0,1797.1,1797.7
1748274079893.0,1797.23,1797.83
1748274090410.0,1797.1,1797.7
1748274091296.0,1796.98,1797.58
1748274091520.0,1797.1,1797.7
1748274095763.0,1796.98,1797.58
1748274096097,,
1748274096323.0,1797.1,1797.7
1748274097393.0,1796.98,1797.58
1748274098972.0,1797.1,1797.7
1748274107121.0,1796.98,1797.58
1748274115128.0,1797.1,1797.7
1748274126693.0,1796.98,1797.58
1748274146039.0,1797.1,1797.7
1748274148337.0,1796.98,1797.58
1748274175694.0,1797.1,1797.7
1748274185979.0,1796.98,1797.58
1748274189707.0,1797.1,1797.7
1748274190173.0,1797.23,1797.83
1748274191734.0,1797.1,1797.7
1748274193493.0,1797.23,1797.83
1748274197038.0,1797.1,1797.7
1748274198464.0,1797.23,1797.83
1748274205068.0,1797.1,1797.7
1748274208258.0,1796.98,1797.58
1748274208707.0,1797.1,1797.7
1748274224486.0,1797.23,1797.83
1748274224710.0,1797.1,1797.7
1748274237423.0,1797.23,1797.83
1748274238050.0,1797.1,1797.7
1748274238272.0,1797.23,1797.83
1748274239682.0,1797.1,1797.7
1748274240135.0,1797.23,1797.83
1748274240424.0,1797.1,1797.7
1748274242846.0,1797.23,1797.83
1748274243067.0,1797.1,1797.7
1748274254527.0,1796.98,1797.58
1748274254749.0,1797.1,1797.7
1748274278844.0,1797.23,1797.83
1748274286828.0,1797.1,1797.7
1748274288005.0,1797.23,1797.83
1748274288228.0,1797.1,1797.7
1748274290804.0,1797.23,1797.83
1748274291593.0,1797.1,1797.7
1748274298637.0,1796.98,1797.58
1748274298860.0,1797.1,1797.7
1748274299086.0,1796.98,1797.58
1748274299726.0,1797.1,1797.7
1748274302659.0,1797.23,1797.83
1748274302882.0,1797.1,1797.7
1748274308287.0,1797.23,1797.83
1748274309486.0,1797.1,1797.7
1748274310280.0,1797.23,1797.83
1748274310673.0,1797.35,1797.95
1748274310899,,
1748274311558.0,1797.48,1798.08
1748274312074.0,1797.35,1797.95
1748274313680.0,1797.48,1798.08
1748274317363.0,1797.35,1797.95
1748274317587.0,1797.48,1798.08
1748274322503.0,1797.35,1797.95
1748274322727.0,1797.48,1798.08
1748274336116.0,1797.35,1797.95
1748274343444.0,1797.23,1797.83
1748274365090.0,1797.1,1797.7
1748274365313,,
1748274372846.0,1797.23,1797.83
1748274380765.0,1797.48,1798.08
1748274381879,,
1748274389804.0,1797.6,1798.2
1748274390025,,
1748274390253.0,1797.48,1798.08
1748274390476.0,1797.6,1798.2
1748274399838.0,1797.48,1798.08
1748274400059.0,1797.35,1797.95
1748274403704.0,1797.23,1797.83
1748274405288,,
1748274405511.0,1797.1,1797.7
1748274406506.0,1796.98,1797.58
1748274406729.0,1797.1,1797.7
1748274432373.0,1797.23,1797.83
1748274450061.0,1797.1,1797.7
1748274452259,,
1748274459113.0,1797.23,1797.83
1748274467812,,
1748274468724,,
1748274511365.0,1797.1,1797.7
1748274511589,,
1748274512754.0,1797.23,1797.83
1748274536277.0,1797.1,1797.7
1748274539294.0,1797.23,1797.83
1748274576013.0,1797.35,1797.95
1748274576236,,
1748274578969.0,1797.23,1797.83
1748274605103.0,1797.35,1797.95
1748274608031.0,1797.23,1797.83
1748274623197.0,1796.98,1797.58
1748274623420,,
1748274629530.0,1797.1,1797.7
1748274635716.0,1797.23,1797.83
1748274640231.0,1797.1,1797.7
1748274640451.0,1796.98,1797.58
1748274643376.0,1797.1,1797.7
1748274649544.0,1797.23,1797.83
1748274665505,,
1748274665674.0,1797.1,1797.7
1748274675088.0,1796.98,1797.58
1748274707148,,
1748274711980.0,1797.1,1797.7
1748274712204.0,1797.23,1797.83
1748274715377.0,1796.98,1797.58
1748274721397,,
1748274721589.0,1797.1,1797.7
1748274721814.0,1796.98,1797.58
1748274722276.0,1797.1,1797.7
1748274722728.0,1797.23,1797.83
1748274725781.0,1797.1,1797.7
1748274728129.0,1796.98,1797.58
1748274842955.0,1797.1,1797.7
1748274843179.0,1796.98,1797.58
1748274844910.0,1797.1,1797.7
1748274848656.0,1796.98,1797.58
1748274852906.0,1797.1,1797.7
1748274853357.0,1796.98,1797.58
1748274876965,,
1748274877770,,
1748274907445.0,1797.1,1797.7
1748274908721.0,1797.23,1797.83
1748274908946.0,1797.1,1797.7
1748274914112.0,1797.23,1797.83
1748274955322.0,1796.98,1797.58
1748274955545,,
1748274968357,,
1748274968582.0,1796.73,1797.33
1748275024685,,
1748275025597.0,1796.6,1797.2
1748275041355.0,1796.48,1797.08
1748275061706,,
1748275078051,,
1748275078929.0,1796.35,1796.95
1748275080221,,
1748275088083.0,1796.48,1797.08
1748275097480.0,1796.6,1797.2
1748275097702,,
1748275106024.0,1796.73,1797.33
1748275107490.0,1796.6,1797.2
1748275108317.0,1796.73,1797.33
1748275113747.0,1796.48,1797.08
1748275113971.0,1796.6,1797.2
1748275119198.0,1796.73,1797.33
1748275159346.0,1796.85,1797.45
1748275159569,,
1748275159817.0,1796.98,1797.58
1748275160041.0,1796.85,1797.45
1748275177019.0,1796.73,1797.33
1748275181287.0,1796.85,1797.45
1748275182709.0,1796.73,1797.33
1748275200281.0,1796.85,1797.45
1748275201014.0,1796.98,1797.58
1748275201237.0,1797.1,1797.7
1748275201627.0,1796.98,1797.58
1748275201854.0,1797.1,1797.7
1748275202227.0,1796.98,1797.58
1748275209451.0,1796.85,1797.45
1748275209674,,
1748275209976.0,1796.98,1797.58
1748275210201.0,1796.85,1797.45
1748275211077.0,1796.98,1797.58
1748275226164.0,1797.1,1797.7
1748275233995.0,1796.98,1797.58
1748275244693.0,1796.85,1797.45
1748275246918.0,1796.73,1797.33
1748275292010.0,1796.85,1797.45
1748275292463.0,1796.73,1797.33
1748275292689.0,1796.85,1797.45
1748275292913.0,1796.73,1797.33
1748275321353,,
1748275321578.0,1796.6,1797.2
1748275334796.0,1796.73,1797.33
1748275335015.0,1796.6,1797.2
1748275350575.0,1796.73,1797.33
1748275351863.0,1796.6,1797.2
1748275387535.0,1796.73,1797.33
1748275387758.0,1796.85,1797.45
1748275392262.0,1796.73,1797.33
1748275424917.0,1796.85,1797.45
1748275425143.0,1796.98,1797.58
1748275425543.0,1796.85,1797.45
1748275427521.0,1796.98,1797.58
1748275428581.0,1796.85,1797.45
1748275441497.0,1796.73,1797.33
1748275441944.0,1796.85,1797.45
1748275442615.0,1796.73,1797.33
1748275442838.0,1796.85,1797.45
1748275473536.0,1796.98,1797.58
1748275473760.0,1796.85,1797.45
1748275484486.0,1796.98,1797.58
1748275502890.0,1796.85,1797.45
1748275506772.0,1796.73,1797.33
1748275506993.0,1796.85,1797.45
1748275514217.0,1796.98,1797.58
1748275543817.0,1796.85,1797.45
1748275544802,,
1748275560234.0,1796.98,1797.58
1748275578615.0,1796.85,1797.45
1748275592342,,
1748275617602.0,1796.98,1797.58
1748275647173.0,1797.1,1797.7
1748275647397,,
1748275660916.0,1797.23,1797.83
1748275662878,,
1748275690869.0,1797.35,1797.95
1748275691093,,
1748275691316.0,1797.23,1797.83
1748275693708,,
1748275694111,,
1748275696576.0,1797.35,1797.95
1748275700164.0,1797.48,1798.08
1748275728432,,
1748275728568.0,1797.23,1797.83
1748275751309.0,1797.35,1797.95
1748275760956.0,1797.48,1798.08
1748275778936,,
1748275790168.0,1797.35,1797.95
1748275790391.0,1797.23,1797.83
1748275790618.0,1797.35,1797.95
1748275794309.0,1797.48,1798.08
1748275800257.0,1797.35,1797.95
1748275800563,,
1748275801005.0,1797.48,1798.08
1748275801266.0,1797.35,1797.95
1748275805287.0,1797.23,1797.83
1748275811135.0,1797.48,1798.08
1748275811551,,
1748275823680.0,1797.6,1798.2
1748275823904,,
1748275824424.0,1797.73,1798.33
1748275824985.0,1797.6,1798.2
1748275826298.0,1797.73,1798.33
1748275827431.0,1797.6,1798.2
1748275827750,,
1748275832451.0,1797.73,1798.33
1748275838516.0,1797.6,1798.2
1748275839502.0,1797.48,1798.08
1748275853966.0,1797.35,1797.95
1748275856305.0,1797.48,1798.08
1748275857034.0,1797.35,1797.95
1748275858760.0,1797.48,1798.08
1748275860494.0,1797.35,1797.95
1748275861175.0,1797.48,1798.08
1748275868718.0,1797.35,1797.95
1748275869174.0,1797.48,1798.08
1748275869989.0,1797.35,1797.95
1748275872155.0,1797.48,1798.08
1748275872378.0,1797.35,1797.95
1748275873405.0,1797.48,1798.08
1748275873630.0,1797.35,1797.95
1748275876951.0,1797.48,1798.08
1748275883201.0,1797.6,1798.2
1748275885936.0,1797.73,1798.33
1748275887140.0,1797.6,1798.2
1748275891201.0,1797.73,1798.33
1748275892506.0,1797.6,1798.2
1748275892855.0,1797.73,1798.33
1748275901244.0,1797.6,1798.2
1748275906837.0,1797.48,1798.08
1748275912051.0,1797.35,1797.95
1748275921306.0,1797.48,1798.08
1748275923644.0,1797.35,1797.95
1748275925837.0,1797.48,1798.08
1748275926061.0,1797.35,1797.95
1748275950057.0,1797.48,1798.08
1748275950575.0,1797.35,1797.95
1748275951875.0,1797.48,1798.08
1748275953296.0,1797.35,1797.95
1748275967480.0,1797.48,1798.08
1748275967699.0,1797.35,1797.95
1748275980590.0,1797.23,1797.83
1748275982436.0,1797.35,1797.95
1748275988663.0,1797.48,1798.08
1748275988886.0,1797.35,1797.95
1748275990810.0,1797.23,1797.83
1748275998170.0,1797.35,1797.95
1748276004928.0,1797.23,1797.83
1748276012802.0,1797.35,1797.95
1748276031425.0,1797.23,1797.83
1748276032801.0,1797.35,1797.95
1748276037476.0,1797.23,1797.83
1748276039326.0,1797.35,1797.95
1748276039867.0,1797.23,1797.83
1748276044216.0,1797.35,1797.95
1748276044812.0,1797.23,1797.83
1748276100193.0,1797.35,1797.95
1748276107566.0,1797.23,1797.83
1748276139413,,
1748276139638.0,1797.1,1797.7
1748276176955.0,1796.98,1797.58
1748276197837.0,1797.1,1797.7
1748276202150.0,1796.98,1797.58
1748276202553.0,1797.1,1797.7
1748276203161.0,1796.98,1797.58
1748276210666.0,1797.1,1797.7
1748276219721.0,1796.98,1797.58
1748276270751.0,1797.1,1797.7
1748276292310.0,1797.23,1797.83
1748276292532.0,1797.1,1797.7
1748276304829.0,1796.98,1797.58
1748276305493.0,1797.1,1797.7
1748276305714.0,1796.98,1797.58
1748276307063,,
1748276307311,,
1748276354323.0,1796.85,1797.45
1748276388344.0,1796.73,1797.33
1748276389476.0,1796.85,1797.45
1748276398304.0,1796.73,1797.33
1748276405505.0,1796.85,1797.45
1748276405897.0,1796.98,1797.58
1748276410768.0,1796.85,1797.45
1748276412231.0,1796.98,1797.58
1748276412668.0,1796.85,1797.45
1748276418659.0,1796.73,1797.33
1748276438586.0,1796.85,1797.45
1748276439304.0,1796.98,1797.58
1748276439753.0,1796.85,1797.45
1748276460497.0,1796.73,1797.33
1748276472349,,
1748276472574.0,1796.6,1797.2
1748276491908.0,1796.48,1797.08
1748276516205.0,1796.6,1797.2
1748276516426.0,1796.48,1797.08
1748276521926,,
1748276522152.0,1796.35,1796.95
1748276523884.0,1796.48,1797.08
1748276524231.0,1796.35,1796.95
1748276524614.0,1796.48,1797.08
1748276525676.0,1796.35,1796.95
1748276527755.0,1796.48,1797.08
1748276527979.0,1796.35,1796.95
1748276528755.0,1796.48,1797.08
1748276529301.0,1796.35,1796.95
1748276532222.0,1796.48,1797.08
1748276534788.0,1796.6,1797.2
1748276535014,,
1748276556286.0,1796.48,1797.08
1748276558174.0,1796.6,1797.2
1748276559771.0,1796.48,1797.08
1748276561915.0,1796.6,1797.2
1748276569618.0,1796.48,1797.08
1748276569843.0,1796.6,1797.2
1748276571148.0,1796.73,1797.33
1748276571373.0,1796.6,1797.2
1748276571971.0,1796.48,1797.08
1748276582251.0,1796.6,1797.2
1748276582474.0,1796.48,1797.08
1748276588562.0,1796.6,1797.2
1748276588787.0,1796.73,1797.33
1748276589011.0,1796.6,1797.2
1748276589578.0,1796.73,1797.33
1748276589802.0,1796.6,1797.2
1748276590439.0,1796.73,1797.33
1748276590663.0,1796.6,1797.2
1748276628562.0,1796.73,1797.33
1748276638459.0,1796.6,1797.2
1748276678638.0,1796.48,1797.08
1748276703803.0,1796.6,1797.2
1748276725940.0,1796.48,1797.08
1748276726154.0,1796.23,1796.83
1748276726379.0,1796.35,1796.95
1748276734236.0,1796.23,1796.83
1748276734459.0,1796.35,1796.95
1748276754017.0,1796.48,1797.08
1748276754244.0,1796.35,1796.95
1748276775199.0,1796.48,1797.08
1748276795768.0,1796.35,1796.95
1748276800571.0,1796.23,1796.83
1748276800793.0,1796.35,1796.95
1748276818836.0,1796.48,1797.08
1748276819404,,
1748276819567.0,1796.35,1796.95
1748276826156.0,1796.48,1797.08
1748276946287.0,1796.35,1796.95
1748276946500.0,1796.48,1797.08
1748276948779,,
1748276949005,,
1748276958777,,
1748276961408,,
1748276970465.0,1796.35,1796.95
1748276970967.0,1796.48,1797.08
1748276975465,,
1748276975669.0,1796.35,1796.95
1748276992088.0,1796.48,1797.08
1748276992309.0,1796.35,1796.95
1748276995207.0,1796.48,1797.08
1748276995428.0,1796.35,1796.95
1748276996629.0,1796.48,1797.08
1748276996853.0,1796.35,1796.95
1748276997079.0,1796.48,1797.08
1748276998211.0,1796.35,1796.95
1748276999011.0,1796.48,1797.08
1748276999310.0,1796.35,1796.95
1748276999535.0,1796.48,1797.08
1748276999932.0,1796.35,1796.95
1748277000158.0,1796.48,1797.08
1748277000616.0,1796.35,1796.95
1748277001592.0,1796.23,1796.83
1748277001818.0,1796.35,1796.95
1748277005329.0,1796.48,1797.08
1748277005684,,
1748277005975,,
1748277007077.0,1796.35,1796.95
1748277007858.0,1796.48,1797.08
1748277008081.0,1796.35,1796.95
1748277008331.0,1796.48,1797.08
1748277008556.0,1796.35,1796.95
1748277008803.0,1796.23,1796.83
1748277009026.0,1796.35,1796.95
1748277009521.0,1796.48,1797.08
1748277009746.0,1796.35,1796.95
1748277010483,,
1748277010603.0,1796.23,1796.83
1748277010828.0,1796.35,1796.95
1748277011625.0,1796.23,1796.83
1748277011868.0,1796.35,1796.95
1748277016181.0,1796.48,1797.08
1748277016406.0,1796.35,1796.95
1748277019875.0,1796.23,1796.83
1748277021230,,
1748277040005.0,1796.1,1796.7
1748277049684.0,1796.23,1796.83
1748277105245,,
1748277105470.0,1796.1,1796.7
1748277107780.0,1796.23,1796.83
1748277108004.0,1796.1,1796.7
1748277114801.0,1795.98,1796.58
1748277137766.0,1796.1,1796.7
1748277140176,,
1748277140413.0,1796.23,1796.83
1748277140637.0,1796.1,1796.7
1748277163533.0,1796.23,1796.83
1748277163756.0,1796.1,1796.7
1748277163980.0,1796.23,1796.83
1748277164205.0,1796.1,1796.7
1748277232071.0,1795.98,1796.58
1748277232289.0,1796.1,1796.7
1748277257184.0,1796.23,1796.83
1748277263076.0,1796.1,1796.7
1748277268872.0,1796.23,1796.83
1748277277254.0,1796.1,1796.7
1748277315331.0,1796.23,1796.83
1748277357578.0,1796.1,1796.7
1748277357802.0,1796.23,1796.83
1748277376655.0,1796.1,1796.7
1748277433565.0,1796.23,1796.83
1748277456295,,
1748277459255.0,1796.35,1796.95
1748277459479.0,1796.48,1797.08
1748277460395.0,1796.35,1796.95
1748277460620.0,1796.23,1796.83
1748277520010.0,1796.35,1796.95
1748277531089.0,1796.48,1797.08
1748277531311.0,1796.35,1796.95
1748277551199.0,1796.23,1796.83
1748277551419.0,1796.35,1796.95
1748277551644.0,1796.23,1796.83
1748277583333.0,1796.1,1796.7
1748277583556.0,1795.98,1796.58
1748277583782.0,1796.1,1796.7
1748277584006.0,1795.98,1796.58
1748277584231.0,1796.1,1796.7
1748277586409.0,1796.23,1796.83
1748277602945.0,1795.98,1796.58
1748277603169.0,1796.1,1796.7
1748277623770.0,1796.23,1796.83
1748277624075.0,1796.1,1796.7
1748277660268.0,1795.98,1796.58
1748277660490.0,1796.1,1796.7
1748277663306.0,1796.23,1796.83
1748277663997.0,1796.23,1796.83
1748277664224.0,1796.1,1796.7
1748277670733.0,1796.23,1796.83
1748277670958.0,1796.1,1796.7
1748277768725.0,1796.23,1796.83
1748277768950.0,1796.1,1796.7
1748277769175.0,1796.23,1796.83
1748277770420,,
1748277770642.0,1796.35,1796.95
1748277772975.0,1796.23,1796.83
1748277788700,,
1748277794473,,
1748277794820,,
1748277814383,,
1748277846041,,
1748277846268.0,1796.35,1796.95
1748277870749,,
1748277875006.0,1796.48,1797.08
1748277882068.0,1796.35,1796.95
1748277896584.0,1796.23,1796.83
1748277900143.0,1796.35,1796.95
1748277900648,,
1748277900748.0,1796.23,1796.83
1748277900886.0,1796.35,1796.95
1748277906217.0,1796.23,1796.83
1748277908211,,
1748277910705.0,1796.35,1796.95
1748277911910.0,1796.48,1797.08
1748277913574,,
1748277913806,,
1748277915536.0,1796.6,1797.2
1748277915983.0,1796.73,1797.33
1748277916639,,
1748277917314.0,1796.6,1797.2
1748277917767.0,1796.73,1797.33
1748277917990.0,1796.6,1797.2
1748277918215.0,1796.73,1797.33
1748277918471.0,1796.6,1797.2
1748277918695.0,1796.73,1797.33
1748277920097.0,1796.6,1797.2
1748277920959.0,1796.73,1797.33
1748277926353.0,1796.6,1797.2
1748277936719.0,1796.73,1797.33
1748277936946.0,1796.6,1797.2
1748277937286.0,1796.73,1797.33
1748277938524.0,1796.6,1797.2
1748277939831.0,1796.73,1797.33
1748277957484.0,1796.6,1797.2
1748277960457.0,1796.73,1797.33
1748277960679.0,1796.6,1797.2
1748277966211.0,1796.48,1797.08
1748277967809.0,1796.6,1797.2
1748277976212.0,1796.48,1797.08
1748277979528.0,1796.6,1797.2
1748277980861.0,1796.48,1797.08
1748277987759.0,1796.35,1796.95
1748278003874,,
1748278004076.0,1796.23,1796.83
1748278008062.0,1796.35,1796.95
1748278009324.0,1796.48,1797.08
1748278013013.0,1796.35,1796.95
1748278045960.0,1796.23,1796.83
1748278078543.0,1796.1,1796.7
1748278078766,,
1748278080640.0,1795.98,1796.58
1748278107256,,
1748278107481.0,1795.85,1796.45
1748278107712.0,1795.73,1796.33
1748278127128,,
1748278127260.0,1795.85,1796.45
1748278127726.0,1795.73,1796.33
1748278148285.0,1795.85,1796.45
1748278199788.0,1795.73,1796.33
1748278210995,,
1748278251071.0,1795.85,1796.45
1748278251293.0,1795.73,1796.33
1748278270282,,
1748278300995,,
1748278354546,,
1748278363252.0,1795.6,1796.2
1748278417689.0,1795.48,1796.08
1748278419473.0,1795.35,1795.95
1748278443846.0,1795.48,1796.08
1748278471450.0,1795.35,1795.95
1748278471677.0,1795.23,1795.83
1748278503696.0,1795.35,1795.95
1748278507136,,
1748278512686.0,1795.48,1796.08
1748278531824.0,1795.6,1796.2
1748278532830.0,1795.48,1796.08
1748278544855,,
1748278545080.0,1795.73,1796.33
1748278553874.0,1795.85,1796.45
1748278557451.0,1795.73,1796.33
1748278562869.0,1795.85,1796.45
1748278585570.0,1795.73,1796.33
1748278587468.0,1795.48,1796.08
1748278605092,,
1748278605191.0,1795.6,1796.2
1748278605547.0,1795.73,1796.33
1748278605772.0,1795.6,1796.2
1748278606184.0,1795.73,1796.33
1748278610542.0,1795.85,1796.45
1748278610766.0,1795.73,1796.33
1748278613026.0,1795.85,1796.45
1748278613248,,
1748278623073.0,1795.98,1796.58
1748278623487,,
1748278638400.0,1796.1,1796.7
1748278638624,,
1748278645566.0,1795.98,1796.58
1748278645790.0,1796.1,1796.7
1748278648127.0,1795.98,1796.58
1748278649507,,
1748278654587.0,1796.1,1796.7
1748278660598,,
1748278665189.0,1796.23,1796.83
1748278668088,,
1748278674323,,
1748278678114.0,1795.98,1796.58
1748278678338,,
1748278679391.0,1796.1,1796.7
1748278685651.0,1795.98,1796.58
1748278686195.0,1796.1,1796.7
1748278688430.0,1795.98,1796.58
1748278701411,,
1748278711309.0,1796.1,1796.7
1748278711532.0,1796.23,1796.83
1748278712307.0,1796.1,1796.7
1748278712531.0,1795.98,1796.58
1748278712995.0,1796.1,1796.7
1748278713298.0,1795.98,1796.58
1748278716464,,
1748278731285.0,1796.1,1796.7
1748278731687,,
1748278740454.0,1796.23,1796.83
1748278742959.0,1796.35,1796.95
1748278746380.0,1796.23,1796.83
1748278752791.0,1796.35,1796.95
1748278754417.0,1796.48,1797.08
1748278754642.0,1796.35,1796.95
1748278757145.0,1796.23,1796.83
1748278757368.0,1795.98,1796.58
1748278758607,,
1748278771144,,
1748278772175,,
1748278794309.0,1796.1,1796.7
1748278795272,,
1748278798076.0,1795.98,1796.58
1748278806705,,
1748278806929.0,1795.73,1796.33
1748278807156.0,1795.6,1796.2
1748278813435.0,1795.48,1796.08
1748278813659.0,1795.35,1795.95
1748278851927.0,1795.48,1796.08
1748278867903.0,1795.35,1795.95
1748278877392.0,1795.48,1796.08
1748278877614.0,1795.35,1795.95
1748278936951.0,1795.23,1795.83
1748278997228,,
1748279007405,,
1748279275365.0,1795.35,1795.95
1748279395296.0,1795.23,1795.83
1748279613430,,
1748279613656.0,1794.98,1795.58
1748279613879.0,1795.1,1795.7
1748279614330.0,1795.23,1795.83
1748279637882.0,1795.35,1795.95
1748279645410.0,1795.23,1795.83
1748279696222.0,1795.35,1795.95
1748279712085.0,1795.23,1795.83
1748279772515.0,1795.1,1795.7
1748279772736.0,1794.98,1795.58
1748279977711,,
1748279977937.0,1794.85,1795.45
1748279978156.0,1794.98,1795.58
1748280002671.0,1794.85,1795.45
1748280002991.0,1794.98,1795.58
1748280003215.0,1794.85,1795.45
1748280004058.0,1794.98,1795.58
1748280004283.0,1794.85,1795.45
1748280009009.0,1794.98,1795.58
1748280009219.0,1794.85,1795.45
1748280017435.0,1794.98,1795.58
1748280020275.0,1794.85,1795.45
1748280020500.0,1794.98,1795.58
1748280042079.0,1794.85,1795.45
1748280042297.0,1794.98,1795.58
1748280043133.0,1794.85,1795.45
1748280044199.0,1794.98,1795.58
1748280045253.0,1794.85,1795.45
1748280046319.0,1794.98,1795.58
1748280047380.0,1794.85,1795.45
1748280048447.0,1794.98,1795.58
1748280049707.0,1794.85,1795.45
1748280101961.0,1794.98,1795.58
1748280155280,,
1748280155505.0,1795.23,1795.83
1748280158780.0,1794.98,1795.58
1748280241373.0,1795.23,1795.83
1748280247414.0,1795.35,1795.95
1748280262176.0,1795.23,1795.83
1748280288231.0,1794.98,1795.58
1748280288453.0,1795.1,1795.7
1748280288677.0,1794.98,1795.58
1748280420244,,
1748280595063,,
1748280597626.0,1794.73,1795.33
1748280597847,,
1748280605607.0,1794.48,1795.08
1748280605831.0,1794.73,1795.33
1748280752527.0,1794.6,1795.2
1748280753066.0,1794.73,1795.33
1748280753517.0,1794.48,1795.08
1748280810546.0,1794.6,1795.2
1748280910256.0,1794.48,1795.08
1748280910476.0,1794.35,1794.95
1748280910747.0,1794.48,1795.08
1748280932371.0,1794.35,1794.95
1748280932592.0,1794.48,1795.08
1748280932817.0,1794.35,1794.95
1748280994423.0,1794.23,1794.83
1748280994642.0,1794.35,1794.95
1748280995917.0,1794.23,1794.83
1748281000850.0,1794.35,1794.95
1748281001076.0,1794.23,1794.83
1748281010120.0,1794.35,1794.95
1748281176741.0,1794.48,1795.08
1748281177185.0,1794.23,1794.83
1748281177411.0,1794.35,1794.95
1748281249486.0,1794.23,1794.83
1748281264986.0,1794.35,1794.95
1748281267829.0,1794.23,1794.83
1748281268054.0,1794.35,1794.95
1748281306905.0,1794.23,1794.83
1748281307127.0,1794.35,1794.95
1748281326081,,
1748281358553.0,1794.23,1794.83
1748281358772,,
1748281519275,,
1748281519499.0,1794.35,1794.95
1748281519721.0,1794.23,1794.83
1748281519949.0,1794.35,1794.95
1748281540496.0,1794.23,1794.83
1748281540718.0,1794.35,1794.95
1748281568521.0,1794.48,1795.08
1748281568741.0,1794.6,1795.2
1748281569514.0,1794.48,1795.08
1748281587363.0,1794.6,1795.2
1748281587584.0,1794.48,1795.08
1748281599035.0,1794.6,1795.2
1748281599258.0,1794.48,1795.08
1748281744695.0,1794.6,1795.2
1748281748168.0,1794.48,1795.08
1748281981731.0,1794.35,1794.95
1748282018916.0,1794.48,1795.08
1748282069818.0,1794.6,1795.2
1748282070036,,
1748282099200.0,1794.73,1795.33
1748282112237.0,1794.6,1795.2
1748282113022.0,1794.73,1795.33
1748282114114.0,1794.6,1795.2
1748282115551.0,1794.73,1795.33
1748282115777.0,1794.6,1795.2
1748282146312.0,1794.73,1795.33
1748282146535.0,1794.6,1795.2
1748282146759.0,1794.73,1795.33
1748282150444.0,1794.85,1795.45
1748282175567.0,1794.98,1795.58
1748282184374.0,1795.1,1795.7
1748282191412.0,1794.98,1795.58
1748282227593.0,1795.1,1795.7
1748282291284.0,1794.98,1795.58
1748282327929.0,1795.1,1795.7
1748282416221.0,1795.23,1795.83
1748282425259.0,1795.1,1795.7
1748282426562.0,1794.98,1795.58
1748282426786.0,1794.85,1795.45
1748282427012.0,1794.73,1795.33
1748282427237.0,1794.85,1795.45
1748282455939.0,1794.98,1795.58
1748282504403.0,1794.85,1795.45
1748282505694.0,1794.98,1795.58
1748282505919.0,1794.85,1795.45
1748282515270.0,1794.98,1795.58
1748282515535.0,1794.85,1795.45
1748282515865.0,1794.98,1795.58
1748282516978.0,1794.85,1795.45
1748282518034.0,1794.98,1795.58
1748282519120.0,1794.85,1795.45
1748282520183.0,1794.98,1795.58
1748282520407.0,1794.85,1795.45
1748282521255.0,1794.98,1795.58
1748282522329.0,1794.85,1795.45
1748282523379.0,1794.98,1795.58
1748282524459.0,1794.85,1795.45
1748282536609.0,1794.98,1795.58
1748282537280.0,1794.85,1795.45
1748282538861.0,1794.98,1795.58
1748282539087.0,1794.85,1795.45
1748282542345.0,1794.98,1795.58
1748282543084.0,1794.85,1795.45
1748282543309.0,1794.98,1795.58
1748282563432.0,1794.85,1795.45
1748282572304.0,1794.98,1795.58
1748282587396.0,1794.85,1795.45
1748282588017.0,1794.98,1795.58
1748282588242.0,1794.85,1795.45
1748282592327.0,1794.98,1795.58
1748282603382.0,1795.1,1795.7
1748282631929.0,1795.23,1795.83
1748282748417.0,1795.35,1795.95
1748282748640.0,1795.23,1795.83
1748282754730,,
1748282755023.0,1795.35,1795.95
1748282755521.0,1795.48,1796.08
1748282763578.0,1795.35,1795.95
1748282822549.0,1795.23,1795.83
1748282976849.0,1795.1,1795.7
1748283002555.0,1795.23,1795.83
1748283057311.0,1795.35,1795.95
1748283077873.0,1795.48,1796.08
1748283144215.0,1795.6,1796.2
1748283144659.0,1795.48,1796.08
1748283144883.0,1795.6,1796.2
1748283150563.0,1795.48,1796.08
1748283211411.0,1795.6,1796.2
1748283212058.0,1795.73,1796.33
1748283212282.0,1795.6,1796.2
1748283212638.0,1795.73,1796.33
1748283274327.0,1795.85,1796.45
1748283380927.0,1795.73,1796.33
1748283574225.0,1795.6,1796.2
1748283574443.0,1795.48,1796.08
1748283670766.0,1795.6,1796.2
1748283692022.0,1795.73,1796.33
1748283723484.0,1795.6,1796.2
1748283723706.0,1795.48,1796.08
1748283757651.0,1795.6,1796.2
1748283758929.0,1795.73,1796.33
1748283778805.0,1795.6,1796.2
1748283795725.0,1795.73,1796.33
1748283940412.0,1795.85,1796.45
1748284202813.0,1795.73,1796.33
1748284203031.0,1795.6,1796.2
1748284216887.0,1795.73,1796.33
1748284217105.0,1795.85,1796.45
1748284274846.0,1795.73,1796.33
1748284275067.0,1795.6,1796.2
1748284311115.0,1795.73,1796.33
1748284311338.0,1795.85,1796.45
1748284661360.0,1795.73,1796.33
1748284661577.0,1795.6,1796.2
1748284760856.0,1795.48,1796.08
1748284776374.0,1795.6,1796.2
1748285019639.0,1795.73,1796.33
1748285019853.0,1795.85,1796.45
1748285264549.0,1795.98,1796.58
1748285615204.0,1796.1,1796.7
1748285636921.0,1796.23,1796.83
1748285637143.0,1796.1,1796.7
1748285637635.0,1796.23,1796.83
1748285700349.0,1796.1,1796.7
1748285701542.0,1796.23,1796.83
1748285862396.0,1796.1,1796.7
1748285864321.0,1796.23,1796.83
1748285906981.0,1796.1,1796.7
1748285929772.0,1796.23,1796.83
1748285947089.0,1796.1,1796.7
1748285948121.0,1796.23,1796.83
1748285991239.0,1796.35,1796.95
1748286011131.0,1796.23,1796.83
1748286011903.0,1796.1,1796.7
1748286070807.0,1796.23,1796.83
1748286071029.0,1796.35,1796.95
1748286136816.0,1796.23,1796.83
1748286137033.0,1796.35,1796.95
1748286150414.0,1796.23,1796.83
1748286154133.0,1796.35,1796.95
1748286462258.0,1796.48,1797.08
1748286462473.0,1796.6,1797.2
1748286487205.0,1796.48,1797.08
1748286487425.0,1796.35,1796.95
1748286574443.0,1796.23,1796.83
1748286574661.0,1796.1,1796.7
1748286574886.0,1796.23,1796.83
1748286575110.0,1796.1,1796.7
1748286972287.0,1795.98,1796.58
1748286975063.0,1795.85,1796.45
1748286975567.0,1795.98,1796.58
1748286975790.0,1795.85,1796.45
1748286997605.0,1795.98,1796.58
1748286997826.0,1796.1,1796.7
1748287029868.0,1795.98,1796.58
1748287030090.0,1795.85,1796.45
1748287206716,,
1748287294526,,
1748287313544.0,1795.98,1796.58
1748287313766.0,1795.85,1796.45
1748287318639.0,1795.98,1796.58
1748287362395.0,1795.85,1796.45
1748287389941,,
1748287416784.0,1795.98,1796.58
1748287417006.0,1795.85,1796.45
1748287425150.0,1795.98,1796.58
1748287425373.0,1795.85,1796.45
1748287431931.0,1795.98,1796.58
1748287565042.0,1796.1,1796.7
1748287565257.0,1795.98,1796.58
1748287566560.0,1795.85,1796.45
1748287566784.0,1795.73,1796.33
1748287598312.0,1795.85,1796.45
1748287652182.0,1795.73,1796.33
1748287652405.0,1795.6,1796.2
1748287652629.0,1795.73,1796.33
1748287659914.0,1795.6,1796.2
1748287761277.0,1795.73,1796.33
1748287808205.0,1795.6,1796.2
1748287810790.0,1795.48,1796.08
1748287811015.0,1795.6,1796.2
1748287896702.0,1795.73,1796.33
1748287923844.0,1795.6,1796.2
1748288045194.0,1795.48,1796.08
1748288106589.0,1795.6,1796.2
1748288106810,,
1748288129359.0,1795.73,1796.33
1748288159527.0,1795.6,1796.2
1748288162540.0,1795.73,1796.33
1748288617662.0,1795.6,1796.2
1748288618162.0,1795.73,1796.33
1748288695075.0,1795.6,1796.2
1748288968925.0,1795.48,1796.08
1748288969142.0,1795.6,1796.2
1748289165229.0,1795.48,1796.08
1748289165577.0,1795.35,1795.95
1748289168865.0,1795.48,1796.08
1748289169089.0,1795.73,1796.33
1748289279152,,
1748289279309.0,1795.85,1796.45
1748289305347,,
1748289314764.0,1795.98,1796.58
1748289315193.0,1796.1,1796.7
1748289315418,,
1748289341239.0,1795.98,1796.58
1748289360380.0,1796.1,1796.7
1748289428371.0,1796.23,1796.83
1748289442698.0,1796.1,1796.7
1748289474909,,
1748289720999.0,1796.23,1796.83
1748289721217.0,1796.35,1796.95
1748289723162.0,1796.48,1797.08
1748289723385.0,1796.35,1796.95
1748289774499.0,1796.48,1797.08
1748289774717.0,1796.35,1796.95
1748289784175.0,1796.48,1797.08
1748289784398.0,1796.35,1796.95
1748289973643.0,1796.48,1797.08
1748289974048.0,1796.6,1797.2
1748290043079.0,1796.48,1797.08
1748290044093.0,1796.35,1796.95
1748290182543.0,1796.48,1797.08
1748290203567.0,1796.35,1796.95
1748290204113.0,1796.48,1797.08
1748290204339.0,1796.35,1796.95
1748290204622.0,1796.48,1797.08
1748290205072.0,1796.35,1796.95
1748290205523.0,1796.48,1797.08
1748290205747.0,1796.35,1796.95
1748290206683.0,1796.48,1797.08
1748290206907.0,1796.35,1796.95
1748290207768.0,1796.48,1797.08
1748290207992.0,1796.35,1796.95
1748290208274.0,1796.48,1797.08
1748290208497.0,1796.35,1796.95
1748290210277.0,1796.48,1797.08
1748290210502.0,1796.35,1796.95
1748290214808.0,1796.48,1797.08
1748290215032.0,1796.35,1796.95
1748290216118.0,1796.48,1797.08
1748290216343.0,1796.35,1796.95
1748290229092.0,1796.48,1797.08
1748290229315.0,1796.35,1796.95
1748290431099,,
1748290431323.0,1796.6,1797.2
1748290497026.0,1796.48,1797.08
1748290520726.0,1796.35,1796.95
1748290577220.0,1796.48,1797.08
1748290631552.0,1796.35,1796.95
1748290631769,,
1748290652925.0,1796.48,1797.08
1748290653146.0,1796.35,1796.95
1748290673206.0,1796.48,1797.08
1748290673425.0,1796.35,1796.95
1748290693516.0,1796.48,1797.08
1748290693737.0,1796.35,1796.95
1748290741824.0,1796.48,1797.08
1748290742046.0,1796.6,1797.2
1748290742268.0,1796.73,1797.33
1748290742494.0,1796.6,1797.2
1748290835209.0,1796.73,1797.33
1748290838175.0,1796.6,1797.2
1748290838397.0,1796.73,1797.33
1748290838647.0,1796.6,1797.2
1748290844760.0,1796.73,1797.33
1748290846880.0,1796.6,1797.2
1748290847105.0,1796.73,1797.33
1748290849030.0,1796.6,1797.2
1748290850113.0,1796.73,1797.33
1748290851186.0,1796.6,1797.2
1748290852272.0,1796.73,1797.33
1748290853344.0,1796.6,1797.2
1748291154011,,
1748291325555.0,1796.73,1797.33
1748291325772.0,1796.6,1797.2
