1748268000023.0,12321.5,12323.5
1748268004358.0,12323.5,12325.5
1748268005086.0,12322.5,12324.5
1748268005312,,
1748268005537.0,12323.0,12325.0
1748268006065.0,12323.5,12325.5
1748268006289,,
1748268013476.0,12323.0,12325.0
1748268015888.0,12322.5,12324.5
1748268016112,,
1748268029042.0,12323.5,12325.5
1748268034457.0,12324.0,12326.0
1748268035928.0,12323.5,12325.5
1748268036400.0,12323.0,12325.0
1748268037248.0,12322.5,12324.5
1748268050300.0,12322.0,12324.0
1748268050528.0,12321.5,12323.5
1748268052348.0,12320.5,12322.5
1748268052848.0,12320.0,12322.0
1748268053071.0,12319.5,12321.5
1748268058946.0,12319.0,12321.0
1748268059170.0,12319.5,12321.5
1748268060035.0,12320.0,12322.0
1748268060260.0,12319.5,12321.5
1748268069417.0,12318.5,12320.5
1748268077271.0,12319.0,12321.0
1748268077720.0,12320.5,12322.5
1748268078304.0,12320.0,12322.0
1748268078529,,
1748268079958.0,12320.5,12322.5
1748268086430.0,12319.5,12321.5
1748268087436.0,12319.0,12321.0
1748268090291.0,12319.5,12321.5
1748268090514,,
1748268096208.0,12320.5,12322.5
1748268098247.0,12321.0,12323.0
1748268105151.0,12321.5,12323.5
1748268105378.0,12321.0,12323.0
1748268108561.0,12321.5,12323.5
1748268109567.0,12322.0,12324.0
1748268109792.0,12321.5,12323.5
1748268110016.0,12322.0,12324.0
1748268110241.0,12321.5,12323.5
1748268110498.0,12322.0,12324.0
1748268111783.0,12322.5,12324.5
1748268115003.0,12322.0,12324.0
1748268116088.0,12322.5,12324.5
1748268116895.0,12323.5,12325.5
1748268117120.0,12323.0,12325.0
1748268118572.0,12323.5,12325.5
1748268118795,,
1748268121595.0,12324.0,12326.0
1748268125131.0,12324.5,12326.5
1748268125357.0,12323.5,12325.5
1748268126894.0,12324.0,12326.0
1748268127534.0,12324.5,12326.5
1748268129821.0,12324.0,12326.0
1748268150583,,
1748268152528.0,12324.5,12326.5
1748268152752.0,12325.0,12327.0
1748268153557.0,12324.5,12326.5
1748268153782.0,12325.0,12327.0
1748268154128.0,12324.5,12326.5
1748268154338.0,12325.0,12327.0
1748268157803.0,12324.5,12326.5
1748268158454.0,12325.0,12327.0
1748268159950.0,12324.5,12326.5
1748268160174.0,12325.0,12327.0
1748268161006.0,12324.5,12326.5
1748268169324.0,12325.0,12327.0
1748268170183.0,12324.5,12326.5
1748268171109.0,12325.0,12327.0
1748268171560.0,12325.5,12327.5
1748268173643.0,12325.0,12327.0
1748268173868.0,12325.5,12327.5
1748268212206.0,12326.5,12328.5
1748268213570.0,12327.0,12329.0
1748268213796,,
1748268216534,,
1748268217261.0,12325.0,12327.0
1748268219329.0,12324.5,12326.5
1748268221258.0,12324.0,12326.0
1748268221485.0,12323.5,12325.5
1748268225819.0,12322.5,12324.5
1748268243354.0,12324.0,12326.0
1748268248480.0,12323.5,12325.5
1748268249106.0,12324.0,12326.0
1748268250117.0,12323.5,12325.5
1748268253160,,
1748268258966.0,12324.0,12326.0
1748268259206.0,12323.5,12325.5
1748268269871.0,12324.0,12326.0
1748268274572.0,12324.5,12326.5
1748268282061.0,12325.5,12327.5
1748268282286.0,12326.5,12328.5
1748268289577.0,12324.5,12326.5
1748268292056,,
1748268292471.0,12323.5,12325.5
1748268300828.0,12323.0,12325.0
1748268301053.0,12322.5,12324.5
1748268303513,,
1748268304578,,
1748268307051.0,12323.0,12325.0
1748268307276.0,12323.5,12325.5
1748268310960.0,12324.0,12326.0
1748268313388.0,12323.5,12325.5
1748268313879.0,12324.0,12326.0
1748268314836.0,12323.5,12325.5
1748268317920.0,12323.0,12325.0
1748268320456.0,12322.5,12324.5
1748268320773,,
1748268323153.0,12322.0,12324.0
1748268328951.0,12322.5,12324.5
1748268330064.0,12323.0,12325.0
1748268330887.0,12323.5,12325.5
1748268331337.0,12322.5,12324.5
1748268337505.0,12322.0,12324.0
1748268337728.0,12321.5,12323.5
1748268339916.0,12322.0,12324.0
1748268340135.0,12321.5,12323.5
1748268342855.0,12322.0,12324.0
1748268343079.0,12322.5,12324.5
1748268346630.0,12322.0,12324.0
1748268346846.0,12322.5,12324.5
1748268355235.0,12322.0,12324.0
1748268360368.0,12321.5,12323.5
1748268360593.0,12322.5,12324.5
1748268364827.0,12321.5,12323.5
1748268367616.0,12321.0,12323.0
1748268374064.0,12320.5,12322.5
1748268378015.0,12321.0,12323.0
1748268380902.0,12320.5,12322.5
1748268386655.0,12320.0,12322.0
1748268388512.0,12320.5,12322.5
1748268390472.0,12320.0,12322.0
1748268390694.0,12319.5,12321.5
1748268395672.0,12319.0,12321.0
1748268395896.0,12318.5,12320.5
1748268400670.0,12320.0,12322.0
1748268401626.0,12320.5,12322.5
1748268401851.0,12321.5,12323.5
1748268403274.0,12320.5,12322.5
1748268410640.0,12319.0,12321.0
1748268411029.0,12319.5,12321.5
1748268411250,,
1748268416987.0,12320.5,12322.5
1748268418489.0,12319.5,12321.5
1748268419608.0,12320.0,12322.0
1748268419835.0,12319.5,12321.5
1748268420751.0,12320.0,12322.0
1748268421202.0,12320.5,12322.5
1748268421535.0,12321.0,12323.0
1748268421759.0,12320.5,12322.5
1748268423557.0,12321.0,12323.0
1748268424556.0,12320.5,12322.5
1748268424779.0,12321.0,12323.0
1748268431441.0,12321.5,12323.5
1748268440413.0,12322.0,12324.0
1748268440637.0,12322.5,12324.5
1748268448543.0,12323.0,12325.0
1748268448767.0,12323.5,12325.5
1748268453001,,
1748268458966.0,12323.0,12325.0
1748268459403.0,12323.5,12325.5
1748268463274.0,12324.0,12326.0
1748268463498.0,12325.5,12327.5
1748268463724.0,12326.0,12328.0
1748268464497.0,12325.5,12327.5
1748268467379.0,12326.0,12328.0
1748268468548.0,12326.5,12328.5
1748268473417.0,12327.0,12329.0
1748268473866.0,12326.5,12328.5
1748268476718.0,12326.0,12328.0
1748268476941,,
1748268477348.0,12326.5,12328.5
1748268477571.0,12327.5,12329.5
1748268478056,,
1748268479415.0,12328.0,12330.0
1748268479637.0,12327.0,12329.0
1748268480031.0,12327.5,12329.5
1748268480490.0,12327.0,12329.0
1748268480714.0,12327.5,12329.5
1748268483721,,
1748268484898.0,12327.0,12329.0
1748268485123,,
1748268485698.0,12326.5,12328.5
1748268485921.0,12328.0,12330.0
1748268486435.0,12328.5,12330.5
1748268502955.0,12329.5,12331.5
1748268520757.0,12328.5,12330.5
1748268525758,,
1748268532031,,
1748268544031,,
1748268555762.0,12328.5,12330.5
1748268556484.0,12330.5,12332.5
1748268558357.0,12330.0,12332.0
1748268558578.0,12329.5,12331.5
1748268559482.0,12330.0,12332.0
1748268559931.0,12330.5,12332.5
1748268562040.0,12331.0,12333.0
1748268562488.0,12331.0,12333.0
1748268563682.0,12330.5,12332.5
1748268565189.0,12329.5,12331.5
1748268566830.0,12327.5,12329.5
1748268569653.0,12328.0,12330.0
1748268569878.0,12327.5,12329.5
1748268585954.0,12325.5,12327.5
1748268586179.0,12326.5,12328.5
1748268589078.0,12326.0,12328.0
1748268589303.0,12326.5,12328.5
1748268594723.0,12326.0,12328.0
1748268595172.0,12325.0,12327.0
1748268598507.0,12324.5,12326.5
1748268598730.0,12325.0,12327.0
1748268599559.0,12325.5,12327.5
1748268600010.0,12325.7,12327.7
1748268601222.0,12325.2,12327.2
1748268605027.0,12324.7,12326.7
1748268608562.0,12325.2,12327.2
1748268611180.0,12325.7,12327.7
1748268611404,,
1748268611630.0,12326.2,12328.2
1748268614662.0,12326.7,12328.7
1748268616397.0,12326.2,12328.2
1748268616623.0,12325.7,12327.7
1748268620155.0,12326.2,12328.2
1748268624436.0,12326.7,12328.7
1748268624660.0,12327.2,12329.2
1748268626540.0,12326.7,12328.7
1748268628813.0,12327.2,12329.2
1748268633573.0,12327.7,12329.7
1748268635488.0,12326.7,12328.7
1748268642316.0,12327.7,12329.7
1748268643602.0,12328.2,12330.2
1748268643827.0,12328.7,12330.7
1748268648601.0,12329.2,12331.2
1748268648825.0,12329.7,12331.7
1748268660903.0,12329.7,12331.7
1748268664377.0,12330.2,12332.2
1748268664826.0,12330.7,12332.7
1748268665051.0,12330.2,12332.2
1748268669873.0,12329.7,12331.7
1748268670096,,
1748268677186.0,12330.2,12332.2
1748268677409.0,12329.7,12331.7
1748268697115.0,12327.7,12329.7
1748268701983.0,12327.2,12329.2
1748268702539.0,12326.7,12328.7
1748268706094.0,12327.2,12329.2
1748268707478.0,12326.7,12328.7
1748268709678.0,12325.7,12327.7
1748268710820.0,12325.2,12327.2
1748268713157.0,12325.7,12327.7
1748268748152.0,12326.7,12328.7
1748268763048.0,12327.2,12329.2
1748268775715.0,12327.7,12329.7
1748268780337.0,12328.2,12330.2
1748268780783.0,12328.7,12330.7
1748268792042.0,12329.2,12331.2
1748268794746.0,12329.7,12331.7
1748268794972.0,12329.2,12331.2
1748268798362.0,12329.7,12331.7
1748268798587.0,12329.2,12331.2
1748268800286.0,12329.7,12331.7
1748268823306,,
1748268824981.0,12330.2,12332.2
1748268825205.0,12330.7,12332.7
1748268825486.0,12331.2,12333.2
1748268828202.0,12331.7,12333.7
1748268831675,,
1748268839014.0,12332.2,12334.2
1748268839242.0,12332.7,12334.7
1748268845317.0,12331.7,12333.7
1748268853130.0,12332.7,12334.7
1748268885457.0,12332.2,12334.2
1748268885906.0,12332.7,12334.7
1748268887717.0,12331.7,12333.7
1748268899264.0,12330.7,12332.7
1748268903076.0,12329.7,12331.7
1748268912148.0,12329.2,12331.2
1748268912373.0,12328.7,12330.7
1748268912836,,
1748268936281.0,12327.7,12329.7
1748268942942.0,12326.7,12328.7
1748268955094.0,12327.7,12329.7
1748268969955.0,12328.7,12330.7
1748268970422.0,12329.2,12331.2
1748268976929.0,12328.7,12330.7
1748269007551.0,12328.2,12330.2
1748269007773.0,12328.7,12330.7
1748269017466.0,12329.2,12331.2
1748269018766.0,12328.7,12330.7
1748269023384.0,12329.2,12331.2
1748269023835.0,12328.7,12330.7
1748269033556.0,12329.2,12331.2
1748269034333.0,12329.7,12331.7
1748269035854.0,12330.2,12332.2
1748269036084.0,12331.2,12333.2
1748269036882.0,12331.7,12333.7
1748269062442.0,12331.2,12333.2
1748269062680.0,12331.7,12333.7
1748269077615.0,12331.2,12333.2
1748269077838.0,12330.7,12332.7
1748269089676.0,12331.2,12333.2
1748269090245.0,12331.7,12333.7
1748269098062.0,12331.2,12333.2
1748269098286.0,12330.7,12332.7
1748269125728.0,12329.2,12331.2
1748269139693.0,12329.7,12331.7
1748269139916.0,12328.7,12330.7
1748269143669.0,12329.2,12331.2
1748269143895.0,12328.7,12330.7
1748269200019.0,12327.5,12329.5
1748269203262.0,12328.5,12330.5
1748269207420.0,12327.5,12329.5
1748269209085.0,12327.0,12329.0
1748269219971.0,12327.5,12329.5
1748269220195.0,12326.5,12328.5
1748269224445.0,12327.0,12329.0
1748269224670.0,12327.5,12329.5
1748269224893.0,12327.0,12329.0
1748269226886.0,12326.5,12328.5
1748269227747.0,12327.0,12329.0
1748269227971,,
1748269228385.0,12326.5,12328.5
1748269238973.0,12327.5,12329.5
1748269248851.0,12327.0,12329.0
1748269250699.0,12326.0,12328.0
1748269255042.0,12325.5,12327.5
1748269255265,,
1748269264765.0,12324.5,12326.5
1748269267696.0,12324.0,12326.0
1748269267926.0,12323.5,12325.5
1748269269464.0,12322.5,12324.5
1748269271253.0,12322.0,12324.0
1748269271478.0,12321.5,12323.5
1748269281107.0,12322.5,12324.5
1748269282588.0,12322.0,12324.0
1748269282813.0,12321.5,12323.5
1748269283042.0,12322.0,12324.0
1748269285710.0,12322.5,12324.5
1748269293111.0,12323.5,12325.5
1748269310180.0,12324.0,12326.0
1748269313491.0,12323.5,12325.5
1748269319361.0,12324.0,12326.0
1748269319812.0,12323.5,12325.5
1748269322192.0,12324.0,12326.0
1748269322416.0,12324.5,12326.5
1748269322780.0,12324.0,12326.0
1748269327613.0,12323.5,12325.5
1748269329327.0,12324.0,12326.0
1748269338179.0,12324.5,12326.5
1748269354918.0,12325.0,12327.0
1748269355141.0,12324.5,12326.5
1748269374810.0,12325.0,12327.0
1748269375036.0,12324.5,12326.5
1748269399346.0,12325.0,12327.0
1748269399571.0,12324.5,12326.5
1748269401189.0,12324.0,12326.0
1748269401411,,
1748269403409.0,12324.5,12326.5
1748269403934.0,12324.0,12326.0
1748269404382.0,12322.5,12324.5
1748269411461.0,12323.0,12325.0
1748269411908.0,12323.5,12325.5
1748269420009.0,12323.5,12325.5
1748269422998.0,12323.0,12325.0
1748269424938.0,12322.5,12324.5
1748269425161,,
1748269436458.0,12321.5,12323.5
1748269442148.0,12322.5,12324.5
1748269454828.0,12322.0,12324.0
1748269455052.0,12321.5,12323.5
1748269462676.0,12322.0,12324.0
1748269467574.0,12322.5,12324.5
1748269483708.0,12321.5,12323.5
1748269486707.0,12320.5,12322.5
1748269488798.0,12321.5,12323.5
1748269490623.0,12321.0,12323.0
1748269490847.0,12320.5,12322.5
1748269500970.0,12320.0,12322.0
1748269509253,,
1748269515538.0,12320.5,12322.5
1748269523004.0,12320.0,12322.0
1748269523228.0,12319.5,12321.5
1748269529617.0,12319.0,12321.0
1748269529843.0,12318.5,12320.5
1748269540146,,
1748269542139.0,12319.5,12321.5
1748269543513.0,12320.0,12322.0
1748269543735.0,12320.5,12322.5
1748269551017.0,12321.0,12323.0
1748269551241.0,12321.5,12323.5
1748269558190.0,12321.0,12323.0
1748269558414.0,12321.5,12323.5
1748269575181.0,12322.0,12324.0
1748269575405.0,12321.5,12323.5
1748269581447.0,12322.0,12324.0
1748269581670.0,12322.5,12324.5
1748269584928.0,12322.0,12324.0
1748269585165.0,12321.5,12323.5
1748269589318.0,12322.0,12324.0
1748269607780.0,12321.5,12323.5
1748269609832.0,12321.0,12323.0
1748269610056.0,12320.5,12322.5
1748269611653.0,12320.0,12322.0
1748269611879.0,12319.5,12321.5
1748269612317.0,12320.0,12322.0
1748269612769.0,12319.5,12321.5
1748269613389.0,12320.0,12322.0
1748269621009.0,12319.5,12321.5
1748269621234.0,12320.0,12322.0
1748269630548.0,12319.5,12321.5
1748269644582.0,12320.0,12322.0
1748269654878.0,12321.5,12323.5
1748269665746.0,12322.0,12324.0
1748269667934.0,12322.5,12324.5
1748269684737.0,12322.0,12324.0
1748269684980.0,12322.5,12324.5
1748269704938.0,12323.0,12325.0
1748269705162.0,12321.5,12323.5
1748269717794.0,12322.5,12324.5
1748269725342.0,12323.5,12325.5
1748269725671,,
1748269728137.0,12323.0,12325.0
1748269728360.0,12322.5,12324.5
1748269750843.0,12323.0,12325.0
1748269751293.0,12324.0,12326.0
1748269752566.0,12323.5,12325.5
1748269755427,,
1748269756171.0,12324.0,12326.0
1748269756961.0,12324.5,12326.5
1748269761162.0,12323.5,12325.5
1748269765343.0,12323.0,12325.0
1748269766076,,
1748269767978.0,12322.5,12324.5
1748269768426.0,12323.0,12325.0
1748269769342.0,12323.5,12325.5
1748269769792.0,12324.5,12326.5
1748269785459.0,12324.0,12326.0
1748269785942.0,12324.5,12326.5
1748269787283.0,12324.0,12326.0
1748269792554.0,12324.5,12326.5
1748269793790.0,12324.0,12326.0
1748269794013.0,12323.5,12325.5
1748269795043.0,12323.0,12325.0
1748269795265.0,12323.5,12325.5
1748269800221.0,12325.3,12327.3
1748269806919.0,12324.8,12326.8
1748269807140.0,12325.3,12327.3
1748269807387.0,12324.8,12326.8
1748269807612.0,12324.3,12326.3
1748269812038.0,12323.8,12325.8
1748269813104.0,12323.3,12325.3
1748269815854.0,12323.8,12325.8
1748269816078.0,12324.3,12326.3
1748269824204.0,12325.3,12327.3
1748269827247.0,12325.8,12327.8
1748269833474.0,12325.3,12327.3
1748269839893.0,12326.3,12328.3
1748269841662.0,12326.8,12328.8
1748269842112.0,12327.8,12329.8
1748269848517.0,12328.3,12330.3
1748269849373.0,12328.3,12330.3
1748269849599.0,12327.8,12329.8
1748269851438.0,12327.3,12329.3
1748269852112.0,12326.3,12328.3
1748269852997.0,12326.8,12328.8
1748269853457.0,12327.3,12329.3
1748269855594.0,12327.8,12329.8
1748269855818.0,12327.3,12329.3
1748269856942.0,12328.3,12330.3
1748269857329.0,12327.8,12329.8
1748269858769.0,12328.3,12330.3
1748269871834.0,12329.3,12331.3
1748269877238.0,12330.8,12332.8
1748269879917.0,12332.3,12334.3
1748269883194.0,12333.3,12335.3
1748269887337.0,12333.8,12335.8
1748269887564.0,12334.3,12336.3
1748269899617.0,12334.8,12336.8
1748269899841.0,12335.3,12337.3
1748269902123.0,12335.8,12337.8
1748269902350.0,12336.3,12338.3
1748269903492.0,12336.8,12338.8
1748269910177.0,12337.3,12339.3
1748269913880.0,12336.3,12338.3
1748269915382,,
1748269945145.0,12334.8,12336.8
1748269945865.0,12335.3,12337.3
1748269948303.0,12334.8,12336.8
1748269948528.0,12334.3,12336.3
1748269949663.0,12333.8,12335.8
1748269958219.0,12333.3,12335.3
1748269962294.0,12332.8,12334.8
1748269962742.0,12331.3,12333.3
1748269967319.0,12331.3,12333.3
1748269971276.0,12331.8,12333.8
1748269971500,,
1748269973643.0,12332.3,12334.3
1748269976843.0,12333.3,12335.3
1748269985641.0,12333.8,12335.8
1748269997046.0,12334.3,12336.3
1748269998260.0,12334.8,12336.8
1748270003706.0,12334.3,12336.3
1748270013652,,
1748270029623.0,12333.8,12335.8
1748270030640.0,12333.3,12335.3
1748270030863,,
1748270039193.0,12332.8,12334.8
1748270039418.0,12332.3,12334.3
1748270063415.0,12333.8,12335.8
1748270076905.0,12334.3,12336.3
1748270094296.0,12333.8,12335.8
1748270094520,,
1748270100518.0,12333.3,12335.3
1748270100741.0,12332.8,12334.8
1748270102346.0,12332.3,12334.3
1748270102757.0,12331.8,12333.8
1748270103207.0,12331.3,12333.3
1748270104254.0,12330.8,12332.8
1748270104704.0,12331.3,12333.3
1748270114275.0,12331.8,12333.8
1748270114501.0,12331.3,12333.3
1748270115354,,
1748270127385.0,12330.8,12332.8
1748270127609.0,12328.8,12330.8
1748270127866.0,12329.3,12331.3
1748270138565.0,12330.3,12332.3
1748270143009.0,12329.8,12331.8
1748270143234,,
1748270145336.0,12330.3,12332.3
1748270153122.0,12330.8,12332.8
1748270155991.0,12331.3,12333.3
1748270156215.0,12331.8,12333.8
1748270162490.0,12332.3,12334.3
1748270171963.0,12332.8,12334.8
1748270174642.0,12333.3,12335.3
1748270184742.0,12332.3,12334.3
1748270185617.0,12331.8,12333.8
1748270185841.0,12332.3,12334.3
1748270213161.0,12331.8,12333.8
1748270213388.0,12332.3,12334.3
1748270214003.0,12331.8,12333.8
1748270218564.0,12332.3,12334.3
1748270224336.0,12331.8,12333.8
1748270227457.0,12332.3,12334.3
1748270227679,,
1748270243459.0,12331.8,12333.8
1748270243689.0,12332.3,12334.3
1748270254401.0,12333.3,12335.3
1748270255078.0,12333.8,12335.8
1748270267791.0,12333.3,12335.3
1748270277305.0,12332.8,12334.8
1748270277532.0,12331.8,12333.8
1748270278921.0,12331.3,12333.3
1748270280201.0,12330.8,12332.8
1748270280426.0,12331.3,12333.3
1748270282071.0,12331.8,12333.8
1748270282296.0,12332.3,12334.3
1748270305932.0,12332.8,12334.8
1748270306155.0,12332.3,12334.3
1748270319005,,
1748270333508.0,12332.8,12334.8
1748270333733,,
1748270338967.0,12333.3,12335.3
1748270339190.0,12333.8,12335.8
1748270342438.0,12333.3,12335.3
1748270342663.0,12332.3,12334.3
1748270347546.0,12333.3,12335.3
1748270352879.0,12333.8,12335.8
1748270365032.0,12333.3,12335.3
1748270366451.0,12333.8,12335.8
1748270369222.0,12333.3,12335.3
1748270386440.0,12332.8,12334.8
1748270386666.0,12332.3,12334.3
1748270387253,,
1748270391577.0,12332.8,12334.8
1748270391801.0,12333.3,12335.3
1748270400008.0,12332.2,12334.2
1748270404104.0,12331.2,12333.2
1748270404329.0,12332.2,12334.2
1748270409526.0,12332.7,12334.7
1748270409763.0,12333.2,12335.2
1748270411619.0,12333.7,12335.7
1748270411845.0,12334.2,12336.2
1748270413024.0,12333.7,12335.7
1748270414681.0,12334.2,12336.2
1748270422418.0,12333.7,12335.7
1748270422868.0,12333.2,12335.2
1748270428314.0,12333.7,12335.7
1748270428537.0,12333.2,12335.2
1748270436190.0,12333.7,12335.7
1748270442150.0,12334.2,12336.2
1748270470124.0,12333.7,12335.7
1748270472554.0,12334.2,12336.2
1748270477443.0,12334.7,12336.7
1748270477667.0,12335.2,12337.2
1748270481687,,
1748270486968.0,12335.7,12337.7
1748270487210.0,12336.2,12338.2
1748270492899.0,12336.7,12338.7
1748270493772.0,12336.2,12338.2
1748270493997,,
1748270497069.0,12335.7,12337.7
1748270499530.0,12336.2,12338.2
1748270499753,,
1748270533565.0,12337.2,12339.2
1748270535041,,
1748270538002,,
1748270540680.0,12337.7,12339.7
1748270540912.0,12337.2,12339.2
1748270557677.0,12335.2,12337.2
1748270558486.0,12334.7,12336.7
1748270559566.0,12335.2,12337.2
1748270572028.0,12335.7,12337.7
1748270572252.0,12336.2,12338.2
1748270573537.0,12335.7,12337.7
1748270579388.0,12335.2,12337.2
1748270586534.0,12335.7,12337.7
1748270586761.0,12336.2,12338.2
1748270589475.0,12335.7,12337.7
1748270589699.0,12335.2,12337.2
1748270595623.0,12334.7,12336.7
1748270598920.0,12335.2,12337.2
1748270612887.0,12334.7,12336.7
1748270613393.0,12334.2,12336.2
1748270621463.0,12335.2,12337.2
1748270653995.0,12334.7,12336.7
1748270654220.0,12333.2,12335.2
1748270655893.0,12332.7,12334.7
1748270656118.0,12332.2,12334.2
1748270682970.0,12332.7,12334.7
1748270683196.0,12333.2,12335.2
1748270702394.0,12333.7,12335.7
1748270702617,,
1748270702845.0,12333.2,12335.2
1748270712868.0,12332.2,12334.2
1748270720674.0,12330.2,12332.2
1748270720943.0,12329.7,12331.7
1748270731546.0,12330.2,12332.2
1748270734933.0,12330.7,12332.7
1748270735159.0,12330.2,12332.2
1748270735384.0,12330.7,12332.7
1748270735889.0,12331.2,12333.2
1748270736617.0,12331.7,12333.7
1748270738981.0,12332.2,12334.2
1748270742038.0,12332.7,12334.7
1748270749037.0,12332.2,12334.2
1748270749485.0,12332.7,12334.7
1748270751584.0,12333.2,12335.2
1748270765227.0,12332.2,12334.2
1748270786638.0,12332.2,12334.2
1748270805775.0,12332.7,12334.7
1748270806002.0,12333.2,12335.2
1748270809992.0,12332.7,12334.7
1748270810216.0,12331.7,12333.7
1748270830511.0,12332.2,12334.2
1748270857680.0,12331.7,12333.7
1748270857904.0,12332.2,12334.2
1748270867852.0,12331.7,12333.7
1748270868075.0,12330.7,12332.7
1748270869643.0,12331.2,12333.2
1748270870092.0,12330.7,12332.7
1748270876096.0,12331.2,12333.2
1748270916615.0,12330.7,12332.7
1748270922594.0,12330.2,12332.2
1748270924320.0,12329.7,12331.7
1748270924770.0,12330.2,12332.2
1748270926724.0,12329.7,12331.7
1748270926947.0,12329.2,12331.2
1748270927928.0,12328.7,12330.7
1748270928923.0,12328.2,12330.2
1748270931623.0,12327.7,12329.7
1748270932210.0,12327.2,12329.2
1748270940696.0,12328.2,12330.2
1748270943638.0,12329.2,12331.2
1748270965008.0,12328.7,12330.7
1748270965228.0,12328.2,12330.2
1748270981356.0,12327.2,12329.2
1748270994798.0,12326.7,12328.7
1748270995022.0,12326.2,12328.2
1748271000019.0,12326.3,12328.3
1748271004749.0,12326.3,12328.3
1748271046189.0,12326.8,12328.8
1748271046415.0,12327.3,12329.3
1748271047018.0,12326.8,12328.8
1748271047246.0,12327.3,12329.3
1748271053435.0,12326.3,12328.3
1748271054505.0,12327.3,12329.3
1748271056800.0,12326.8,12328.8
1748271057635.0,12327.3,12329.3
1748271069938.0,12326.8,12328.8
1748271071299.0,12327.3,12329.3
1748271075478.0,12326.8,12328.8
1748271078030.0,12327.3,12329.3
1748271086993.0,12327.8,12329.8
1748271087217.0,12328.3,12330.3
1748271092280.0,12327.3,12329.3
1748271092503.0,12326.3,12328.3
1748271097378.0,12326.8,12328.8
1748271105377.0,12326.3,12328.3
1748271105599,,
1748271114668.0,12325.3,12327.3
1748271115529.0,12325.8,12327.8
1748271115753.0,12325.3,12327.3
1748271120817.0,12325.8,12327.8
1748271121327.0,12326.3,12328.3
1748271127222.0,12326.8,12328.8
1748271127463.0,12327.3,12329.3
1748271129278.0,12326.3,12328.3
1748271138346.0,12327.3,12329.3
1748271163310.0,12327.8,12329.8
1748271163527.0,12327.3,12329.3
1748271177652.0,12326.8,12328.8
1748271177875.0,12326.3,12328.3
1748271182919,,
1748271183849,,
1748271187828.0,12325.8,12327.8
1748271205413.0,12326.3,12328.3
1748271214163.0,12326.8,12328.8
1748271214389.0,12327.3,12329.3
1748271216224.0,12326.8,12328.8
1748271222384.0,12327.3,12329.3
1748271225370.0,12326.3,12328.3
1748271228448.0,12326.8,12328.8
1748271228672.0,12326.3,12328.3
1748271229602.0,12326.8,12328.8
1748271229827.0,12326.3,12328.3
1748271240581.0,12325.8,12327.8
1748271240806.0,12326.3,12328.3
1748271259579.0,12325.8,12327.8
1748271259803.0,12325.3,12327.3
1748271270336.0,12325.8,12327.8
1748271270558.0,12326.3,12328.3
1748271275779.0,12325.8,12327.8
1748271276880.0,12325.3,12327.3
1748271286774.0,12324.8,12326.8
1748271289859.0,12325.3,12327.3
1748271301710.0,12325.8,12327.8
1748271303017.0,12325.3,12327.3
1748271303239.0,12325.8,12327.8
1748271303576.0,12325.3,12327.3
1748271304034.0,12325.8,12327.8
1748271304274.0,12325.3,12327.3
1748271305401.0,12325.8,12327.8
1748271306401.0,12325.3,12327.3
1748271316747.0,12325.8,12327.8
1748271316973.0,12326.3,12328.3
1748271320888.0,12326.8,12328.8
1748271321113,,
1748271323843.0,12327.3,12329.3
1748271330696.0,12326.8,12328.8
1748271332871.0,12325.3,12327.3
1748271333096.0,12326.3,12328.3
1748271350734.0,12327.3,12329.3
1748271367515.0,12326.8,12328.8
1748271367741.0,12326.3,12328.3
1748271367964.0,12325.3,12327.3
1748271372445.0,12325.8,12327.8
1748271372667.0,12326.3,12328.3
1748271374203.0,12326.8,12328.8
1748271374437.0,12327.3,12329.3
1748271375835.0,12327.8,12329.8
1748271376060.0,12327.3,12329.3
1748271380888.0,12326.8,12328.8
1748271381112.0,12327.3,12329.3
1748271384917.0,12326.8,12328.8
1748271385139.0,12327.3,12329.3
1748271386070.0,12326.8,12328.8
1748271388457.0,12326.3,12328.3
1748271394057.0,12326.8,12328.8
1748271397054.0,12326.3,12328.3
1748271398078.0,12325.8,12327.8
1748271401319.0,12326.3,12328.3
1748271401543.0,12325.8,12327.8
1748271402788.0,12326.3,12328.3
1748271403003.0,12325.8,12327.8
1748271404919.0,12326.3,12328.3
1748271405368.0,12325.8,12327.8
1748271412411.0,12325.3,12327.3
1748271423616.0,12326.3,12328.3
1748271433035.0,12326.8,12328.8
1748271433258.0,12327.3,12329.3
1748271434156.0,12326.8,12328.8
1748271434383.0,12326.3,12328.3
1748271436289.0,12326.8,12328.8
1748271436513.0,12327.3,12329.3
1748271443768.0,12326.3,12328.3
1748271445505.0,12326.8,12328.8
1748271445728.0,12326.3,12328.3
1748271453339.0,12327.3,12329.3
1748271455823.0,12326.3,12328.3
1748271462307.0,12326.8,12328.8
1748271463810.0,12327.3,12329.3
1748271471891.0,12326.8,12328.8
1748271485948.0,12326.3,12328.3
1748271491823.0,12326.8,12328.8
1748271492050.0,12327.3,12329.3
1748271492318.0,12326.8,12328.8
1748271492543.0,12326.3,12328.3
1748271499708.0,12326.8,12328.8
1748271499934.0,12327.3,12329.3
1748271500723.0,12326.8,12328.8
1748271506327.0,12326.3,12328.3
1748271506551.0,12326.8,12328.8
1748271506775.0,12327.3,12329.3
1748271508755.0,12326.8,12328.8
1748271509210.0,12327.3,12329.3
1748271509659.0,12326.8,12328.8
1748271513066,,
1748271516647.0,12327.3,12329.3
1748271523577.0,12326.8,12328.8
1748271525298.0,12326.3,12328.3
1748271525523.0,12325.3,12327.3
1748271529241.0,12324.8,12326.8
1748271529689.0,12324.3,12326.3
1748271531187.0,12324.8,12326.8
1748271533093.0,12324.3,12326.3
1748271535994.0,12324.8,12326.8
1748271536219.0,12325.3,12327.3
1748271538852.0,12324.8,12326.8
1748271541157.0,12324.3,12326.3
1748271549764.0,12324.8,12326.8
1748271549988.0,12325.3,12327.3
1748271569396.0,12325.8,12327.8
1748271569635.0,12325.3,12327.3
1748271569970.0,12324.8,12326.8
1748271570202.0,12325.3,12327.3
1748271575835.0,12326.3,12328.3
1748271583737.0,12326.8,12328.8
1748271583963,,
1748271585437.0,12326.3,12328.3
1748271585662,,
1748271588145.0,12326.8,12328.8
1748271588369.0,12326.3,12328.3
1748271595080.0,12325.8,12327.8
1748271599302.0,12326.3,12328.3
1748271600020.0,12326.7,12328.7
1748271601736.0,12325.7,12327.7
1748271608610.0,12326.2,12328.2
1748271608834,,
1748271609980.0,12325.7,12327.7
1748271614855.0,12326.2,12328.2
1748271615081.0,12325.7,12327.7
1748271635334.0,12324.7,12326.7
1748271638882.0,12324.2,12326.2
1748271639106.0,12323.7,12325.7
1748271639845.0,12324.2,12326.2
1748271640069.0,12323.7,12325.7
1748271650816.0,12324.2,12326.2
1748271651040.0,12324.7,12326.7
1748271661387.0,12325.2,12327.2
1748271662909.0,12325.7,12327.7
1748271665557.0,12325.2,12327.2
1748271665779,,
1748271666705.0,12324.7,12326.7
1748271667030.0,12324.2,12326.2
1748271669052.0,12322.7,12324.7
1748271671034.0,12321.7,12323.7
1748271673298.0,12322.2,12324.2
1748271673523.0,12321.7,12323.7
1748271674024.0,12322.2,12324.2
1748271674249.0,12322.7,12324.7
1748271681618.0,12323.2,12325.2
1748271681845.0,12322.7,12324.7
1748271693092.0,12323.2,12325.2
1748271693316.0,12324.7,12326.7
1748271694447.0,12324.2,12326.2
1748271694672.0,12323.7,12325.7
1748271697167.0,12323.2,12325.2
1748271700786.0,12322.7,12324.7
1748271701013.0,12322.2,12324.2
1748271702444.0,12321.7,12323.7
1748271707197.0,12321.2,12323.2
1748271709090.0,12321.7,12323.7
1748271714917.0,12321.2,12323.2
1748271715590.0,12319.7,12321.7
1748271720030.0,12320.2,12322.2
1748271720267.0,12319.7,12321.7
1748271730105.0,12318.7,12320.7
1748271734274.0,12319.7,12321.7
1748271743077.0,12315.7,12317.7
1748271743300,,
1748271745238.0,12316.7,12318.7
1748271746623.0,12316.2,12318.2
1748271746851.0,12315.7,12317.7
1748271756241.0,12315.2,12317.2
1748271760267.0,12315.7,12317.7
1748271779031.0,12315.2,12317.2
1748271779257.0,12314.7,12316.7
1748271782774,,
1748271783383.0,12314.2,12316.2
1748271789050.0,12314.7,12316.7
1748271791106.0,12315.2,12317.2
1748271791329.0,12314.7,12316.7
1748271792459.0,12314.2,12316.2
1748271792974.0,12314.7,12316.7
1748271796254.0,12315.7,12317.7
1748271807784.0,12314.7,12316.7
1748271808007.0,12315.2,12317.2
1748271808852.0,12314.7,12316.7
1748271809661.0,12315.2,12317.2
1748271810113.0,12314.7,12316.7
1748271814819.0,12315.2,12317.2
1748271815047.0,12315.7,12317.7
1748271816278,,
1748271829412.0,12316.2,12318.2
1748271829860.0,12315.7,12317.7
1748271833859.0,12316.2,12318.2
1748271836030.0,12315.7,12317.7
1748271839782.0,12315.2,12317.2
1748271840006.0,12315.7,12317.7
1748271841703.0,12316.2,12318.2
1748271848154.0,12315.7,12317.7
1748271858246.0,12315.7,12317.7
1748271860072.0,12316.7,12318.7
1748271860406.0,12316.2,12318.2
1748271860985.0,12315.7,12317.7
1748271866609.0,12315.2,12317.2
1748271866831.0,12315.7,12317.7
1748271879247.0,12316.2,12318.2
1748271879698.0,12316.7,12318.7
1748271881565.0,12315.7,12317.7
1748271882446.0,12315.2,12317.2
1748271882687,,
1748271884207.0,12315.7,12317.7
1748271884431.0,12315.2,12317.2
1748271885317.0,12315.7,12317.7
1748271885542.0,12314.7,12316.7
1748271886137.0,12314.2,12316.2
1748271886360.0,12314.7,12316.7
1748271888473.0,12315.2,12317.2
1748271890293.0,12314.7,12316.7
1748271890518,,
1748271896018.0,12314.2,12316.2
1748271901729.0,12313.7,12315.7
1748271905615.0,12313.2,12315.2
1748271906074.0,12312.7,12314.7
1748271906298.0,12313.7,12315.7
1748271908202.0,12312.7,12314.7
1748271909782.0,12313.2,12315.2
1748271910008.0,12313.7,12315.7
1748271914669.0,12313.2,12315.2
1748271916043.0,12313.7,12315.7
1748271916641.0,12313.2,12315.2
1748271916863.0,12313.7,12315.7
1748271917561.0,12313.2,12315.2
1748271918210.0,12313.7,12315.7
1748271919427.0,12313.2,12315.2
1748271919874.0,12313.7,12315.7
1748271922110.0,12313.2,12315.2
1748271925510.0,12313.7,12315.7
1748271928671.0,12314.2,12316.2
1748271928897.0,12313.7,12315.7
1748271937059.0,12314.2,12316.2
1748271937282.0,12314.7,12316.7
1748271955159.0,12314.2,12316.2
1748271955383.0,12313.7,12315.7
1748271956387.0,12313.2,12315.2
1748271956611.0,12313.7,12315.7
1748271962788.0,12313.2,12315.2
1748271963037.0,12313.7,12315.7
1748271964975.0,12314.7,12316.7
1748271967376.0,12314.2,12316.2
1748271967606.0,12314.7,12316.7
1748271968642.0,12315.2,12317.2
1748271969090.0,12314.7,12316.7
1748271972338.0,12315.7,12317.7
1748272017213.0,12316.7,12318.7
1748272017995.0,12316.2,12318.2
1748272018220.0,12315.7,12317.7
1748272029266.0,12314.7,12316.7
1748272029491.0,12315.2,12317.2
1748272030272.0,12315.7,12317.7
1748272035934.0,12315.2,12317.2
1748272044030.0,12314.7,12316.7
1748272058247.0,12315.2,12317.2
1748272058472.0,12315.7,12317.7
1748272062325.0,12316.2,12318.2
1748272062552.0,12315.7,12317.7
1748272063570.0,12315.2,12317.2
1748272063798.0,12315.7,12317.7
1748272082164,,
1748272083580.0,12316.2,12318.2
1748272083806.0,12316.7,12318.7
1748272086292.0,12316.2,12318.2
1748272086740.0,12316.7,12318.7
1748272089346.0,12316.2,12318.2
1748272089570.0,12316.7,12318.7
1748272092137,,
1748272094323.0,12316.2,12318.2
1748272097002,,
1748272107030.0,12315.2,12317.2
1748272107481.0,12315.2,12317.2
1748272108155.0,12315.7,12317.7
1748272120719.0,12316.2,12318.2
1748272121168.0,12315.7,12317.7
1748272123919.0,12316.2,12318.2
1748272124144.0,12316.7,12318.7
1748272125117.0,12317.2,12319.2
1748272125360.0,12316.7,12318.7
1748272137975.0,12316.2,12318.2
1748272138200.0,12316.7,12318.7
1748272154033.0,12316.2,12318.2
1748272154259.0,12315.7,12317.7
1748272154483.0,12316.2,12318.2
1748272155488.0,12316.7,12318.7
1748272155712,,
1748272169738.0,12317.2,12319.2
1748272169963.0,12316.7,12318.7
1748272170737.0,12317.2,12319.2
1748272171189.0,12316.2,12318.2
1748272176931.0,12315.7,12317.7
1748272177165,,
1748272178100.0,12314.7,12316.7
1748272179252.0,12315.7,12317.7
1748272185017.0,12315.2,12317.2
1748272185467.0,12315.7,12317.7
1748272200020.0,12315.9,12317.9
1748272200275,,
1748272201031,,
1748272203536.0,12316.4,12318.4
1748272203762.0,12317.4,12319.4
1748272204957,,
1748272207763.0,12317.9,12319.9
1748272207988.0,12317.4,12319.4
1748272209066.0,12317.9,12319.9
1748272209291.0,12317.4,12319.4
1748272210071.0,12317.9,12319.9
1748272210296,,
1748272216091.0,12318.4,12320.4
1748272222437.0,12318.9,12320.9
1748272233335.0,12318.4,12320.4
1748272237101.0,12318.9,12320.9
1748272247414.0,12319.4,12321.4
1748272247639.0,12318.9,12320.9
1748272257547,,
1748272261781.0,12319.4,12321.4
1748272262006,,
1748272267460.0,12319.9,12321.9
1748272273010.0,12320.9,12322.9
1748272281030.0,12320.4,12322.4
1748272281671.0,12319.9,12321.9
1748272300806,,
1748272308813.0,12319.4,12321.4
1748272309046.0,12319.9,12321.9
1748272310197.0,12320.4,12322.4
1748272310419.0,12318.9,12320.9
1748272311821.0,12319.9,12321.9
1748272323796.0,12320.4,12322.4
1748272324022.0,12319.9,12321.9
1748272328119.0,12320.4,12322.4
1748272328354.0,12320.9,12322.9
1748272331938,,
1748272336077.0,12321.4,12323.4
1748272336299,,
1748272336722.0,12320.9,12322.9
1748272339428.0,12319.9,12321.9
1748272341897.0,12320.4,12322.4
1748272342122.0,12320.9,12322.9
1748272345162.0,12321.4,12323.4
1748272345387.0,12320.9,12322.9
1748272349348.0,12321.4,12323.4
1748272353944.0,12321.9,12323.9
1748272362137.0,12322.4,12324.4
1748272367044.0,12321.9,12323.9
1748272367268,,
1748272384191.0,12322.4,12324.4
1748272392985.0,12321.9,12323.9
1748272431055.0,12321.4,12323.4
1748272431279.0,12321.9,12323.9
1748272433044.0,12321.4,12323.4
1748272434699.0,12320.9,12322.9
1748272437855.0,12320.4,12322.4
1748272438079.0,12320.9,12322.9
1748272444409.0,12321.4,12323.4
1748272450975.0,12321.9,12323.9
1748272457378.0,12321.4,12323.4
1748272458135,,
1748272459413.0,12321.9,12323.9
1748272459635,,
1748272464409.0,12322.4,12324.4
1748272469814.0,12323.4,12325.4
1748272470578.0,12322.9,12324.9
1748272471027.0,12323.4,12325.4
1748272472230.0,12322.9,12324.9
1748272472455,,
1748272478985.0,12322.4,12324.4
1748272479209.0,12322.9,12324.9
1748272486278.0,12322.4,12324.4
1748272486502.0,12322.9,12324.9
1748272487377.0,12323.4,12325.4
1748272487600.0,12322.9,12324.9
1748272491139.0,12320.9,12322.9
1748272495955.0,12320.4,12322.4
1748272497678.0,12320.9,12322.9
1748272497903.0,12321.4,12323.4
1748272499280.0,12320.9,12322.9
1748272500021.0,12320.4,12322.4
1748272500249.0,12321.9,12323.9
1748272501105.0,12322.4,12324.4
1748272510434.0,12321.4,12323.4
1748272510658.0,12321.9,12323.9
1748272520030.0,12321.4,12323.4
1748272520256.0,12320.9,12322.9
1748272520481.0,12321.9,12323.9
1748272529601.0,12322.4,12324.4
1748272529823.0,12322.9,12324.9
1748272531351.0,12322.4,12324.4
1748272533201.0,12321.9,12323.9
1748272533426.0,12322.9,12324.9
1748272535021.0,12323.4,12325.4
1748272535246.0,12323.9,12325.9
1748272540021.0,12323.4,12325.4
1748272542736.0,12323.9,12325.9
1748272542958,,
1748272546449.0,12323.4,12325.4
1748272546674.0,12323.9,12325.9
1748272553598.0,12323.4,12325.4
1748272553822,,
1748272554647.0,12322.9,12324.9
1748272555529.0,12323.9,12325.9
1748272556074.0,12323.4,12325.4
1748272556317.0,12323.9,12325.9
1748272558467.0,12323.4,12325.4
1748272558691.0,12323.9,12325.9
1748272559030.0,12323.4,12325.4
1748272559259.0,12322.9,12324.9
1748272563256.0,12322.4,12324.4
1748272563479.0,12322.9,12324.9
1748272565246.0,12323.4,12325.4
1748272565936.0,12323.9,12325.9
1748272566159,,
1748272568896,,
1748272574943.0,12323.4,12325.4
1748272575167.0,12322.9,12324.9
1748272587029.0,12321.9,12323.9
1748272588810.0,12320.9,12322.9
1748272597223.0,12321.4,12323.4
1748272599336,,
1748272599667.0,12321.9,12323.9
1748272599892,,
1748272620247.0,12322.9,12324.9
1748272624033.0,12323.4,12325.4
1748272624257.0,12323.9,12325.9
1748272626163,,
1748272627265.0,12324.4,12326.4
1748272627490,,
1748272629563.0,12324.9,12326.9
1748272629787,,
1748272635121.0,12325.4,12327.4
1748272635346.0,12325.9,12327.9
1748272638381.0,12324.9,12326.9
1748272648386,,
1748272650247.0,12325.9,12327.9
1748272654033.0,12325.4,12327.4
1748272654257,,
1748272655658.0,12325.9,12327.9
1748272667032.0,12325.4,12327.4
1748272667257.0,12324.9,12326.9
1748272668038,,
1748272668139.0,12324.4,12326.4
1748272668365.0,12324.9,12326.9
1748272668819.0,12324.4,12326.4
1748272669589.0,12323.9,12325.9
1748272669812,,
1748272670038.0,12324.4,12326.4
1748272670264.0,12324.9,12326.9
1748272675687.0,12325.4,12327.4
1748272675911.0,12324.9,12326.9
1748272680258,,
1748272683096.0,12324.4,12326.4
1748272683322.0,12324.9,12326.9
1748272691432,,
1748272694036,,
1748272696720.0,12325.4,12327.4
1748272696953.0,12324.9,12326.9
1748272698819,,
1748272703674.0,12324.4,12326.4
1748272703899,,
1748272714297.0,12324.9,12326.9
1748272714521.0,12325.9,12327.9
1748272738209,,
1748272747196,,
1748272751269.0,12326.4,12328.4
1748272751492.0,12326.9,12328.9
1748272765917.0,12327.4,12329.4
1748272766142.0,12326.9,12328.9
1748272771525.0,12326.4,12328.4
1748272771748.0,12325.9,12327.9
1748272784249.0,12326.9,12328.9
1748272786265.0,12326.4,12328.4
1748272792039.0,12326.9,12328.9
1748272792262,,
1748272793155,,
1748272796836,,
1748272797510,,
1748272799025,,
1748272799837,,
1748272800117,,
1748272800701,,
1748272804053.0,12327.4,12329.4
1748272809371,,
1748272811575.0,12326.9,12328.9
1748272814440.0,12325.9,12327.9
1748272816857.0,12325.4,12327.4
1748272817083.0,12324.9,12326.9
1748272819868.0,12323.9,12325.9
1748272835675.0,12324.4,12326.4
1748272835896.0,12323.9,12325.9
1748272837673.0,12322.9,12324.9
1748272851710,,
1748272854543.0,12323.4,12325.4
1748272854776.0,12323.9,12325.9
1748272858786.0,12324.4,12326.4
1748272859012.0,12323.9,12325.9
1748272860274.0,12324.4,12326.4
1748272860500,,
1748272860722.0,12323.9,12325.9
1748272870992,,
1748272876499.0,12323.4,12325.4
1748272876725.0,12322.9,12324.9
1748272876949.0,12321.9,12323.9
1748272879158,,
1748272887569,,
1748272892960,,
1748272893369,,
1748272895759,,
1748272899116,,
1748272899338,,
1748272899914,,
1748272904231,,
1748272908039.0,12321.4,12323.4
1748272908262.0,12320.9,12322.9
1748272911454,,
1748272912356,,
1748272918375,,
1748272928746.0,12320.4,12322.4
1748272928969.0,12319.9,12321.9
1748272937270,,
1748272951101.0,12319.4,12321.4
1748272952623,,
1748272953751.0,12320.4,12322.4
1748272954684.0,12319.9,12321.9
1748272954907,,
1748272962175,,
1748272964685.0,12319.4,12321.4
1748272964919.0,12318.9,12320.9
1748272965677,,
1748272966547.0,12319.9,12321.9
1748272969565.0,12318.9,12320.9
1748272970478,,
1748272975155,,
1748272985546,,
1748272990110,,
1748272993531.0,12318.4,12320.4
1748272993756.0,12317.9,12319.9
1748272995383.0,12317.4,12319.4
1748272996950.0,12317.9,12319.9
1748273003686.0,12317.4,12319.4
1748273004393.0,12316.9,12318.9
1748273004618,,
1748273004844.0,12317.9,12319.9
1748273010215.0,12318.9,12320.9
1748273010440.0,12319.4,12321.4
1748273019334,,
1748273020290.0,12318.9,12320.9
1748273022375.0,12319.4,12321.4
1748273024656.0,12318.9,12320.9
1748273029927.0,12318.4,12320.4
1748273034903,,
1748273035178.0,12317.9,12319.9
1748273035403,,
1748273038022.0,12318.4,12320.4
1748273045196,,
1748273047586.0,12317.9,12319.9
1748273050234.0,12318.4,12320.4
1748273051703.0,12317.9,12319.9
1748273051927,,
1748273053499.0,12316.9,12318.9
1748273061807,,
1748273063542,,
1748273069601,,
1748273070102,,
1748273074176,,
1748273074400.0,12317.9,12319.9
1748273079552.0,12318.4,12320.4
1748273085064.0,12317.4,12319.4
1748273086707,,
1748273090005.0,12318.4,12320.4
1748273090230.0,12317.4,12319.4
1748273092514,,
1748273094638.0,12316.9,12318.9
1748273094877,,
1748273097140.0,12317.4,12319.4
1748273100325.0,12316.9,12318.9
1748273102146.0,12317.4,12319.4
1748273102369.0,12316.9,12318.9
1748273103308,,
1748273104145.0,12316.4,12318.4
1748273111451,,
1748273113900.0,12315.9,12317.9
1748273114124.0,12315.4,12317.4
1748273117205.0,12314.9,12316.9
1748273119914,,
1748273121040.0,12314.4,12316.4
1748273121263.0,12314.9,12316.9
1748273122737.0,12314.4,12316.4
1748273122963.0,12314.9,12316.9
1748273128234.0,12313.9,12315.9
1748273128440.0,12314.9,12316.9
1748273133664,,
1748273135347.0,12315.4,12317.4
1748273135572.0,12316.4,12318.4
1748273145769,,
1748273148996.0,12315.9,12317.9
1748273149219.0,12315.4,12317.4
1748273153122,,
1748273157377.0,12314.9,12316.9
1748273157600.0,12315.9,12317.9
1748273158354.0,12315.4,12317.4
1748273158579.0,12314.4,12316.4
1748273159583.0,12313.4,12315.4
1748273160601.0,12313.9,12315.9
1748273160825,,
1748273161068.0,12313.4,12315.4
1748273161292,,
1748273170706.0,12312.4,12314.4
1748273172875.0,12312.9,12314.9
1748273173099.0,12313.4,12315.4
1748273175260,,
1748273176766.0,12313.9,12315.9
1748273176991.0,12314.4,12316.4
1748273179736.0,12313.9,12315.9
1748273179960,,
1748273182955.0,12313.4,12315.4
1748273186111,,
1748273191210,,
1748273191432.0,12314.4,12316.4
1748273198457.0,12314.9,12316.9
1748273198682.0,12315.4,12317.4
1748273199291,,
1748273201259.0,12314.9,12316.9
1748273201708.0,12315.4,12317.4
1748273206045.0,12316.4,12318.4
1748273206270.0,12315.4,12317.4
1748273206713.0,12316.4,12318.4
1748273206938,,
1748273207970,,
1748273209574,,
1748273211322.0,12315.4,12317.4
1748273212578.0,12314.9,12316.9
1748273214197.0,12314.4,12316.4
1748273219776,,
1748273227842,,
1748273228472,,
1748273228819.0,12315.4,12317.4
1748273229401.0,12314.4,12316.4
1748273231047.0,12315.4,12317.4
1748273231271,,
1748273233037.0,12314.9,12316.9
1748273233978.0,12314.4,12316.4
1748273236141,,
1748273239182,,
1748273244444.0,12313.4,12315.4
1748273246626,,
1748273249106,,
1748273249739.0,12313.9,12315.9
1748273249962,,
1748273250212.0,12313.4,12315.4
1748273252613.0,12313.9,12315.9
1748273252837.0,12314.4,12316.4
1748273253517.0,12313.4,12315.4
1748273253742.0,12314.4,12316.4
1748273258715.0,12315.4,12317.4
1748273259783.0,12314.9,12316.9
1748273260006.0,12314.4,12316.4
1748273261552.0,12315.4,12317.4
1748273261776,,
1748273263368,,
1748273270530.0,12315.9,12317.9
1748273270753.0,12316.4,12318.4
1748273278894,,
1748273279711,,
1748273288611,,
1748273288835,,
1748273290122,,
1748273290416.0,12317.4,12319.4
1748273290641,,
1748273292919.0,12318.4,12320.4
1748273293954,,
1748273298616,,
1748273303276,,
1748273303503.0,12317.4,12319.4
1748273305209.0,12317.9,12319.9
1748273305433.0,12318.4,12320.4
1748273307444.0,12319.4,12321.4
1748273313757,,
1748273315869.0,12318.9,12320.9
1748273316093.0,12318.4,12320.4
1748273319149,,
1748273319369,,
1748273323318.0,12317.9,12319.9
1748273323542,,
1748273324985.0,12317.4,12319.4
1748273325640.0,12316.9,12318.9
1748273325863.0,12316.4,12318.4
1748273328895,,
1748273330521,,
1748273331320.0,12315.9,12317.9
1748273331544.0,12315.4,12317.4
1748273332752.0,12316.4,12318.4
1748273332976,,
1748273335989.0,12315.9,12317.9
1748273336213,,
1748273336737.0,12315.4,12317.4
1748273338690.0,12314.9,12316.9
1748273339937.0,12315.4,12317.4
1748273340161,,
1748273341886.0,12314.4,12316.4
1748273342539,,
1748273345348.0,12313.9,12315.9
1748273345572.0,12314.4,12316.4
1748273347220,,
1748273347591.0,12313.9,12315.9
1748273347815,,
1748273348362.0,12313.4,12315.4
1748273351961.0,12314.4,12316.4
1748273352183,,
1748273354568.0,12315.4,12317.4
1748273354794.0,12317.4,12319.4
1748273355602,,
1748273356302.0,12316.9,12318.9
1748273356527.0,12316.4,12318.4
1748273357256.0,12315.4,12317.4
1748273361232,,
1748273363212,,
1748273364288.0,12316.4,12318.4
1748273366277.0,12315.4,12317.4
1748273366909,,
1748273367137.0,12314.9,12316.9
1748273367689,,
1748273368846.0,12314.4,12316.4
1748273369070,,
1748273369299.0,12314.9,12316.9
1748273369521.0,12314.4,12316.4
1748273370252,,
1748273371313.0,12313.9,12315.9
1748273371535.0,12312.4,12314.4
1748273371987.0,12313.4,12315.4
1748273373865.0,12315.4,12317.4
1748273374983.0,12314.9,12316.9
1748273375206.0,12314.4,12316.4
1748273376044,,
1748273376578.0,12313.9,12315.9
1748273376801,,
1748273377092.0,12314.4,12316.4
1748273378421.0,12313.4,12315.4
1748273378644,,
1748273378869,,
1748273379094,,
1748273379320.0,12313.9,12315.9
1748273379622.0,12314.4,12316.4
1748273379848.0,12313.4,12315.4
1748273380076.0,12311.9,12313.9
1748273380298.0,12311.4,12313.4
1748273380841,,
1748273381870.0,12311.9,12313.9
1748273382504,,
1748273382761.0,12311.4,12313.4
1748273382985.0,12311.9,12313.9
1748273383803,,
1748273384005.0,12312.4,12314.4
1748273384454.0,12313.4,12315.4
1748273385240.0,12312.4,12314.4
1748273386170.0,12313.4,12315.4
1748273386394,,
1748273387456,,
1748273387683,,
1748273387904,,
1748273388129.0,12316.4,12318.4
1748273388354,,
1748273388752.0,12316.9,12318.9
1748273388978.0,12317.4,12319.4
1748273389202.0,12316.9,12318.9
1748273389427.0,12316.4,12318.4
1748273390867.0,12316.9,12318.9
1748273391092.0,12317.4,12319.4
1748273391317.0,12316.9,12318.9
1748273391540.0,12316.4,12318.4
1748273391766.0,12316.9,12318.9
1748273392014.0,12317.4,12319.4
1748273392238.0,12316.9,12318.9
1748273393167.0,12317.4,12319.4
1748273393390.0,12316.4,12318.4
1748273393614.0,12317.4,12319.4
1748273394159,,
1748273394384.0,12316.9,12318.9
1748273394640.0,12316.4,12318.4
1748273394864.0,12317.4,12319.4
1748273395091.0,12319.4,12321.4
1748273395418,,
1748273395541.0,12319.9,12321.9
1748273395991.0,12319.4,12321.4
1748273396214.0,12320.4,12322.4
1748273396914.0,12321.4,12323.4
1748273397364.0,12320.4,12322.4
1748273397589.0,12321.4,12323.4
1748273397820.0,12320.4,12322.4
1748273398044,,
1748273398715.0,12318.9,12320.9
1748273398940.0,12318.4,12320.4
1748273399171,,
1748273399652.0,12319.4,12321.4
1748273399876.0,12318.4,12320.4
1748273400115.0,12318.9,12320.9
1748273400325.0,12318.4,12320.4
1748273400946,,
1748273401170.0,12318.9,12320.9
1748273401395.0,12318.4,12320.4
1748273401636.0,12318.9,12320.9
1748273401863,,
1748273402087.0,12318.4,12320.4
1748273402417,,
1748273402635.0,12317.9,12319.9
1748273402873,,
1748273403082.0,12317.4,12319.4
1748273404272.0,12316.9,12318.9
1748273404496.0,12317.4,12319.4
1748273404722.0,12316.9,12318.9
1748273404947.0,12317.4,12319.4
1748273405784,,
1748273406811.0,12316.9,12318.9
1748273407034.0,12317.4,12319.4
1748273409080.0,12316.9,12318.9
1748273409304.0,12316.4,12318.4
1748273410524.0,12316.9,12318.9
1748273410747.0,12317.4,12319.4
1748273411272.0,12316.9,12318.9
1748273411496,,
1748273412928.0,12316.4,12318.4
1748273414074.0,12315.9,12317.9
1748273414297.0,12316.4,12318.4
1748273415239.0,12315.9,12317.9
1748273415468.0,12316.4,12318.4
1748273418159,,
1748273418747,,
1748273419497.0,12315.9,12317.9
1748273419899.0,12316.4,12318.4
1748273420336.0,12315.9,12317.9
1748273420562,,
1748273422175.0,12316.4,12318.4
1748273423934,,
1748273424157.0,12314.9,12316.9
1748273424847.0,12314.4,12316.4
1748273425072,,
1748273425813,,
1748273426037,,
1748273427634,,
1748273430444,,
1748273430920,,
1748273431163.0,12313.9,12315.9
1748273431651,,
1748273431944.0,12314.4,12316.4
1748273432169.0,12313.9,12315.9
1748273432395.0,12314.4,12316.4
1748273433937,,
1748273434037.0,12313.9,12315.9
1748273434581.0,12314.4,12316.4
1748273437800,,
1748273438023.0,12313.4,12315.4
1748273438258.0,12313.9,12315.9
1748273438484.0,12314.4,12316.4
1748273439060.0,12313.9,12315.9
1748273439283.0,12314.4,12316.4
1748273439786.0,12313.9,12315.9
1748273440011,,
1748273440237.0,12313.4,12315.4
1748273441294.0,12312.9,12314.9
1748273441518.0,12313.4,12315.4
1748273442622.0,12314.4,12316.4
1748273442845.0,12313.9,12315.9
1748273443071.0,12314.4,12316.4
1748273451284.0,12315.4,12317.4
1748273451508.0,12316.4,12318.4
1748273451733.0,12317.4,12319.4
1748273451959.0,12317.9,12319.9
1748273452183.0,12318.4,12320.4
1748273452407.0,12319.4,12321.4
1748273452632.0,12320.4,12322.4
1748273453702.0,12319.9,12321.9
1748273455028.0,12319.4,12321.4
1748273456250.0,12318.9,12320.9
1748273456477,,
1748273457025.0,12318.4,12320.4
1748273457249.0,12319.4,12321.4
1748273457475.0,12318.9,12320.9
1748273459284.0,12319.4,12321.4
1748273461488.0,12318.9,12320.9
1748273461711.0,12319.4,12321.4
1748273463059.0,12320.9,12322.9
1748273463285.0,12322.9,12324.9
1748273463510.0,12323.9,12325.9
1748273464531.0,12323.4,12325.4
1748273464755.0,12322.9,12324.9
1748273466332.0,12322.4,12324.4
1748273466781.0,12322.9,12324.9
1748273467349.0,12322.4,12324.4
1748273468165.0,12321.9,12323.9
1748273468406,,
1748273469205.0,12321.4,12323.4
1748273469430.0,12321.9,12323.9
1748273469654.0,12322.4,12324.4
1748273473407,,
1748273478102.0,12321.9,12323.9
1748273478327.0,12321.4,12323.4
1748273482177,,
1748273483358.0,12320.9,12322.9
1748273483582,,
1748273483807.0,12321.4,12323.4
1748273484804,,
1748273487567.0,12320.9,12322.9
1748273487790,,
1748273488711.0,12321.4,12323.4
1748273493491,,
1748273493714.0,12320.9,12322.9
1748273494084.0,12321.4,12323.4
1748273494309,,
1748273495706.0,12320.9,12322.9
1748273496042.0,12321.4,12323.4
1748273496267,,
1748273497145,,
1748273498297.0,12320.9,12322.9
1748273499019,,
1748273500457.0,12321.4,12323.4
1748273501762,,
1748273504410.0,12320.9,12322.9
1748273504632.0,12321.4,12323.4
1748273504858.0,12321.9,12323.9
1748273508149.0,12321.4,12323.4
1748273508373.0,12320.9,12322.9
1748273509195.0,12321.4,12323.4
1748273509861.0,12320.9,12322.9
1748273510868.0,12320.4,12322.4
1748273512572.0,12319.4,12321.4
1748273512796.0,12318.9,12320.9
1748273513305.0,12319.4,12321.4
1748273514186.0,12318.9,12320.9
1748273514411.0,12319.4,12321.4
1748273515861.0,12318.9,12320.9
1748273516295.0,12319.4,12321.4
1748273516819.0,12318.9,12320.9
1748273517044,,
1748273518175.0,12318.4,12320.4
1748273520010.0,12317.9,12319.9
1748273520234.0,12317.4,12319.4
1748273521421.0,12316.9,12318.9
1748273522411.0,12316.4,12318.4
1748273523052.0,12315.9,12317.9
1748273523277.0,12316.4,12318.4
1748273524020.0,12317.4,12319.4
1748273524246.0,12316.9,12318.9
1748273528877.0,12317.4,12319.4
1748273529103,,
1748273530203.0,12316.9,12318.9
1748273530426,,
1748273531847,,
1748273532680.0,12316.4,12318.4
1748273533504.0,12315.4,12317.4
1748273533728,,
1748273538317,,
1748273540113,,
1748273542619.0,12316.4,12318.4
1748273543661.0,12315.9,12317.9
1748273543885,,
1748273548383.0,12317.4,12319.4
1748273548605.0,12316.9,12318.9
1748273548830.0,12317.4,12319.4
1748273549177.0,12316.9,12318.9
1748273552269.0,12317.4,12319.4
1748273552493.0,12316.9,12318.9
1748273553727.0,12317.4,12319.4
1748273554178,,
1748273554327.0,12316.9,12318.9
1748273554550.0,12316.4,12318.4
1748273558532.0,12315.9,12317.9
1748273558756,,
1748273560208.0,12316.4,12318.4
1748273562232,,
1748273562332.0,12315.9,12317.9
1748273564015.0,12315.4,12317.4
1748273565179.0,12316.9,12318.9
1748273566334.0,12316.9,12318.9
1748273567400.0,12316.4,12318.4
1748273576526.0,12315.9,12317.9
1748273576750.0,12316.4,12318.4
1748273577452.0,12314.9,12316.9
1748273578010.0,12315.4,12317.4
1748273578235.0,12314.9,12316.9
1748273579705,,
1748273580337.0,12314.4,12316.4
1748273580785,,
1748273581540.0,12314.9,12316.9
1748273581764,,
1748273587023.0,12314.4,12316.4
1748273587975.0,12313.4,12315.4
1748273591877,,
1748273592261.0,12312.4,12314.4
1748273592489.0,12314.4,12316.4
1748273593264.0,12313.9,12315.9
1748273595254.0,12316.4,12318.4
1748273598050.0,12315.9,12317.9
1748273598275.0,12315.4,12317.4
1748273599580.0,12315.9,12317.9
1748273599805.0,12315.4,12317.4
1748273603309.0,12315.9,12317.9
1748273603533,,
1748273604932.0,12315.4,12317.4
1748273608727.0,12317.4,12319.4
1748273609029.0,12316.9,12318.9
1748273609252,,
1748273610362.0,12316.4,12318.4
1748273612170.0,12315.9,12317.9
1748273612745.0,12315.4,12317.4
1748273613706.0,12315.9,12317.9
1748273615884.0,12315.4,12317.4
1748273616109.0,12315.9,12317.9
1748273619322.0,12315.4,12317.4
1748273619544.0,12315.9,12317.9
1748273621157.0,12315.4,12317.4
1748273622218.0,12315.9,12317.9
1748273622625.0,12316.4,12318.4
1748273623714.0,12315.4,12317.4
1748273624754.0,12315.9,12317.9
1748273624978.0,12315.4,12317.4
1748273626016.0,12315.9,12317.9
1748273626238,,
1748273626463.0,12315.4,12317.4
1748273633760.0,12315.9,12317.9
1748273635308.0,12315.4,12317.4
1748273635756.0,12315.9,12317.9
1748273636393.0,12315.4,12317.4
1748273639831.0,12316.4,12318.4
1748273641010.0,12316.9,12318.9
1748273643544,,
1748273647022.0,12316.4,12318.4
1748273647245,,
1748273648552.0,12317.4,12319.4
1748273651787.0,12316.9,12318.9
1748273654026.0,12317.4,12319.4
1748273655920.0,12316.9,12318.9
1748273656479.0,12317.4,12319.4
1748273656704.0,12316.9,12318.9
1748273657483.0,12317.4,12319.4
1748273657708.0,12316.9,12318.9
1748273658487.0,12317.4,12319.4
1748273662617,,
1748273664397.0,12316.9,12318.9
1748273665160,,
1748273665723.0,12316.4,12318.4
1748273678050.0,12315.9,12317.9
1748273678275.0,12316.4,12318.4
1748273680074.0,12315.9,12317.9
1748273680297,,
1748273682190.0,12315.4,12317.4
1748273690068.0,12314.9,12316.9
1748273690309,,
1748273691516.0,12315.4,12317.4
1748273692184.0,12314.9,12316.9
1748273692407,,
1748273692818.0,12315.4,12317.4
1748273693042.0,12314.9,12316.9
1748273693266.0,12315.4,12317.4
1748273693492.0,12314.9,12316.9
1748273693718.0,12315.4,12317.4
1748273695252.0,12315.9,12317.9
1748273695511.0,12315.4,12317.4
1748273696493.0,12314.4,12316.4
1748273697396.0,12314.9,12316.9
1748273697891.0,12315.4,12317.4
1748273698113,,
1748273699465.0,12315.9,12317.9
1748273699690.0,12315.4,12317.4
1748273699916.0,12315.9,12317.9
1748273700297.0,12315.4,12317.4
1748273702151.0,12315.9,12317.9
1748273702376,,
1748273703138.0,12316.4,12318.4
1748273705736.0,12315.9,12317.9
1748273706310.0,12316.4,12318.4
1748273708198,,
1748273712780.0,12315.4,12317.4
1748273713006.0,12315.9,12317.9
1748273715826.0,12315.4,12317.4
1748273716048.0,12315.9,12317.9
1748273716571.0,12315.4,12317.4
1748273718270.0,12315.9,12317.9
1748273718495,,
1748273719027.0,12316.4,12318.4
1748273719251.0,12315.9,12317.9
1748273719561.0,12316.4,12318.4
1748273720796.0,12315.4,12317.4
1748273721021,,
1748273723234,,
1748273725981.0,12315.9,12317.9
1748273727803.0,12315.4,12317.4
1748273728252.0,12316.4,12318.4
1748273728780.0,12315.9,12317.9
1748273729645.0,12315.4,12317.4
1748273729869.0,12315.9,12317.9
1748273730094.0,12315.4,12317.4
1748273730319.0,12315.9,12317.9
1748273730743.0,12315.4,12317.4
1748273730969.0,12315.9,12317.9
1748273731651.0,12315.4,12317.4
1748273731873.0,12315.9,12317.9
1748273732707.0,12315.4,12317.4
1748273732930.0,12315.9,12317.9
1748273735976.0,12316.4,12318.4
1748273736199.0,12315.9,12317.9
1748273739227.0,12316.9,12318.9
1748273743802.0,12317.4,12319.4
1748273744825.0,12316.9,12318.9
1748273747150.0,12317.4,12319.4
1748273747375.0,12316.9,12318.9
1748273749125.0,12317.4,12319.4
1748273749347.0,12316.9,12318.9
1748273750276.0,12317.4,12319.4
1748273750499.0,12316.9,12318.9
1748273751652.0,12317.4,12319.4
1748273751878.0,12316.9,12318.9
1748273752102.0,12317.4,12319.4
1748273752328.0,12316.9,12318.9
1748273752552.0,12317.4,12319.4
1748273753047.0,12316.9,12318.9
1748273753498.0,12317.4,12319.4
1748273758817.0,12316.9,12318.9
1748273759039.0,12317.4,12319.4
1748273759434.0,12316.9,12318.9
1748273760030.0,12317.4,12319.4
1748273765184.0,12317.9,12319.9
1748273765407,,
1748273766285.0,12317.4,12319.4
1748273768742.0,12317.9,12319.9
1748273768966,,
1748273770665.0,12318.4,12320.4
1748273782192.0,12317.4,12319.4
1748273782416.0,12317.9,12319.9
1748273784181.0,12317.4,12319.4
1748273784403.0,12317.9,12319.9
1748273785490.0,12317.4,12319.4
1748273785714.0,12317.9,12319.9
1748273785939.0,12317.4,12319.4
1748273793463.0,12317.9,12319.9
1748273793687,,
1748273800586.0,12318.4,12320.4
1748273800810.0,12319.4,12321.4
1748273807023.0,12318.4,12320.4
1748273807246.0,12318.9,12320.9
1748273809187.0,12318.4,12320.4
1748273809409.0,12319.4,12321.4
1748273810153.0,12320.4,12322.4
1748273812300.0,12321.4,12323.4
1748273813791.0,12320.9,12322.9
1748273814019,,
1748273816099.0,12321.4,12323.4
1748273826488.0,12320.9,12322.9
1748273826712,,
1748273827781,,
1748273829518.0,12321.4,12323.4
1748273829981.0,12321.9,12323.9
1748273830204.0,12322.4,12324.4
1748273832992.0,12322.4,12324.4
1748273849244.0,12322.9,12324.9
1748273849468.0,12323.4,12325.4
1748273859304.0,12322.9,12324.9
1748273859529.0,12323.4,12325.4
1748273860608,,
1748273876016.0,12324.4,12326.4
1748273880486.0,12324.9,12326.9
1748273880711.0,12324.4,12326.4
1748273880937.0,12324.9,12326.9
1748273881159.0,12324.4,12326.4
1748273884246.0,12322.9,12324.9
1748273884469.0,12323.4,12325.4
1748273891499.0,12323.9,12325.9
1748273891722,,
1748273893446.0,12324.4,12326.4
1748273893667.0,12323.9,12325.9
1748273897137.0,12324.4,12326.4
1748273897362.0,12323.9,12325.9
1748273902155.0,12323.4,12325.4
1748273902850.0,12322.4,12324.4
1748273903075.0,12322.9,12324.9
1748273904032.0,12322.4,12324.4
1748273904255,,
1748273905581.0,12321.9,12323.9
1748273913739.0,12321.4,12323.4
1748273913962.0,12320.9,12322.9
1748273915854.0,12320.4,12322.4
1748273921808.0,12319.9,12321.9
1748273927257.0,12320.4,12322.4
1748273930273.0,12319.9,12321.9
1748273930498.0,12320.4,12322.4
1748273930723.0,12319.9,12321.9
1748273931648.0,12320.4,12322.4
1748273932208.0,12319.9,12321.9
1748273932432.0,12320.4,12322.4
1748273932707.0,12319.9,12321.9
1748273932933.0,12320.4,12322.4
1748273933253.0,12319.9,12321.9
1748273933469.0,12320.4,12322.4
1748273933745.0,12319.9,12321.9
1748273933969.0,12320.4,12322.4
1748273934244.0,12319.9,12321.9
1748273934468.0,12320.4,12322.4
1748273934745.0,12319.9,12321.9
1748273934969.0,12319.4,12321.4
1748273937470.0,12320.4,12322.4
1748273937693.0,12319.9,12321.9
1748273937918.0,12319.4,12321.4
1748273944564.0,12319.9,12321.9
1748273944788,,
1748273948506.0,12320.4,12322.4
1748273950771.0,12319.9,12321.9
1748273950995.0,12320.4,12322.4
1748273951897.0,12320.9,12322.9
1748273952123.0,12321.4,12323.4
1748273952855,,
1748273958585.0,12321.9,12323.9
1748273958808.0,12322.4,12324.4
1748273959708.0,12321.9,12323.9
1748273959933,,
1748273960868.0,12322.4,12324.4
1748273964752.0,12322.9,12324.9
1748273965222.0,12323.4,12325.4
1748273971447,,
1748273973029,,
1748273975633.0,12322.9,12324.9
1748273975856,,
1748273982351.0,12322.4,12324.4
1748273986396.0,12321.4,12323.4
1748274000252,,
1748274000553.0,12322.4,12324.4
1748274000778.0,12321.9,12323.9
1748274003115.0,12321.4,12323.4
1748274005631.0,12320.9,12322.9
1748274008181.0,12321.4,12323.4
1748274008404.0,12320.9,12322.9
1748274009113.0,12320.4,12322.4
1748274009345.0,12321.9,12323.9
1748274010218.0,12321.4,12323.4
1748274012793.0,12321.9,12323.9
1748274013032.0,12322.4,12324.4
1748274021761.0,12321.9,12323.9
1748274021986,,
1748274024136.0,12322.9,12324.9
1748274031679.0,12323.4,12325.4
1748274053579.0,12324.4,12326.4
1748274056828.0,12323.9,12325.9
1748274057053.0,12324.4,12326.4
1748274057809.0,12324.9,12326.9
1748274059210.0,12324.4,12326.4
1748274065898.0,12324.9,12326.9
1748274066121.0,12324.4,12326.4
1748274066348.0,12323.9,12325.9
1748274066814.0,12324.4,12326.4
1748274069473.0,12323.9,12325.9
1748274070682.0,12324.4,12326.4
1748274074579.0,12323.9,12325.9
1748274074804,,
1748274076973.0,12324.4,12326.4
1748274077197.0,12325.4,12327.4
1748274077590.0,12324.9,12326.9
1748274079756.0,12324.4,12326.4
1748274081977.0,12325.4,12327.4
1748274086425.0,12324.9,12326.9
1748274086649.0,12325.4,12327.4
1748274089402.0,12324.9,12326.9
1748274090205.0,12324.4,12326.4
1748274090429.0,12324.9,12326.9
1748274091163.0,12324.4,12326.4
1748274098473.0,12323.4,12325.4
1748274100535,,
1748274101656.0,12322.9,12324.9
1748274110019.0,12322.4,12324.4
1748274114974.0,12322.9,12324.9
1748274115707.0,12322.4,12324.4
1748274117225.0,12322.9,12324.9
1748274117452.0,12322.4,12324.4
1748274125121.0,12322.9,12324.9
1748274125345.0,12323.4,12325.4
1748274125570.0,12322.9,12324.9
1748274132558.0,12322.4,12324.4
1748274135023.0,12322.9,12324.9
1748274140931.0,12322.4,12324.4
1748274141157.0,12322.9,12324.9
1748274142751.0,12323.4,12325.4
1748274153544.0,12322.9,12324.9
1748274153766,,
1748274153991.0,12322.4,12324.4
1748274159314.0,12322.9,12324.9
1748274163160.0,12322.4,12324.4
1748274173762.0,12321.4,12323.4
1748274181849.0,12321.9,12323.9
1748274182069,,
1748274184598.0,12323.4,12325.4
1748274198568.0,12323.9,12325.9
1748274199059.0,12324.4,12326.4
1748274208500.0,12324.9,12326.9
1748274215221.0,12324.4,12326.4
1748274215445.0,12324.9,12326.9
1748274216323.0,12324.4,12326.4
1748274216548.0,12324.9,12326.9
1748274218885.0,12324.4,12326.4
1748274240243.0,12323.9,12325.9
1748274242336.0,12324.4,12326.4
1748274242561.0,12323.9,12325.9
1748274248590.0,12324.4,12326.4
1748274251074.0,12323.9,12325.9
1748274251566.0,12324.4,12326.4
1748274252179.0,12323.9,12325.9
1748274264673.0,12323.4,12325.4
1748274264897.0,12323.9,12325.9
1748274266770.0,12323.9,12325.9
1748274267921.0,12323.4,12325.4
1748274273176.0,12323.9,12325.9
1748274273398,,
1748274274646.0,12323.4,12325.4
1748274274871.0,12323.9,12325.9
1748274292308.0,12323.4,12325.4
1748274292864.0,12322.9,12324.9
1748274299560.0,12323.4,12325.4
1748274299786.0,12323.9,12325.9
1748274300451.0,12323.4,12325.4
1748274300676.0,12323.9,12325.9
1748274302236.0,12324.4,12326.4
1748274302461,,
1748274303101.0,12324.9,12326.9
1748274303327.0,12325.9,12327.9
1748274303550.0,12325.4,12327.4
1748274304668.0,12324.9,12326.9
1748274310236.0,12324.4,12326.4
1748274310460.0,12324.9,12326.9
1748274348473.0,12324.4,12326.4
1748274349721.0,12323.9,12325.9
1748274417329.0,12323.4,12325.4
1748274417549.0,12322.9,12324.9
1748274418682.0,12323.4,12325.4
1748274418906.0,12322.9,12324.9
1748274424260.0,12323.4,12325.4
1748274424483.0,12322.9,12324.9
1748274429014.0,12321.9,12323.9
1748274450160.0,12322.4,12324.4
1748274450681.0,12321.9,12323.9
1748274450904,,
1748274457375.0,12322.4,12324.4
1748274457600.0,12321.9,12323.9
1748274458103.0,12322.4,12324.4
1748274465827.0,12321.9,12323.9
1748274467674.0,12322.4,12324.4
1748274467910.0,12321.9,12323.9
1748274475911.0,12322.4,12324.4
1748274476136.0,12321.9,12323.9
1748274482720.0,12322.4,12324.4
1748274482944.0,12321.9,12323.9
1748274489019.0,12322.4,12324.4
1748274489242.0,12321.9,12323.9
1748274507179.0,12322.4,12324.4
1748274507401.0,12321.9,12323.9
1748274507635.0,12322.4,12324.4
1748274509169.0,12321.9,12323.9
1748274510112.0,12322.4,12324.4
1748274510336.0,12321.9,12323.9
1748274524905.0,12322.9,12324.9
1748274529399.0,12323.4,12325.4
1748274539159.0,12323.9,12325.9
1748274573187.0,12324.4,12326.4
1748274573411.0,12323.9,12325.9
1748274574519.0,12324.4,12326.4
1748274574745.0,12324.9,12326.9
1748274578614.0,12324.4,12326.4
1748274578838.0,12323.9,12325.9
1748274586058.0,12323.4,12325.4
1748274586282.0,12323.9,12325.9
1748274589126.0,12323.4,12325.4
1748274589351.0,12323.9,12325.9
1748274601563.0,12324.4,12326.4
1748274601787.0,12323.9,12325.9
1748274602089.0,12324.4,12326.4
1748274602313.0,12324.9,12326.9
1748274620176.0,12324.4,12326.4
1748274628814.0,12324.9,12326.9
1748274629038,,
1748274659741.0,12325.4,12327.4
1748274674105.0,12324.9,12326.9
1748274674331,,
1748274679495.0,12322.9,12324.9
1748274705597,,
1748274706821.0,12323.9,12325.9
1748274708684,,
1748274712717.0,12323.4,12325.4
1748274712939.0,12322.9,12324.9
1748274715654.0,12322.4,12324.4
1748274722149.0,12322.9,12324.9
1748274722374,,
1748274733588.0,12322.4,12324.4
1748274740432.0,12321.9,12323.9
1748274744230.0,12321.4,12323.4
1748274744451.0,12320.9,12322.9
1748274746233.0,12321.4,12323.4
1748274749841.0,12320.9,12322.9
1748274756334.0,12321.4,12323.4
1748274756557,,
1748274757956.0,12321.9,12323.9
1748274759342.0,12321.4,12323.4
1748274774669.0,12320.9,12322.9
1748274796693.0,12321.4,12323.4
1748274797191.0,12320.9,12322.9
1748274798568.0,12321.4,12323.4
1748274807062.0,12320.9,12322.9
1748274825809.0,12320.4,12322.4
1748274841808.0,12320.9,12322.9
1748274842046,,
1748274856944.0,12321.4,12323.4
1748274858844.0,12321.9,12323.9
1748274859913,,
1748274863312.0,12322.9,12324.9
1748274866251.0,12322.4,12324.4
1748274866750.0,12322.9,12324.9
1748274870230.0,12322.4,12324.4
1748274870453.0,12322.9,12324.9
1748274881751.0,12321.4,12323.4
1748274883587.0,12321.9,12323.9
1748274883810,,
1748274896389.0,12322.4,12324.4
1748274900080.0,12322.9,12324.9
1748274904777.0,12323.4,12325.4
1748274904999.0,12322.9,12324.9
1748274917783.0,12323.4,12325.4
1748274918232.0,12322.9,12324.9
1748274925254.0,12323.4,12325.4
1748274926149.0,12322.9,12324.9
1748274926952.0,12323.4,12325.4
1748274927710.0,12322.9,12324.9
1748274959724.0,12322.4,12324.4
1748274959947.0,12322.9,12324.9
1748274963254.0,12323.4,12325.4
1748274963478.0,12323.9,12325.9
1748274984314.0,12323.4,12325.4
1748274984538.0,12323.9,12325.9
1748275012818.0,12323.4,12325.4
1748275014295.0,12322.9,12324.9
1748275014518,,
1748275036454.0,12322.4,12324.4
1748275036679.0,12322.9,12324.9
1748275076068.0,12323.4,12325.4
1748275077817.0,12322.9,12324.9
1748275103197.0,12323.4,12325.4
1748275103422.0,12322.9,12324.9
1748275145219.0,12323.4,12325.4
1748275146145.0,12322.9,12324.9
1748275148796.0,12323.4,12325.4
1748275149533.0,12322.9,12324.9
1748275152799.0,12323.4,12325.4
1748275153022.0,12322.9,12324.9
1748275159471.0,12323.4,12325.4
1748275159695.0,12323.9,12325.9
1748275160609.0,12324.9,12326.9
1748275171011.0,12325.4,12327.4
1748275171251.0,12324.9,12326.9
1748275172059.0,12325.4,12327.4
1748275172284.0,12324.9,12326.9
1748275175026.0,12325.4,12327.4
1748275175250.0,12324.9,12326.9
1748275201579.0,12325.4,12327.4
1748275202142.0,12325.9,12327.9
1748275209303.0,12325.4,12327.4
1748275209544.0,12324.9,12326.9
1748275213057.0,12325.4,12327.4
1748275213281.0,12325.9,12327.9
1748275244840.0,12325.4,12327.4
1748275246717.0,12325.9,12327.9
1748275246942.0,12324.9,12326.9
1748275255049.0,12325.4,12327.4
1748275255272.0,12324.9,12326.9
1748275259175.0,12325.4,12327.4
1748275259900.0,12324.9,12326.9
1748275263379.0,12325.4,12327.4
1748275265182.0,12324.9,12326.9
1748275266208.0,12325.4,12327.4
1748275271452.0,12324.9,12326.9
1748275273702.0,12325.4,12327.4
1748275273924.0,12324.9,12326.9
1748275291636.0,12325.4,12327.4
1748275295226.0,12324.9,12326.9
1748275359218.0,12325.4,12327.4
1748275359439.0,12324.9,12326.9
1748275385913.0,12325.4,12327.4
1748275387649.0,12324.9,12326.9
1748275403379.0,12325.4,12327.4
1748275403911.0,12324.9,12326.9
1748275411219.0,12324.4,12326.4
1748275411441.0,12324.9,12326.9
1748275423670.0,12325.4,12327.4
1748275423897.0,12325.9,12327.9
1748275440849.0,12326.4,12328.4
1748275441074.0,12325.9,12327.9
1748275457305.0,12326.4,12328.4
1748275457530.0,12325.9,12327.9
1748275472561.0,12326.4,12328.4
1748275476686.0,12325.9,12327.9
1748275478500.0,12326.4,12328.4
1748275490940,,
1748275491402.0,12326.9,12328.9
1748275491628,,
1748275515311.0,12327.9,12329.9
1748275515548.0,12328.4,12330.4
1748275517412.0,12328.9,12330.9
1748275521089.0,12329.4,12331.4
1748275568535.0,12328.9,12330.9
1748275571988.0,12329.4,12331.4
1748275681928.0,12328.9,12330.9
1748275712956.0,12329.4,12331.4
1748275713179.0,12328.9,12330.9
1748275718092.0,12329.4,12331.4
1748275719135.0,12328.9,12330.9
1748275754716.0,12329.4,12331.4
1748275757829.0,12328.9,12330.9
1748275758053.0,12329.9,12331.9
1748275760417.0,12330.4,12332.4
1748275761359.0,12329.9,12331.9
1748275762733.0,12330.4,12332.4
1748275763356.0,12330.9,12332.9
1748275770321.0,12331.4,12333.4
1748275770547.0,12330.9,12332.9
1748275771962.0,12331.4,12333.4
1748275776916.0,12330.9,12332.9
1748275778852.0,12331.4,12333.4
1748275779745.0,12330.9,12332.9
1748275800456.0,12331.4,12333.4
1748275805157.0,12330.9,12332.9
1748275815753.0,12331.4,12333.4
1748275819187.0,12331.9,12333.9
1748275824227.0,12332.4,12334.4
1748275827556.0,12332.9,12334.9
1748275849720.0,12332.9,12334.9
1748275853210.0,12333.4,12335.4
1748275853436.0,12332.9,12334.9
1748275867658.0,12333.4,12335.4
1748275867882.0,12332.9,12334.9
1748275879780.0,12333.4,12335.4
1748275906819.0,12332.9,12334.9
1748275907041,,
1748275954617.0,12332.4,12334.4
1748275954843.0,12331.9,12333.9
1748276039141.0,12332.4,12334.4
1748276039366.0,12332.9,12334.9
1748276063068.0,12332.4,12334.4
1748276095047.0,12331.9,12333.9
1748276095573.0,12331.4,12333.4
1748276095797.0,12330.9,12332.9
1748276103139.0,12330.4,12332.4
1748276103364.0,12329.9,12331.9
1748276182737.0,12329.4,12331.4
1748276182971.0,12328.9,12330.9
1748276183185.0,12328.4,12330.4
1748276183651.0,12329.4,12331.4
1748276183876.0,12327.4,12329.4
1748276199235.0,12326.9,12328.9
1748276216503.0,12327.4,12329.4
1748276216727.0,12326.9,12328.9
1748276219066.0,12326.4,12328.4
1748276299619.0,12325.9,12327.9
1748276306878.0,12325.4,12327.4
1748276307103.0,12324.9,12326.9
1748276426417.0,12324.4,12326.4
1748276439336.0,12324.9,12326.9
1748276471806.0,12324.4,12326.4
1748276472409.0,12323.9,12325.9
1748276491779.0,12323.4,12325.4
1748276555957.0,12322.9,12324.9
1748276700271.0,12322.4,12324.4
1748276703837.0,12321.9,12323.9
1748276704058.0,12321.4,12323.4
1748276717752.0,12321.9,12323.9
1748276733340.0,12321.4,12323.4
1748276784444.0,12321.9,12323.9
1748276800934.0,12321.4,12323.4
1748276873232.0,12320.9,12322.9
1748276876665.0,12319.9,12321.9
1748276953631.0,12318.9,12320.9
1748276996813.0,12319.4,12321.4
1748276997866.0,12318.9,12320.9
1748277000081.0,12319.4,12321.4
1748277000303.0,12320.4,12322.4
1748277000528.0,12319.9,12321.9
1748277023821.0,12320.4,12322.4
1748277024046.0,12319.9,12321.9
1748277111940.0,12319.4,12321.4
1748277114690.0,12318.9,12320.9
1748277115933.0,12319.4,12321.4
1748277126755.0,12318.9,12320.9
1748277142691.0,12319.4,12321.4
1748277152613.0,12318.9,12320.9
1748277171037.0,12319.4,12321.4
1748277171260.0,12318.9,12320.9
1748277179581.0,12319.4,12321.4
1748277186209.0,12319.9,12321.9
1748277186431.0,12320.9,12322.9
1748277309908.0,12321.4,12323.4
1748277310131.0,12321.9,12323.9
1748277312605.0,12321.4,12323.4
1748277312830.0,12321.9,12323.9
1748277319305.0,12322.4,12324.4
1748277330491.0,12321.9,12323.9
1748277340975.0,12322.4,12324.4
1748277341199.0,12322.9,12324.9
1748277343131.0,12323.4,12325.4
1748277343355.0,12322.9,12324.9
1748277346216.0,12323.4,12325.4
1748277346441.0,12322.9,12324.9
1748277349798.0,12323.4,12325.4
1748277353753.0,12323.9,12325.9
1748277353985.0,12323.4,12325.4
1748277355510.0,12323.9,12325.9
1748277355736.0,12323.4,12325.4
1748277368368.0,12322.9,12324.9
1748277370064.0,12323.4,12325.4
1748277376515.0,12322.9,12324.9
1748277380963.0,12323.4,12325.4
1748277400846.0,12323.9,12325.9
1748277401071.0,12323.4,12325.4
1748277456085.0,12323.9,12325.9
1748277522055.0,12323.4,12325.4
1748277522279.0,12323.9,12325.9
1748277568994.0,12323.4,12325.4
1748277602652.0,12322.9,12324.9
1748277603363.0,12322.4,12324.4
1748277603587.0,12322.9,12324.9
1748277610420.0,12323.4,12325.4
1748277610640.0,12322.9,12324.9
1748277613038.0,12323.4,12325.4
1748277614203.0,12322.9,12324.9
1748277617379.0,12323.4,12325.4
1748277659700.0,12322.9,12324.9
1748277659924.0,12323.4,12325.4
1748277754804.0,12323.9,12325.9
1748277772716.0,12323.4,12325.4
1748277782442.0,12322.9,12324.9
1748277787552.0,12323.4,12325.4
1748277805299.0,12322.9,12324.9
1748277805521.0,12323.4,12325.4
1748277811008.0,12323.9,12325.9
1748277811233.0,12323.4,12325.4
1748277813546.0,12323.9,12325.9
1748277813770.0,12323.4,12325.4
1748277817335.0,12323.9,12325.9
1748277849539.0,12323.4,12325.4
1748277849762.0,12323.9,12325.9
1748277852894.0,12323.4,12325.4
1748277860468.0,12323.9,12325.9
1748277863717.0,12323.4,12325.4
1748277870535.0,12323.9,12325.9
1748277877719.0,12323.4,12325.4
1748277877940.0,12323.9,12325.9
1748277892999.0,12323.4,12325.4
1748277893222.0,12323.9,12325.9
1748277906082.0,12323.4,12325.4
1748277911170.0,12323.9,12325.9
1748277915531.0,12324.4,12326.4
1748277917195.0,12323.9,12325.9
1748277920702.0,12324.4,12326.4
1748277938326.0,12323.9,12325.9
1748277961199.0,12324.4,12326.4
1748277961433.0,12324.9,12326.9
1748277962289.0,12325.4,12327.4
1748277962514.0,12324.9,12326.9
1748277965681.0,12324.4,12326.4
1748277971437.0,12324.9,12326.9
1748277979411.0,12325.4,12327.4
1748277987019.0,12324.9,12326.9
1748277990649.0,12325.4,12327.4
1748277998993.0,12324.9,12326.9
1748278004254.0,12324.4,12326.4
1748278008831.0,12324.9,12326.9
1748278009037.0,12324.4,12326.4
1748278009265.0,12324.9,12326.9
1748278013770.0,12325.4,12327.4
1748278014369.0,12324.9,12326.9
1748278020072.0,12325.4,12327.4
1748278020296.0,12324.9,12326.9
1748278031213.0,12324.4,12326.4
1748278050955.0,12323.9,12325.9
1748278051176.0,12324.4,12326.4
1748278051402.0,12323.9,12325.9
1748278067202.0,12324.4,12326.4
1748278074315.0,12323.9,12325.9
1748278074538.0,12324.4,12326.4
1748278080383.0,12323.9,12325.9
1748278080619.0,12324.4,12326.4
1748278090831.0,12323.9,12325.9
1748278091072.0,12324.4,12326.4
1748278116954.0,12323.9,12325.9
1748278119262.0,12324.4,12326.4
1748278126917.0,12324.9,12326.9
1748278127150.0,12324.4,12326.4
1748278168888.0,12324.9,12326.9
1748278218052.0,12324.4,12326.4
1748278228179.0,12324.9,12326.9
1748278247119.0,12324.4,12326.4
1748278258606.0,12324.9,12326.9
1748278271430.0,12324.4,12326.4
1748278310182.0,12324.9,12326.9
1748278312682.0,12325.4,12327.4
1748278315540.0,12325.9,12327.9
1748278315764.0,12325.4,12327.4
1748278378419.0,12325.9,12327.9
1748278378640.0,12325.4,12327.4
1748278409743.0,12324.9,12326.9
1748278411038.0,12325.4,12327.4
1748278445475.0,12325.9,12327.9
1748278462617.0,12325.4,12327.4
1748278468585.0,12324.9,12326.9
1748278481079.0,12325.4,12327.4
1748278489006.0,12324.9,12326.9
1748278492470.0,12325.4,12327.4
1748278499185.0,12325.9,12327.9
1748278499405.0,12325.4,12327.4
1748278511622.0,12325.9,12327.9
1748278531681.0,12326.4,12328.4
1748278531914.0,12326.9,12328.9
1748278538655.0,12327.4,12329.4
1748278549613.0,12327.9,12329.9
1748278549836.0,12327.4,12329.4
1748278553441.0,12327.9,12329.9
1748278566142.0,12327.4,12329.4
1748278566366.0,12326.9,12328.9
1748278568164.0,12326.4,12328.4
1748278576818.0,12326.9,12328.9
1748278585431.0,12326.4,12328.4
1748278585662.0,12325.9,12327.9
1748278588317.0,12325.4,12327.4
1748278592270.0,12324.9,12326.9
1748278592491.0,12325.9,12327.9
1748278596942.0,12326.4,12328.4
1748278598932.0,12326.9,12328.9
1748278603727.0,12326.4,12328.4
1748278607681.0,12326.9,12328.9
1748278622515.0,12327.4,12329.4
1748278622740.0,12326.9,12328.9
1748278623009.0,12327.4,12329.4
1748278623233.0,12327.9,12329.9
1748278624249.0,12327.4,12329.4
1748278624474.0,12326.4,12328.4
1748278626846.0,12325.9,12327.9
1748278673241.0,12325.4,12327.4
1748278680243.0,12324.9,12326.9
1748278680465.0,12325.4,12327.4
1748278685541.0,12324.9,12326.9
1748278711174.0,12325.4,12327.4
1748278713681.0,12324.9,12326.9
1748278713904.0,12324.4,12326.4
1748278763217.0,12324.9,12326.9
1748278767175.0,12325.4,12327.4
1748278767397.0,12324.9,12326.9
1748278785077.0,12325.4,12327.4
1748278785304.0,12324.9,12326.9
1748278794184.0,12325.4,12327.4
1748278799135.0,12324.9,12326.9
1748278852163.0,12325.4,12327.4
1748278852386.0,12324.9,12326.9
1748278862148.0,12325.4,12327.4
1748278862371.0,12324.9,12326.9
1748278863814.0,12324.4,12326.4
1748278864037.0,12324.9,12326.9
1748278864540.0,12325.4,12327.4
1748278864766.0,12324.4,12326.4
1748278865119.0,12322.4,12324.4
1748278865344.0,12324.4,12326.4
1748278866575,,
1748278866799.0,12324.9,12326.9
1748278875572.0,12325.4,12327.4
1748278875795.0,12324.9,12326.9
1748278876020.0,12325.4,12327.4
1748278876246.0,12324.9,12326.9
1748278876806.0,12325.4,12327.4
1748278877031.0,12324.9,12326.9
1748278889790.0,12325.4,12327.4
1748278890238,,
1748278892211.0,12324.9,12326.9
1748278892436.0,12325.4,12327.4
1748278897889.0,12325.9,12327.9
1748278898112.0,12325.4,12327.4
1748278902430.0,12324.9,12326.9
1748278902655.0,12325.4,12327.4
1748278903680.0,12325.9,12327.9
1748278918086.0,12325.4,12327.4
1748279011586.0,12324.9,12326.9
1748279011810.0,12325.4,12327.4
1748279102547.0,12324.9,12326.9
1748279102769.0,12324.4,12326.4
1748279329660.0,12323.9,12325.9
1748279334627.0,12324.4,12326.4
1748279400764.0,12324.9,12326.9
1748279413718.0,12324.4,12326.4
1748279413941.0,12324.9,12326.9
1748279436682.0,12325.4,12327.4
1748279479705.0,12324.9,12326.9
1748279479926.0,12325.4,12327.4
1748279490124.0,12325.9,12327.9
1748279560531.0,12325.4,12327.4
1748279560752.0,12324.9,12326.9
1748279562057.0,12325.4,12327.4
1748279562281,,
1748279600034.0,12325.9,12327.9
1748279608236.0,12326.4,12328.4
1748279608459.0,12325.4,12327.4
1748279619147.0,12325.9,12327.9
1748279625664.0,12325.4,12327.4
1748279625887.0,12324.9,12326.9
1748279647197.0,12324.4,12326.4
1748279712014.0,12323.9,12325.9
1748279712235.0,12324.4,12326.4
1748279758896.0,12324.9,12326.9
1748279759117.0,12324.4,12326.4
1748279820706.0,12324.9,12326.9
1748279825729.0,12325.4,12327.4
1748279825951.0,12324.9,12326.9
1748279833837.0,12325.4,12327.4
1748279834060.0,12324.9,12326.9
1748279842958.0,12325.4,12327.4
1748279843180.0,12324.9,12326.9
1748279879257.0,12325.4,12327.4
1748279879478.0,12324.9,12326.9
1748279896919.0,12324.4,12326.4
1748279907517.0,12323.9,12325.9
1748279907739.0,12323.4,12325.4
1748279908416.0,12323.9,12325.9
1748279911681.0,12324.4,12326.4
1748279922693.0,12323.9,12325.9
1748279922917.0,12324.4,12326.4
1748279924114.0,12323.9,12325.9
1748279924340.0,12324.4,12326.4
1748279949867.0,12324.9,12326.9
1748279953804.0,12325.4,12327.4
1748279954027.0,12324.9,12326.9
1748279970344.0,12324.4,12326.4
1748280002504.0,12323.9,12325.9
1748280007453.0,12323.4,12325.4
1748280008732.0,12323.9,12325.9
1748280009182.0,12323.4,12325.4
1748280009407.0,12324.4,12326.4
1748280050282.0,12324.9,12326.9
1748280050505.0,12325.4,12327.4
1748280053148.0,12325.9,12327.9
1748280060550.0,12325.4,12327.4
1748280069026.0,12324.9,12326.9
1748280085718.0,12325.4,12327.4
1748280111899.0,12324.9,12326.9
1748280118316.0,12325.4,12327.4
1748280154923.0,12325.9,12327.9
1748280287599.0,12325.4,12327.4
1748280287824.0,12325.9,12327.9
1748280331686.0,12325.4,12327.4
1748280331906.0,12324.9,12326.9
1748280353403.0,12324.4,12326.4
1748280353624.0,12324.9,12326.9
1748280373479.0,12324.4,12326.4
1748280495217.0,12324.9,12326.9
1748280501035.0,12325.4,12327.4
1748280506355.0,12325.9,12327.9
1748280511045.0,12325.4,12327.4
1748280512343.0,12325.9,12327.9
1748280512568.0,12325.4,12327.4
1748280524030.0,12325.9,12327.9
1748280531127.0,12325.4,12327.4
1748280537032.0,12325.9,12327.9
1748280537256.0,12325.4,12327.4
1748280577298.0,12324.9,12326.9
1748280577519,,
1748280577820.0,12325.4,12327.4
1748280578627.0,12324.9,12326.9
1748280581588.0,12325.4,12327.4
1748280582207.0,12324.9,12326.9
1748280582432.0,12325.4,12327.4
1748280588590.0,12325.9,12327.9
1748280588813.0,12325.4,12327.4
1748280763953.0,12325.9,12327.9
1748280901705.0,12325.4,12327.4
1748280901927.0,12324.9,12326.9
1748280910030.0,12324.4,12326.4
1748280910255.0,12324.9,12326.9
1748280931497.0,12325.4,12327.4
1748280931718.0,12324.9,12326.9
1748280965122.0,12324.4,12326.4
1748281054705.0,12324.9,12326.9
1748281055215.0,12325.4,12327.4
1748281055442.0,12324.9,12326.9
1748281056995.0,12325.4,12327.4
1748281060139.0,12324.9,12326.9
1748281060589.0,12325.4,12327.4
1748281072277.0,12324.9,12326.9
1748281072500.0,12325.4,12327.4
1748281096218.0,12324.9,12326.9
1748281096439.0,12325.4,12327.4
1748281228545.0,12324.9,12326.9
1748281228767.0,12324.4,12326.4
1748281232292.0,12324.9,12326.9
1748281234876.0,12325.4,12327.4
1748281235341.0,12324.9,12326.9
1748281236440.0,12325.4,12327.4
1748281237349.0,12324.9,12326.9
1748281238177.0,12325.4,12327.4
1748281239216.0,12325.9,12327.9
1748281239440.0,12325.4,12327.4
1748281258706.0,12325.9,12327.9
1748281258927.0,12325.4,12327.4
1748281319214.0,12325.9,12327.9
1748281321646.0,12325.4,12327.4
1748281323898.0,12325.9,12327.9
1748281325858.0,12325.4,12327.4
1748281350109.0,12324.9,12326.9
1748281350945.0,12324.4,12326.4
1748281351171.0,12324.9,12326.9
1748281365627.0,12325.4,12327.4
1748281365849.0,12324.9,12326.9
1748281366369.0,12325.4,12327.4
1748281380096.0,12324.9,12326.9
1748281380717.0,12324.4,12326.4
1748281380941.0,12324.9,12326.9
1748281389130.0,12325.4,12327.4
1748281421073.0,12324.9,12326.9
1748281426503.0,12325.4,12327.4
1748281432015.0,12324.9,12326.9
1748281433605.0,12325.4,12327.4
1748281468583.0,12324.9,12326.9
1748281482214.0,12324.4,12326.4
1748281482439.0,12325.4,12327.4
1748281590419.0,12324.9,12326.9
1748281590641.0,12325.4,12327.4
1748281592415.0,12324.9,12326.9
1748281594563.0,12325.4,12327.4
1748281595470.0,12324.9,12326.9
1748281595693.0,12325.4,12327.4
1748281605122.0,12325.9,12327.9
1748281618669.0,12325.4,12327.4
1748281618891.0,12325.9,12327.9
1748281628526.0,12325.4,12327.4
1748281628748.0,12324.9,12326.9
1748281648719.0,12324.4,12326.4
1748281648940.0,12325.4,12327.4
1748281762146.0,12324.9,12326.9
1748281762749.0,12325.4,12327.4
1748281762973.0,12325.9,12327.9
1748281764901.0,12325.4,12327.4
1748281765123.0,12324.9,12326.9
1748281805217.0,12324.4,12326.4
1748281839421.0,12324.9,12326.9
1748281849019.0,12325.4,12327.4
1748281849242.0,12324.9,12326.9
1748281849716.0,12325.4,12327.4
1748281849940.0,12324.9,12326.9
1748281851960.0,12325.4,12327.4
1748281896571.0,12324.9,12326.9
1748281913016.0,12325.4,12327.4
1748281980651.0,12324.9,12326.9
1748281980872.0,12325.4,12327.4
1748282007393.0,12324.9,12326.9
1748282012683.0,12325.4,12327.4
1748282012905.0,12324.9,12326.9
1748282013189.0,12325.4,12327.4
1748282052653.0,12324.9,12326.9
1748282052940.0,12324.4,12326.4
1748282053164.0,12324.9,12326.9
1748282055580.0,12325.4,12327.4
1748282093148.0,12325.9,12327.9
1748282113994.0,12325.4,12327.4
1748282115389.0,12325.9,12327.9
1748282284864.0,12325.4,12327.4
1748282285085.0,12325.9,12327.9
1748282385265.0,12325.4,12327.4
1748282385488.0,12324.9,12326.9
1748282400101.0,12325.4,12327.4
1748282400851.0,12325.9,12327.9
1748282401819.0,12325.4,12327.4
1748282402042.0,12324.9,12326.9
1748282418104.0,12325.4,12327.4
1748282418326.0,12324.9,12326.9
1748282426022.0,12325.4,12327.4
1748282426246.0,12324.9,12326.9
1748282540094.0,12325.4,12327.4
1748282572328.0,12325.9,12327.9
1748282574687.0,12325.4,12327.4
1748282574911.0,12324.9,12326.9
1748282580546.0,12325.4,12327.4
1748282591413.0,12324.9,12326.9
1748282598838.0,12325.4,12327.4
1748282599063.0,12324.9,12326.9
1748282612120.0,12325.4,12327.4
1748282617390.0,12324.9,12326.9
1748282617842.0,12324.4,12326.4
1748282618064.0,12324.9,12326.9
1748282637715.0,12325.4,12327.4
1748282637937.0,12324.9,12326.9
1748282659944.0,12324.4,12326.4
1748282660168.0,12324.9,12326.9
1748282661417.0,12324.4,12326.4
1748282810984.0,12324.9,12326.9
1748282811591.0,12325.4,12327.4
1748282811816.0,12324.9,12326.9
1748282865035.0,12325.4,12327.4
1748282865254.0,12324.9,12326.9
1748282894366.0,12324.4,12326.4
1748282923547.0,12324.9,12326.9
1748282933095.0,12325.4,12327.4
1748282933317.0,12324.9,12326.9
1748282934428.0,12325.4,12327.4
1748282934653.0,12324.9,12326.9
1748282937862.0,12325.4,12327.4
1748282938086.0,12324.4,12326.4
1748283041099.0,12323.9,12325.9
1748283041320.0,12324.4,12326.4
1748283113255.0,12324.9,12326.9
1748283113474.0,12325.4,12327.4
1748283115173.0,12324.9,12326.9
1748283115397.0,12325.4,12327.4
1748283116316.0,12325.9,12327.9
1748283427850.0,12325.4,12327.4
1748283428072.0,12324.9,12326.9
1748283475220.0,12324.4,12326.4
1748283475441.0,12324.9,12326.9
1748283476961.0,12325.4,12327.4
1748283481818.0,12324.9,12326.9
1748283484576.0,12325.4,12327.4
1748283484801.0,12324.9,12326.9
1748283503147.0,12324.4,12326.4
1748283503370.0,12325.4,12327.4
1748283541713.0,12324.9,12326.9
1748283541935.0,12325.4,12327.4
1748283746574.0,12325.9,12327.9
1748283746794.0,12325.4,12327.4
1748283789703.0,12324.9,12326.9
1748283789925.0,12325.4,12327.4
1748283819557.0,12324.9,12326.9
1748283819781.0,12325.4,12327.4
1748283837179.0,12324.9,12326.9
1748283837400.0,12325.4,12327.4
1748283898617.0,12325.9,12327.9
1748283900681.0,12325.4,12327.4
1748283900906.0,12324.9,12326.9
1748283977752.0,12325.4,12327.4
1748283982148.0,12325.9,12327.9
1748284003985.0,12325.4,12327.4
1748284004206.0,12324.9,12326.9
1748284009649.0,12325.4,12327.4
1748284009872.0,12324.9,12326.9
1748284116151.0,12324.4,12326.4
1748284116372.0,12324.9,12326.9
1748284121682.0,12325.4,12327.4
1748284121905.0,12325.9,12327.9
1748284373501.0,12325.4,12327.4
1748284373724.0,12324.9,12326.9
1748284433537.0,12324.4,12326.4
1748284433758.0,12325.4,12327.4
1748284448049.0,12325.9,12327.9
1748284533629.0,12325.4,12327.4
1748284535276.0,12324.9,12326.9
1748284595727.0,12325.4,12327.4
1748284595947.0,12324.9,12326.9
1748284606668.0,12325.4,12327.4
1748284606891.0,12325.9,12327.9
1748284963819.0,12325.4,12327.4
1748284987079.0,12325.9,12327.9
1748284990311.0,12326.4,12328.4
1748284990534.0,12325.9,12327.9
1748284998841.0,12327.4,12329.4
1748285019590.0,12327.9,12329.9
1748285019813.0,12328.9,12330.9
1748285056771.0,12329.4,12331.4
1748285056992.0,12330.4,12332.4
1748285175221.0,12330.9,12332.9
1748285175442,,
1748285323317.0,12331.4,12333.4
1748285445314.0,12330.9,12332.9
1748285445537.0,12331.4,12333.4
1748285717017.0,12330.9,12332.9
1748285799876.0,12331.4,12333.4
1748285812889.0,12331.9,12333.9
1748285879401.0,12331.4,12333.4
1748285879622.0,12330.9,12332.9
1748285880086.0,12330.4,12332.4
1748285880312.0,12330.9,12332.9
1748285882511.0,12330.4,12332.4
1748285890681.0,12330.9,12332.9
1748285891906.0,12330.4,12332.4
1748285892130.0,12330.9,12332.9
1748285925146.0,12330.4,12332.4
1748286035719.0,12330.9,12332.9
1748286035942.0,12330.4,12332.4
1748286144393.0,12330.9,12332.9
1748286144613.0,12330.4,12332.4
1748286245540.0,12329.9,12331.9
1748286260969.0,12330.4,12332.4
1748286261193.0,12331.4,12333.4
1748286265645.0,12330.9,12332.9
1748286265869.0,12330.4,12332.4
1748286274313.0,12330.9,12332.9
1748286276392.0,12330.4,12332.4
1748286276618.0,12330.9,12332.9
1748286283974.0,12330.4,12332.4
1748286308870.0,12329.9,12331.9
1748286363912.0,12330.4,12332.4
1748286374718.0,12329.9,12331.9
1748286377041.0,12330.4,12332.4
1748286426919.0,12329.9,12331.9
1748286448083.0,12330.4,12332.4
1748286458179.0,12330.9,12332.9
1748286467568.0,12330.4,12332.4
1748286582774.0,12330.9,12332.9
1748286589087.0,12331.4,12333.4
1748286606873.0,12330.9,12332.9
1748286607095.0,12331.4,12333.4
1748286648047.0,12331.9,12333.9
1748286648272.0,12331.4,12333.4
1748286648772.0,12331.9,12333.9
1748286864737.0,12332.4,12334.4
1748286864957.0,12332.9,12334.9
1748286865182.0,12331.9,12333.9
1748286974938.0,12332.4,12334.4
1748286975157.0,12332.9,12334.9
1748286985038.0,12333.4,12335.4
1748287032046.0,12333.9,12335.9
1748287032492.0,12333.4,12335.4
1748287085221.0,12332.9,12334.9
1748287087663.0,12333.4,12335.4
1748287087886.0,12332.9,12334.9
1748287138321.0,12333.4,12335.4
1748287169824.0,12332.9,12334.9
1748287170045.0,12333.4,12335.4
1748287294527.0,12332.9,12334.9
1748287294746.0,12333.4,12335.4
1748287381639.0,12332.9,12334.9
1748287381860.0,12333.4,12335.4
1748287389940.0,12332.9,12334.9
1748287390165.0,12333.4,12335.4
1748287390389.0,12332.9,12334.9
1748287394955.0,12332.4,12334.4
1748287410354.0,12331.9,12333.9
1748287410578.0,12332.4,12334.4
1748287470685.0,12331.9,12333.9
1748287470906.0,12332.4,12334.4
1748287476017.0,12331.9,12333.9
1748287476240.0,12332.4,12334.4
1748287577003.0,12331.9,12333.9
1748287626786.0,12332.4,12334.4
1748287627008.0,12331.9,12333.9
1748287666681.0,12331.4,12333.4
1748287673341.0,12330.9,12332.9
1748287682121.0,12330.4,12332.4
1748287703344.0,12329.9,12331.9
1748287718394.0,12330.4,12332.4
1748287729582.0,12329.9,12331.9
1748287734636.0,12330.4,12332.4
1748287744392.0,12329.9,12331.9
1748287744615.0,12330.4,12332.4
1748287806902.0,12329.9,12331.9
1748287807349.0,12330.4,12332.4
1748287823516.0,12329.9,12331.9
1748287823737.0,12330.4,12332.4
1748287831199.0,12329.9,12331.9
1748287923821.0,12330.4,12332.4
1748287926721.0,12330.9,12332.9
1748287926946.0,12330.4,12332.4
1748288078419.0,12330.9,12332.9
1748288086050.0,12331.4,12333.4
1748288086273.0,12330.9,12332.9
1748288103237.0,12330.4,12332.4
1748288103459.0,12331.4,12333.4
1748288164491.0,12330.9,12332.9
1748288164714.0,12330.4,12332.4
1748288226425.0,12329.9,12331.9
1748288229433.0,12330.4,12332.4
1748288229658.0,12329.9,12331.9
1748288260174.0,12330.4,12332.4
1748288296182.0,12329.9,12331.9
1748288378084.0,12330.4,12332.4
1748288378304.0,12330.9,12332.9
1748288427735.0,12330.4,12332.4
1748288445231.0,12330.9,12332.9
1748288464926.0,12331.4,12333.4
1748288475588.0,12330.9,12332.9
1748288489422.0,12331.4,12333.4
1748288489870.0,12330.9,12332.9
1748288607178.0,12331.4,12333.4
1748288636399.0,12330.9,12332.9
1748288692120.0,12331.4,12333.4
1748288693468.0,12331.9,12333.9
1748288693692.0,12331.4,12333.4
1748288704921.0,12331.9,12333.9
1748288741775.0,12331.4,12333.4
1748288741998.0,12330.9,12332.9
1748288864170.0,12330.4,12332.4
1748288865014.0,12330.9,12332.9
1748288947934.0,12330.4,12332.4
1748288948155.0,12329.9,12331.9
1748288948379.0,12329.4,12331.4
1748288949715.0,12329.9,12331.9
1748288949940.0,12329.4,12331.4
1748288958683.0,12329.9,12331.9
1748288966593.0,12330.4,12332.4
1748288973136.0,12329.9,12331.9
1748288973361.0,12330.4,12332.4
1748288998418.0,12330.9,12332.9
1748289001183.0,12330.4,12332.4
1748289017628.0,12329.9,12331.9
1748289018075.0,12328.9,12330.9
1748289018734.0,12329.4,12331.4
1748289020518.0,12329.9,12331.9
1748289020740.0,12330.4,12332.4
1748289023680.0,12329.9,12331.9
1748289030630.0,12330.4,12332.4
1748289030853.0,12330.9,12332.9
1748289037298.0,12330.4,12332.4
1748289037522.0,12330.9,12332.9
1748289080119.0,12330.4,12332.4
1748289119152.0,12330.9,12332.9
1748289149641.0,12330.4,12332.4
1748289182317.0,12330.9,12332.9
1748289253858.0,12330.4,12332.4
1748289254079.0,12329.9,12331.9
1748289272228.0,12330.4,12332.4
1748289273666.0,12329.9,12331.9
1748289273891.0,12330.9,12332.9
1748289274780.0,12330.4,12332.4
1748289277628.0,12329.9,12331.9
1748289278543.0,12330.4,12332.4
1748289279146.0,12330.9,12332.9
1748289280184.0,12330.4,12332.4
1748289280408.0,12330.9,12332.9
1748289282724.0,12331.4,12333.4
1748289313740.0,12330.9,12332.9
1748289314751.0,12330.4,12332.4
1748289314974.0,12330.9,12332.9
1748289315658.0,12329.9,12331.9
1748289323808.0,12330.4,12332.4
1748289324031.0,12329.9,12331.9
1748289348013.0,12329.4,12331.4
1748289462109.0,12328.9,12330.9
1748289474766.0,12329.4,12331.4
1748289474991,,
1748289475599.0,12329.9,12331.9
1748289476048.0,12329.4,12331.4
1748289476499.0,12329.4,12331.4
1748289478234.0,12329.9,12331.9
1748289478458.0,12329.4,12331.4
1748289483954.0,12329.9,12331.9
1748289485029.0,12329.4,12331.4
1748289495147.0,12329.9,12331.9
1748289495372.0,12329.4,12331.4
1748289496955.0,12328.9,12330.9
1748289497179.0,12329.4,12331.4
1748289500132.0,12328.9,12330.9
1748289503033.0,12329.4,12331.4
1748289511969.0,12329.9,12331.9
1748289512194.0,12329.4,12331.4
1748289513661.0,12329.9,12331.9
1748289513886.0,12329.4,12331.4
1748289515396.0,12329.9,12331.9
1748289515622.0,12329.4,12331.4
1748289516796.0,12328.9,12330.9
1748289517021.0,12329.4,12331.4
1748289519846.0,12328.9,12330.9
1748289521286.0,12329.4,12331.4
1748289521511.0,12328.9,12330.9
1748289522952.0,12329.4,12331.4
1748289523176.0,12328.9,12330.9
1748289525644.0,12329.4,12331.4
1748289527083.0,12328.9,12330.9
1748289527814.0,12329.4,12331.4
1748289530114.0,12328.9,12330.9
1748289530746.0,12329.4,12331.4
1748289530971.0,12328.9,12330.9
1748289531990.0,12329.4,12331.4
1748289532215.0,12328.9,12330.9
1748289532440.0,12329.4,12331.4
1748289532889.0,12328.9,12330.9
1748289533115.0,12329.4,12331.4
1748289536100.0,12328.9,12330.9
1748289536322.0,12329.4,12331.4
1748289540270.0,12328.9,12330.9
1748289540493.0,12329.4,12331.4
1748289540718.0,12328.9,12330.9
1748289541169.0,12329.4,12331.4
1748289541393.0,12328.9,12330.9
1748289541845.0,12329.4,12331.4
1748289542618.0,12328.9,12330.9
1748289543081.0,12329.4,12331.4
1748289546059.0,12328.9,12330.9
1748289546284.0,12329.4,12331.4
1748289552315.0,12328.9,12330.9
1748289552539.0,12329.4,12331.4
1748289563983.0,12329.9,12331.9
1748289564208.0,12329.4,12331.4
1748289567080.0,12329.9,12331.9
1748289567304.0,12329.4,12331.4
1748289567529.0,12329.9,12331.9
1748289569437.0,12330.4,12332.4
1748289571199.0,12330.9,12332.9
1748289571422.0,12330.4,12332.4
1748289576537.0,12330.9,12332.9
1748289576759.0,12331.4,12333.4
1748289576986.0,12330.9,12332.9
1748289577210.0,12330.4,12332.4
1748289577434.0,12331.4,12333.4
1748289578574.0,12330.4,12332.4
1748289583553.0,12330.4,12332.4
1748289588836.0,12329.9,12331.9
1748289590931.0,12329.4,12331.4
1748289595252,,
1748289595407.0,12326.6,12332.6
1748289600310.0,12327.4,12333.4
