1748267999510.0,8773.0,8777.0
1748268000307.0,8773.1,8777.1
1748268000588.0,8773.0,8777.0
1748268000813.0,8773.1,8777.1
1748268001837.0,8773.0,8777.0
1748268002211.0,8773.2,8777.2
1748268002435.0,8773.1,8777.1
1748268002925.0,8773.0,8777.0
1748268003312.0,8772.9,8776.9
1748268003790.0,8773.0,8777.0
1748268004297.0,8773.2,8777.2
1748268004368.0,8774.0,8778.0
1748268006235.0,8774.1,8778.1
1748268007277.0,8774.2,8778.2
1748268007501.0,8774.1,8778.1
1748268008675.0,8774.0,8778.0
1748268009613.0,8774.1,8778.1
1748268010634.0,8774.0,8778.0
1748268011145.0,8774.1,8778.1
1748268011369.0,8774.0,8778.0
1748268015446.0,8773.9,8777.9
1748268019256.0,8774.0,8778.0
1748268019666.0,8773.9,8777.9
1748268020465.0,8773.8,8777.8
1748268023210.0,8773.9,8777.9
1748268024382.0,8773.7,8777.7
1748268024634.0,8773.8,8777.8
1748268026224.0,8773.9,8777.9
1748268034699.0,8774.6,8778.6
1748268034751.0,8774.7,8778.7
1748268036162.0,8774.5,8778.5
1748268036643.0,8773.8,8777.8
1748268040077.0,8773.7,8777.7
1748268040763.0,8773.8,8777.8
1748268043889.0,8773.7,8777.7
1748268044420.0,8773.8,8777.8
1748268044963.0,8773.7,8777.7
1748268050445.0,8772.6,8776.6
1748268050649.0,8772.5,8776.5
1748268051362.0,8772.6,8776.6
1748268051581.0,8772.5,8776.5
1748268052213.0,8772.6,8776.6
1748268052623.0,8772.5,8776.5
1748268053252.0,8772.4,8776.4
1748268054079.0,8772.5,8776.5
1748268054370.0,8772.4,8776.4
1748268054594.0,8772.5,8776.5
1748268055494.0,8771.8,8775.8
1748268055569.0,8771.7,8775.7
1748268056927.0,8771.6,8775.6
1748268057152.0,8771.7,8775.7
1748268060195.0,8771.9,8775.9
1748268060419.0,8771.8,8775.8
1748268061758.0,8771.7,8775.7
1748268063572.0,8771.8,8775.8
1748268063992.0,8771.9,8775.9
1748268071422.0,8772.1,8776.1
1748268071646.0,8772.2,8776.2
1748268071871.0,8772.1,8776.1
1748268072411.0,8772.2,8776.2
1748268072637.0,8772.1,8776.1
1748268074673.0,8772.2,8776.2
1748268077515.0,8772.9,8776.9
1748268080240.0,8773.0,8777.0
1748268080465.0,8772.9,8776.9
1748268086440.0,8772.0,8776.0
1748268086691.0,8771.9,8775.9
1748268092064.0,8771.8,8775.8
1748268096051.0,8771.9,8775.9
1748268099923.0,8772.0,8776.0
1748268107697.0,8772.1,8776.1
1748268109151.0,8772.8,8776.8
1748268109229.0,8772.9,8776.9
1748268112768.0,8773.0,8777.0
1748268116366.0,8772.9,8776.9
1748268117404.0,8772.8,8776.8
1748268117634.0,8772.9,8776.9
1748268120516.0,8773.0,8777.0
1748268120941.0,8773.1,8777.1
1748268131330.0,8773.0,8777.0
1748268135233.0,8772.9,8776.9
1748268135875.0,8773.0,8777.0
1748268138062.0,8772.9,8776.9
1748268138288.0,8773.0,8777.0
1748268139234.0,8772.9,8776.9
1748268154108.0,8772.8,8776.8
1748268158675.0,8772.9,8776.9
1748268165685.0,8772.8,8776.8
1748268166082.0,8772.9,8776.9
1748268169356.0,8772.8,8776.8
1748268169580.0,8772.9,8776.9
1748268170377.0,8772.7,8776.7
1748268171546.0,8772.8,8776.8
1748268189872.0,8772.9,8776.9
1748268190088.0,8772.8,8776.8
1748268190988.0,8772.6,8776.6
1748268191464.0,8772.7,8776.7
1748268191862.0,8772.6,8776.6
1748268192088.0,8772.7,8776.7
1748268192312.0,8772.6,8776.6
1748268192720.0,8772.5,8776.5
1748268195164.0,8772.6,8776.6
1748268195463.0,8772.7,8776.7
1748268196731.0,8772.8,8776.8
1748268198331.0,8772.7,8776.7
1748268203976.0,8772.6,8776.6
1748268205010.0,8772.7,8776.7
1748268205562.0,8772.6,8776.6
1748268207452.0,8772.7,8776.7
1748268207678.0,8772.6,8776.6
1748268213425.0,8772.7,8776.7
1748268213649.0,8772.6,8776.6
1748268215467.0,8772.7,8776.7
1748268217132.0,8772.6,8776.6
1748268217461.0,8771.9,8775.9
1748268219653.0,8771.8,8775.8
1748268221523.0,8771.0,8775.0
1748268221901.0,8770.9,8774.9
1748268222129.0,8771.0,8775.0
1748268222503.0,8770.9,8774.9
1748268225711.0,8770.8,8774.8
1748268226377.0,8770.9,8774.9
1748268226602.0,8770.8,8774.8
1748268226832.0,8770.6,8774.6
1748268227864.0,8770.7,8774.7
1748268228089.0,8770.6,8774.6
1748268228516.0,8770.7,8774.7
1748268228825.0,8770.6,8774.6
1748268229051.0,8770.7,8774.7
1748268229309.0,8770.6,8774.6
1748268230461.0,8770.7,8774.7
1748268232413.0,8770.8,8774.8
1748268236517.0,8770.9,8774.9
1748268237639.0,8770.8,8774.8
1748268237864.0,8770.9,8774.9
1748268238212.0,8770.8,8774.8
1748268238612.0,8770.9,8774.9
1748268240370.0,8770.7,8774.7
1748268243659.0,8770.8,8774.8
1748268248778.0,8770.7,8774.7
1748268251151.0,8770.8,8774.8
1748268251547.0,8770.7,8774.7
1748268254287.0,8770.8,8774.8
1748268255104.0,8770.9,8774.9
1748268259191.0,8771.0,8775.0
1748268264446.0,8771.1,8775.1
1748268265551.0,8771.0,8775.0
1748268265924.0,8771.1,8775.1
1748268271078.0,8771.0,8775.0
1748268275124.0,8770.9,8774.9
1748268277315.0,8771.0,8775.0
1748268278641.0,8770.9,8774.9
1748268279739.0,8771.0,8775.0
1748268301091.0,8770.2,8774.2
1748268303163.0,8770.1,8774.1
1748268303984.0,8770.0,8774.0
1748268305472.0,8770.1,8774.1
1748268306256.0,8770.0,8774.0
1748268306570.0,8770.1,8774.1
1748268306794.0,8770.3,8774.3
1748268307292.0,8771.0,8775.0
1748268311964.0,8770.9,8774.9
1748268313676.0,8770.1,8774.1
1748268320099.0,8770.0,8774.0
1748268320322.0,8769.9,8773.9
1748268320543.0,8770.0,8774.0
1748268323059.0,8769.9,8773.9
1748268324498.0,8769.8,8773.8
1748268326435.0,8769.9,8773.9
1748268327784.0,8770.0,8774.0
1748268330465.0,8769.9,8773.9
1748268330684.0,8770.0,8774.0
1748268340077.0,8770.2,8774.2
1748268344962.0,8770.1,8774.1
1748268345414.0,8770.2,8774.2
1748268348189.0,8770.1,8774.1
1748268348412.0,8770.0,8774.0
1748268350682.0,8770.1,8774.1
1748268354200.0,8770.0,8774.0
1748268355062.0,8770.1,8774.1
1748268355286.0,8770.0,8774.0
1748268360014.0,8769.9,8773.9
1748268363387.0,8770.0,8774.0
1748268374307.0,8769.3,8773.3
1748268383430.0,8769.2,8773.2
1748268385709.0,8769.0,8773.0
1748268386874.0,8768.9,8772.9
1748268389076.0,8769.0,8773.0
1748268392698.0,8769.1,8773.1
1748268392920.0,8769.0,8773.0
1748268393378.0,8769.1,8773.1
1748268395684.0,8769.0,8773.0
1748268395912.0,8768.2,8772.2
1748268397117.0,8768.3,8772.3
1748268398446.0,8768.4,8772.4
1748268400519.0,8769.2,8773.2
1748268401203.0,8769.3,8773.3
1748268401897.0,8769.4,8773.4
1748268406875.0,8769.3,8773.3
1748268407100.0,8769.4,8773.4
1748268410712.0,8768.6,8772.6
1748268420309.0,8768.5,8772.5
1748268421462.0,8768.6,8772.6
1748268425682.0,8768.7,8772.7
1748268431665.0,8768.8,8772.8
1748268434154.0,8768.7,8772.7
1748268434379.0,8768.8,8772.8
1748268435597.0,8768.7,8772.7
1748268443321.0,8768.6,8772.6
1748268448924.0,8768.7,8772.7
1748268458197.0,8769.4,8773.4
1748268458251.0,8769.5,8773.5
1748268459125.0,8769.3,8773.3
1748268459194.0,8768.6,8772.6
1748268459349.0,8768.5,8772.5
1748268459572.0,8768.6,8772.6
1748268459683.0,8769.3,8773.3
1748268460889.0,8769.2,8773.2
1748268461113.0,8769.3,8773.3
1748268473652.0,8769.4,8773.4
1748268474578.0,8769.5,8773.5
1748268476594.0,8769.4,8773.4
1748268486506.0,8769.5,8773.5
1748268491683.0,8769.4,8773.4
1748268491909.0,8769.5,8773.5
1748268492004.0,8770.2,8774.2
1748268492983.0,8770.3,8774.3
1748268493988.0,8770.2,8774.2
1748268496385.0,8770.3,8774.3
1748268503224.0,8770.4,8774.4
1748268505720.0,8770.3,8774.3
1748268506651.0,8770.4,8774.4
1748268507281.0,8770.3,8774.3
1748268510187.0,8770.4,8774.4
1748268514811.0,8770.5,8774.5
1748268515457.0,8770.4,8774.4
1748268517010.0,8770.5,8774.5
1748268519605.0,8770.3,8774.3
1748268519829.0,8770.4,8774.4
1748268524419.0,8770.5,8774.5
1748268524722.0,8770.4,8774.4
1748268524947.0,8770.5,8774.5
1748268526238.0,8770.4,8774.4
1748268528413.0,8770.3,8774.3
1748268528816.0,8770.4,8774.4
1748268533281.0,8770.5,8774.5
1748268533680.0,8770.4,8774.4
1748268534321.0,8770.5,8774.5
1748268534546.0,8770.4,8774.4
1748268552287.0,8770.5,8774.5
1748268555781.0,8771.2,8775.2
1748268556249.0,8771.3,8775.3
1748268556697.0,8772.2,8776.2
1748268556925.0,8772.1,8776.1
1748268557909.0,8772.0,8776.0
1748268558336.0,8772.1,8776.1
1748268559150.0,8772.0,8776.0
1748268559669.0,8771.9,8775.9
1748268561046.0,8771.8,8775.8
1748268561727.0,8771.9,8775.9
1748268561953.0,8771.8,8775.8
1748268562178.0,8771.9,8775.9
1748268562403.0,8771.7,8775.7
1748268562934.0,8771.8,8775.8
1748268563159.0,8771.7,8775.7
1748268563916.0,8771.6,8775.6
1748268565207.0,8770.8,8774.8
1748268565434.0,8770.9,8774.9
1748268566366.0,8770.8,8774.8
1748268567087.0,8770.9,8774.9
1748268567843.0,8771.1,8775.1
1748268568068.0,8771.0,8775.0
1748268568743.0,8771.1,8775.1
1748268569241.0,8771.1,8775.1
1748268570169.0,8771.0,8775.0
1748268570712.0,8771.1,8775.1
1748268572909.0,8771.2,8775.2
1748268573134.0,8771.1,8775.1
1748268573603.0,8771.2,8775.2
1748268574002.0,8771.0,8775.0
1748268580923.0,8771.1,8775.1
1748268581889.0,8771.0,8775.0
1748268582463.0,8771.1,8775.1
1748268585681.0,8771.2,8775.2
1748268590191.0,8771.1,8775.1
1748268596058.0,8771.2,8775.2
1748268596505.0,8771.2,8775.2
1748268598583.0,8771.1,8775.1
1748268600302.0,8771.2,8775.2
1748268602015.0,8771.2,8775.2
1748268608581.0,8771.9,8775.9
1748268609672.0,8772.0,8776.0
1748268610122.0,8771.9,8775.9
1748268610347.0,8772.0,8776.0
1748268616583.0,8771.9,8775.9
1748268617408.0,8771.8,8775.8
1748268618237.0,8771.9,8775.9
1748268622876.0,8772.0,8776.0
1748268624950.0,8771.9,8775.9
1748268633860.0,8772.0,8776.0
1748268634675.0,8771.9,8775.9
1748268635471.0,8771.8,8775.8
1748268637869.0,8771.9,8775.9
1748268641713.0,8772.0,8776.0
1748268643654.0,8771.9,8775.9
1748268646913.0,8772.0,8776.0
1748268648846.0,8772.7,8776.7
1748268660362.0,8772.8,8776.8
1748268664623.0,8773.6,8777.6
1748268665231.0,8773.5,8777.5
1748268670118.0,8772.8,8776.8
1748268675745.0,8773.5,8777.5
1748268676178.0,8773.6,8777.6
1748268676754.0,8773.5,8777.5
1748268680220.0,8773.6,8777.6
1748268680713.0,8773.5,8777.5
1748268680936.0,8773.6,8777.6
1748268688544.0,8773.5,8777.5
1748268690296.0,8773.6,8777.6
1748268691327.0,8773.5,8777.5
1748268692875.0,8773.6,8777.6
1748268693099.0,8773.5,8777.5
1748268694766.0,8773.6,8777.6
1748268695216.0,8773.7,8777.7
1748268695441.0,8773.6,8777.6
1748268695665.0,8773.7,8777.7
1748268696719.0,8773.6,8777.6
1748268697342.0,8773.5,8777.5
1748268698139.0,8773.6,8777.6
1748268698365.0,8773.5,8777.5
1748268699437.0,8773.6,8777.6
1748268700822.0,8773.5,8777.5
1748268701047.0,8773.4,8777.4
1748268701445.0,8773.5,8777.5
1748268701668.0,8773.4,8777.4
1748268701973.0,8772.7,8776.7
1748268702119.0,8772.8,8776.8
1748268702665.0,8772.7,8776.7
1748268702932.0,8772.8,8776.8
1748268709117.0,8772.7,8776.7
1748268712803.0,8772.8,8776.8
1748268713028.0,8772.7,8776.7
1748268713253.0,8772.8,8776.8
1748268713479.0,8772.7,8776.7
1748268713705.0,8772.8,8776.8
1748268714925.0,8772.7,8776.7
1748268716523.0,8772.8,8776.8
1748268717176.0,8772.7,8776.7
1748268718984.0,8772.8,8776.8
1748268719381.0,8772.7,8776.7
1748268720194.0,8772.8,8776.8
1748268727185.0,8772.9,8776.9
1748268733581.0,8772.8,8776.8
1748268735671.0,8772.9,8776.9
1748268740498.0,8773.0,8777.0
1748268740720.0,8772.9,8776.9
1748268754707.0,8772.8,8776.8
1748268758939.0,8772.9,8776.9
1748268759162.0,8772.7,8776.7
1748268759386.0,8772.8,8776.8
1748268763309.0,8772.8,8776.8
1748268773821.0,8772.7,8776.7
1748268774354.0,8772.5,8776.5
1748268775188.0,8772.6,8776.6
1748268775948.0,8772.7,8776.7
1748268781126.0,8772.8,8776.8
1748268792270.0,8773.5,8777.5
1748268795714.0,8773.6,8777.6
1748268798816.0,8773.5,8777.5
1748268800396.0,8773.3,8777.3
1748268800620.0,8773.4,8777.4
1748268804213.0,8773.3,8777.3
1748268805588.0,8773.4,8777.4
1748268811471.0,8773.3,8777.3
1748268812854.0,8773.2,8777.2
1748268815163.0,8773.3,8777.3
1748268822776.0,8773.4,8777.4
1748268823060.0,8773.7,8777.7
1748268823284.0,8773.4,8777.4
1748268824999.0,8773.7,8777.7
1748268825224.0,8774.1,8778.1
1748268825632.0,8774.2,8778.2
1748268830123.0,8774.3,8778.3
1748268831529.0,8774.2,8778.2
1748268832962.0,8774.3,8778.3
1748268839258.0,8775.0,8779.0
1748268840451.0,8775.1,8779.1
1748268840850.0,8775.0,8779.0
1748268841076.0,8775.1,8779.1
1748268842072.0,8775.0,8779.0
1748268842205.0,8774.3,8778.3
1748268848779.0,8774.2,8778.2
1748268855182.0,8774.3,8778.3
1748268855260.0,8775.0,8779.0
1748268870038.0,8775.1,8779.1
1748268873555.0,8775.0,8779.0
1748268875791.0,8775.1,8779.1
1748268879593.0,8775.2,8779.2
1748268885435.0,8775.1,8779.1
1748268888127.0,8775.2,8779.2
1748268892580.0,8775.3,8779.3
1748268893597.0,8775.2,8779.2
1748268893820.0,8775.3,8779.3
1748268894045.0,8775.2,8779.2
1748268895027.0,8775.3,8779.3
1748268896061.0,8775.2,8779.2
1748268898679.0,8775.3,8779.3
1748268900420.0,8775.2,8779.2
1748268907665.0,8775.3,8779.3
1748268908743.0,8775.2,8779.2
1748268910124.0,8775.3,8779.3
1748268911299.0,8775.4,8779.4
1748268912040.0,8775.3,8779.3
1748268912296.0,8774.6,8778.6
1748268925949.0,8774.5,8778.5
1748268930508.0,8774.4,8778.4
1748268930751.0,8774.5,8778.5
1748268932212.0,8774.4,8778.4
1748268932438.0,8774.5,8778.5
1748268942356.0,8774.6,8778.6
1748268942753.0,8774.5,8778.5
1748268955005.0,8774.6,8778.6
1748268955228.0,8774.5,8778.5
1748268959272.0,8774.3,8778.3
1748268959671.0,8774.2,8778.2
1748268959896.0,8774.3,8778.3
1748268962391.0,8774.2,8778.2
1748268962903.0,8774.3,8778.3
1748268968621.0,8774.4,8778.4
1748268971574.0,8774.5,8778.5
1748268971799.0,8774.4,8778.4
1748268976965.0,8774.3,8778.3
1748268977800.0,8774.4,8778.4
1748268981333.0,8774.3,8778.3
1748268982246.0,8774.2,8778.2
1748268982537.0,8774.3,8778.3
1748268993112.0,8774.4,8778.4
1748269020421.0,8774.3,8778.3
1748269024083.0,8773.6,8777.6
1748269024210.0,8773.5,8777.5
1748269024433.0,8773.6,8777.6
1748269025008.0,8773.5,8777.5
1748269025234.0,8773.6,8777.6
1748269028866.0,8773.5,8777.5
1748269029887.0,8773.6,8777.6
1748269033853.0,8774.4,8778.4
1748269034625.0,8774.5,8778.5
1748269036119.0,8775.2,8779.2
1748269036362.0,8775.3,8779.3
1748269036762.0,8775.4,8779.4
1748269041098.0,8775.5,8779.5
1748269041489.0,8775.4,8779.4
1748269052099.0,8775.3,8779.3
1748269062254.0,8774.5,8778.5
1748269062669.0,8774.3,8778.3
1748269082398.0,8774.2,8778.2
1748269084414.0,8774.3,8778.3
1748269084912.0,8774.2,8778.2
1748269086141.0,8774.3,8778.3
1748269086365.0,8774.2,8778.2
1748269086714.0,8774.3,8778.3
1748269098420.0,8774.2,8778.2
1748269102694.0,8774.3,8778.3
1748269102917.0,8774.2,8778.2
1748269110438.0,8774.3,8778.3
1748269112127.0,8774.2,8778.2
1748269114918.0,8774.3,8778.3
1748269122918.0,8774.2,8778.2
1748269124653.0,8774.3,8778.3
1748269124877.0,8774.2,8778.2
1748269125916.0,8774.3,8778.3
1748269126141.0,8774.2,8778.2
1748269130488.0,8774.1,8778.1
1748269131202.0,8774.2,8778.2
1748269131829.0,8774.1,8778.1
1748269133646.0,8774.2,8778.2
1748269136565.0,8774.3,8778.3
1748269136788.0,8774.2,8778.2
1748269139305.0,8774.3,8778.3
1748269143998.0,8775.0,8779.0
1748269144223.0,8775.1,8779.1
1748269145042.0,8775.0,8779.0
1748269145966.0,8775.1,8779.1
1748269153659.0,8775.2,8779.2
1748269157082.0,8775.3,8779.3
1748269157483.0,8775.2,8779.2
1748269160643.0,8775.3,8779.3
1748269164421.0,8775.2,8779.2
1748269167179.0,8775.3,8779.3
1748269168548.0,8775.2,8779.2
1748269170152.0,8775.3,8779.3
1748269170377.0,8775.2,8779.2
1748269174290.0,8775.3,8779.3
1748269189328.0,8775.2,8779.2
1748269189552.0,8775.3,8779.3
1748269194945.0,8775.2,8779.2
1748269200562.0,8775.1,8779.1
1748269200964.0,8775.2,8779.2
1748269201192.0,8775.1,8779.1
1748269201795.0,8775.2,8779.2
1748269204421.0,8775.1,8779.1
1748269212007.0,8775.0,8779.0
1748269212682.0,8775.1,8779.1
1748269214786.0,8775.3,8779.3
1748269215411.0,8775.2,8779.2
1748269217845.0,8775.1,8779.1
1748269218067.0,8775.2,8779.2
1748269219161.0,8775.3,8779.3
1748269227386.0,8775.2,8779.2
1748269229340.0,8775.3,8779.3
1748269229565.0,8775.1,8779.1
1748269231870.0,8775.0,8779.0
1748269234193.0,8775.1,8779.1
1748269235815.0,8775.0,8779.0
1748269239172.0,8775.1,8779.1
1748269241946.0,8775.0,8779.0
1748269250719.0,8774.3,8778.3
1748269252590.0,8774.2,8778.2
1748269263525.0,8774.3,8778.3
1748269264195.0,8774.2,8778.2
1748269265100.0,8774.3,8778.3
1748269266787.0,8774.2,8778.2
1748269267913.0,8774.1,8778.1
1748269268139.0,8774.2,8778.2
1748269269246.0,8773.1,8777.1
1748269270399.0,8773.2,8777.2
1748269271396.0,8773.0,8777.0
1748269272539.0,8773.2,8777.2
1748269273230.0,8773.3,8777.3
1748269274429.0,8773.2,8777.2
1748269275714.0,8773.3,8777.3
1748269282715.0,8773.2,8777.2
1748269286373.0,8773.3,8777.3
1748269286821.0,8773.1,8777.1
1748269287709.0,8773.2,8777.2
1748269295191.0,8773.1,8777.1
1748269296418.0,8773.2,8777.2
1748269297658.0,8773.1,8777.1
1748269300314.0,8773.0,8777.0
1748269301140.0,8772.9,8776.9
1748269302531.0,8772.9,8776.9
1748269303378.0,8773.0,8777.0
1748269305400.0,8772.9,8776.9
1748269306413.0,8772.8,8776.8
1748269307886.0,8772.9,8776.9
1748269308775.0,8772.8,8776.8
1748269310257.0,8772.9,8776.9
1748269311314.0,8772.8,8776.8
1748269314899.0,8772.8,8776.8
1748269315350.0,8772.7,8776.7
1748269322335.0,8772.8,8776.8
1748269323080.0,8772.7,8776.7
1748269324225.0,8772.8,8776.8
1748269324449.0,8772.7,8776.7
1748269326911.0,8772.8,8776.8
1748269327422.0,8772.7,8776.7
1748269328083.0,8772.0,8776.0
1748269328320.0,8772.1,8776.1
1748269329565.0,8772.9,8776.9
1748269330811.0,8773.0,8777.0
1748269336411.0,8773.1,8777.1
1748269338411.0,8773.2,8777.2
1748269339663.0,8773.3,8777.3
1748269341406.0,8773.4,8777.4
1748269341857.0,8773.4,8777.4
1748269344303.0,8773.3,8777.3
1748269346274.0,8773.4,8777.4
1748269352187.0,8773.3,8777.3
1748269355860.0,8773.2,8777.2
1748269358322.0,8773.3,8777.3
1748269364544.0,8773.4,8777.4
1748269372509.0,8773.3,8777.3
1748269372729.0,8773.4,8777.4
1748269372953.0,8773.5,8777.5
1748269377356.0,8773.4,8777.4
1748269379582.0,8773.5,8777.5
1748269387379.0,8773.6,8777.6
1748269388634.0,8773.5,8777.5
1748269391721.0,8773.6,8777.6
1748269392426.0,8773.5,8777.5
1748269394946.0,8773.6,8777.6
1748269395346.0,8773.5,8777.5
1748269396334.0,8773.6,8777.6
1748269401278.0,8773.5,8777.5
1748269407222.0,8773.6,8777.6
1748269410301.0,8773.5,8777.5
1748269410525.0,8773.6,8777.6
1748269414671.0,8773.5,8777.5
1748269414895.0,8773.6,8777.6
1748269416772.0,8773.5,8777.5
1748269419978.0,8773.6,8777.6
1748269420206.0,8773.5,8777.5
1748269436271.0,8773.4,8777.4
1748269437664.0,8773.3,8777.3
1748269438741.0,8773.4,8777.4
1748269440182.0,8773.3,8777.3
1748269440407.0,8773.4,8777.4
1748269442358.0,8773.5,8777.5
1748269444682.0,8773.6,8777.6
1748269448035.0,8773.5,8777.5
1748269448259.0,8773.6,8777.6
1748269451136.0,8773.7,8777.7
1748269454961.0,8772.9,8776.9
1748269455847.0,8773.6,8777.6
1748269456419.0,8773.7,8777.7
1748269457719.0,8773.6,8777.6
1748269469689.0,8773.7,8777.7
1748269470409.0,8773.6,8777.6
1748269471054.0,8773.7,8777.7
1748269471725.0,8773.6,8777.6
1748269481990.0,8773.7,8777.7
1748269483727.0,8773.6,8777.6
1748269484118.0,8773.7,8777.7
1748269485977.0,8773.6,8777.6
1748269487662.0,8773.7,8777.7
1748269494465.0,8773.6,8777.6
1748269500459.0,8773.5,8777.5
1748269501390.0,8773.6,8777.6
1748269505717.0,8773.5,8777.5
1748269506616.0,8773.6,8777.6
1748269512911.0,8773.7,8777.7
1748269514238.0,8773.6,8777.6
1748269515506.0,8773.7,8777.7
1748269516768.0,8773.6,8777.6
1748269517346.0,8773.5,8777.5
1748269519458.0,8773.6,8777.6
1748269522675.0,8773.5,8777.5
1748269529932.0,8772.8,8776.8
1748269533837.0,8772.9,8776.9
1748269541175.0,8773.0,8777.0
1748269542275.0,8773.8,8777.8
1748269548181.0,8773.9,8777.9
1748269555384.0,8774.0,8778.0
1748269555735.0,8773.9,8777.9
1748269556414.0,8774.0,8778.0
1748269556797.0,8773.9,8777.9
1748269567620.0,8774.3,8778.3
1748269568278.0,8773.8,8777.8
1748269568635.0,8773.9,8777.9
1748269568861.0,8773.8,8777.8
1748269573568.0,8773.9,8777.9
1748269574176.0,8774.0,8778.0
1748269578751.0,8774.7,8778.7
1748269584326.0,8774.8,8778.8
1748269585157.0,8774.1,8778.1
1748269585671.0,8774.0,8778.0
1748269586279.0,8774.1,8778.1
1748269589564.0,8774.8,8778.8
1748269589851.0,8774.9,8778.9
1748269594830.0,8774.8,8778.8
1748269603828.0,8774.9,8778.9
1748269604051.0,8774.8,8778.8
1748269608124.0,8774.0,8778.0
1748269609675.0,8774.1,8778.1
1748269611727.0,8773.9,8777.9
1748269611896.0,8773.2,8777.2
1748269612819.0,8773.1,8777.1
1748269617861.0,8773.2,8777.2
1748269618086.0,8773.1,8777.1
1748269630747.0,8772.9,8776.9
1748269651911.0,8773.0,8777.0
1748269654899.0,8773.8,8777.8
1748269658189.0,8773.7,8777.7
1748269666516.0,8773.8,8777.8
1748269670386.0,8773.7,8777.7
1748269684971.0,8773.8,8777.8
1748269685924.0,8773.7,8777.7
1748269686323.0,8773.8,8777.8
1748269686547.0,8773.7,8777.7
1748269693325.0,8773.5,8777.5
1748269697076.0,8773.4,8777.4
1748269697302.0,8773.5,8777.5
1748269700117.0,8773.6,8777.6
1748269702189.0,8773.5,8777.5
1748269703826.0,8773.6,8777.6
1748269706697.0,8773.5,8777.5
1748269709731.0,8773.5,8777.5
1748269718796.0,8772.8,8776.8
1748269720246.0,8773.6,8777.6
1748269721689.0,8773.6,8777.6
1748269721961.0,8773.7,8777.7
1748269724129.0,8773.5,8777.5
1748269725667.0,8773.5,8777.5
1748269728476.0,8773.4,8777.4
1748269728699.0,8773.5,8777.5
1748269733952.0,8773.4,8777.4
1748269734175.0,8773.5,8777.5
1748269735875.0,8773.5,8777.5
1748269738047.0,8773.6,8777.6
1748269741708.0,8773.7,8777.7
1748269748502.0,8773.8,8777.8
1748269765283.0,8773.7,8777.7
1748269771264.0,8773.8,8777.8
1748269781819.0,8773.7,8777.7
1748269783826.0,8773.8,8777.8
1748269787863.0,8773.7,8777.7
1748269809815.0,8773.6,8777.6
1748269813916.0,8773.5,8777.5
1748269815957.0,8773.5,8777.5
1748269818494.0,8773.6,8777.6
1748269819491.0,8773.6,8777.6
1748269819752.0,8773.5,8777.5
1748269822411.0,8773.4,8777.4
1748269822634.0,8773.5,8777.5
1748269822964.0,8773.6,8777.6
1748269823447.0,8773.5,8777.5
1748269824221.0,8774.2,8778.2
1748269824299.0,8774.3,8778.3
1748269827553.0,8774.4,8778.4
1748269829572.0,8774.3,8778.3
1748269830294.0,8774.2,8778.2
1748269830843.0,8774.3,8778.3
1748269833124.0,8774.3,8778.3
1748269833349.0,8774.2,8778.2
1748269839913.0,8775.0,8779.0
1748269840124.0,8775.1,8779.1
1748269840526.0,8775.0,8779.0
1748269841419.0,8775.1,8779.1
1748269842338.0,8775.0,8779.0
1748269842797.0,8774.9,8778.9
1748269845682.0,8774.7,8778.7
1748269845905.0,8774.6,8778.6
1748269846130.0,8774.5,8778.5
1748269846356.0,8774.6,8778.6
1748269847091.0,8774.6,8778.6
1748269847540.0,8774.7,8778.7
1748269848290.0,8774.6,8778.6
1748269848750.0,8774.7,8778.7
1748269849752.0,8774.6,8778.6
1748269849978.0,8774.5,8778.5
1748269851697.0,8773.6,8777.6
1748269852158.0,8772.0,8776.0
1748269852575.0,8771.9,8775.9
1748269852820.0,8772.6,8776.6
1748269853300.0,8772.8,8776.8
1748269853526.0,8773.0,8777.0
1748269853878.0,8773.1,8777.1
1748269854378.0,8773.0,8777.0
1748269854605.0,8773.2,8777.2
1748269855605.0,8773.3,8777.3
1748269856643.0,8773.3,8777.3
1748269857095.0,8773.3,8777.3
1748269857543.0,8773.0,8777.0
1748269857995.0,8773.0,8777.0
1748269858444.0,8773.0,8777.0
1748269858893.0,8773.0,8777.0
1748269859343.0,8773.0,8777.0
1748269861077.0,8772.9,8776.9
1748269861440.0,8772.8,8776.8
1748269862103.0,8772.9,8776.9
1748269862736.0,8772.8,8776.8
1748269863162.0,8772.9,8776.9
1748269863578.0,8772.8,8776.8
1748269864201.0,8773.0,8777.0
1748269865614.0,8772.8,8776.8
1748269867098.0,8773.7,8777.7
1748269867475.0,8773.6,8777.6
1748269867888.0,8772.9,8776.9
1748269867924.0,8772.8,8776.8
1748269868599.0,8772.9,8776.9
1748269868823.0,8772.8,8776.8
1748269869133.0,8772.7,8776.7
1748269870825.0,8772.6,8776.6
1748269871050.0,8772.7,8776.7
1748269871499.0,8772.6,8776.6
1748269871725.0,8772.7,8776.7
1748269871950.0,8772.8,8776.8
1748269872288.0,8772.7,8776.7
1748269872747.0,8772.6,8776.6
1748269873692.0,8772.7,8776.7
1748269873917.0,8772.8,8776.8
1748269875158.0,8772.7,8776.7
1748269875962.0,8772.8,8776.8
1748269876563.0,8772.9,8776.9
1748269878658.0,8773.0,8777.0
1748269880376.0,8773.1,8777.1
1748269880824.0,8773.9,8777.9
1748269881886.0,8773.8,8777.8
1748269882111.0,8773.9,8777.9
1748269883142.0,8774.0,8778.0
1748269884225.0,8774.0,8778.0
1748269884451.0,8774.1,8778.1
1748269885709.0,8774.2,8778.2
1748269887579.0,8774.9,8778.9
1748269890238.0,8774.8,8778.8
1748269890773.0,8774.9,8778.9
1748269895427.0,8775.0,8779.0
1748269897353.0,8775.2,8779.2
1748269902366.0,8776.0,8780.0
1748269903942.0,8776.1,8780.1
1748269904917.0,8776.0,8780.0
1748269905400.0,8775.9,8779.9
1748269907288.0,8775.8,8779.8
1748269910411.0,8775.9,8779.9
1748269918904.0,8776.0,8780.0
1748269919651.0,8775.9,8779.9
1748269920084.0,8776.0,8780.0
1748269921382.0,8775.9,8779.9
1748269921607.0,8776.0,8780.0
1748269924462.0,8775.9,8779.9
1748269925401.0,8775.8,8779.8
1748269925625.0,8775.9,8779.9
1748269925907.0,8775.8,8779.8
1748269928096.0,8775.7,8779.7
1748269929877.0,8775.8,8779.8
1748269930101.0,8775.7,8779.7
1748269930551.0,8775.6,8779.6
1748269931634.0,8775.7,8779.7
1748269931856.0,8775.6,8779.6
1748269933271.0,8775.7,8779.7
1748269934132.0,8775.6,8779.6
1748269934991.0,8775.7,8779.7
1748269935215.0,8775.8,8779.8
1748269944208.0,8775.9,8779.9
1748269944607.0,8775.8,8779.8
1748269946148.0,8775.9,8779.9
1748269947125.0,8775.8,8779.8
1748269949653.0,8775.0,8779.0
1748269950113.0,8774.9,8778.9
1748269950630.0,8774.9,8778.9
1748269951080.0,8774.9,8778.9
1748269952490.0,8775.0,8779.0
1748269952917.0,8774.9,8778.9
1748269953947.0,8774.8,8778.8
1748269954687.0,8774.9,8778.9
1748269956221.0,8774.8,8778.8
1748269957716.0,8774.9,8778.9
1748269957940.0,8774.8,8778.8
1748269959949.0,8774.9,8778.9
1748269962724.0,8774.7,8778.7
1748269962772.0,8774.0,8778.0
1748269967901.0,8774.1,8778.1
1748269969255.0,8774.0,8778.0
1748269969659.0,8774.1,8778.1
1748269972574.0,8774.2,8778.2
1748269973196.0,8774.2,8778.2
1748269973887.0,8774.9,8778.9
1748269974156.0,8774.9,8778.9
1748269974749.0,8774.8,8778.8
1748269976667.0,8774.9,8778.9
1748269978562.0,8774.8,8778.8
1748269980404.0,8774.7,8778.7
1748269980628.0,8774.8,8778.8
1748269981016.0,8774.7,8778.7
1748269982001.0,8774.4,8778.4
1748269982226.0,8774.7,8778.7
1748269983454.0,8773.8,8777.8
1748269983678.0,8773.9,8777.9
1748269984677.0,8774.3,8778.3
1748269985415.0,8774.7,8778.7
1748269989987.0,8774.8,8778.8
1748269998493.0,8774.9,8778.9
1748269999861.0,8774.8,8778.8
1748270000084.0,8774.9,8778.9
1748270004280.0,8774.8,8778.8
1748270006120.0,8774.9,8778.9
1748270015487.0,8774.7,8778.7
1748270018265.0,8774.8,8778.8
1748270020427.0,8774.7,8778.7
1748270023259.0,8774.8,8778.8
1748270024836.0,8774.7,8778.7
1748270029820.0,8774.6,8778.6
1748270030737.0,8774.5,8778.5
1748270030961.0,8774.6,8778.6
1748270031608.0,8774.4,8778.4
1748270035208.0,8774.5,8778.5
1748270039476.0,8773.7,8777.7
1748270039701.0,8773.8,8777.8
1748270040483.0,8774.5,8778.5
1748270041772.0,8774.5,8778.5
1748270047981.0,8774.6,8778.6
1748270052764.0,8774.5,8778.5
1748270063347.0,8774.6,8778.6
1748270067528.0,8774.5,8778.5
1748270069766.0,8774.6,8778.6
1748270070214.0,8774.5,8778.5
1748270074920.0,8774.6,8778.6
1748270094390.0,8774.5,8778.5
1748270100549.0,8774.3,8778.3
1748270100992.0,8774.2,8778.2
1748270101312.0,8774.3,8778.3
1748270101546.0,8773.6,8777.6
1748270101769.0,8774.3,8778.3
1748270102067.0,8773.5,8777.5
1748270102946.0,8773.4,8777.4
1748270104363.0,8773.3,8777.3
1748270104763.0,8773.5,8777.5
1748270106112.0,8773.4,8777.4
1748270107531.0,8773.5,8777.5
1748270107754.0,8773.4,8777.4
1748270108583.0,8773.5,8777.5
1748270109287.0,8773.4,8777.4
1748270112068.0,8773.2,8777.2
1748270112383.0,8772.8,8776.8
1748270112608.0,8772.4,8776.4
1748270112863.0,8772.3,8776.3
1748270113091.0,8772.4,8776.4
1748270113524.0,8772.5,8776.5
1748270114553.0,8773.1,8777.1
1748270114780.0,8773.2,8777.2
1748270115382.0,8773.0,8777.0
1748270115607.0,8773.1,8777.1
1748270116412.0,8773.0,8777.0
1748270117333.0,8772.9,8776.9
1748270117957.0,8772.2,8776.2
1748270118314.0,8772.3,8776.3
1748270118539.0,8772.4,8776.4
1748270119216.0,8772.1,8776.1
1748270120469.0,8772.0,8776.0
1748270121367.0,8772.1,8776.1
1748270123043.0,8772.2,8776.2
1748270126377.0,8772.1,8776.1
1748270127647.0,8771.3,8775.3
1748270127855.0,8771.2,8775.2
1748270128078.0,8771.4,8775.4
1748270130378.0,8771.5,8775.5
1748270131343.0,8771.6,8775.6
1748270132341.0,8771.7,8775.7
1748270133542.0,8771.6,8775.6
1748270133962.0,8771.5,8775.5
1748270134883.0,8771.6,8775.6
1748270136660.0,8771.7,8775.7
1748270137144.0,8771.6,8775.6
1748270137545.0,8771.7,8775.7
1748270137999.0,8771.6,8775.6
1748270138606.0,8771.7,8775.7
1748270138827.0,8771.6,8775.6
1748270141058.0,8771.5,8775.5
1748270141282.0,8771.6,8775.6
1748270141506.0,8771.5,8775.5
1748270142480.0,8771.6,8775.6
1748270142882.0,8771.5,8775.5
1748270147360.0,8771.6,8775.6
1748270150829.0,8771.5,8775.5
1748270153721.0,8771.4,8775.4
1748270155184.0,8771.5,8775.5
1748270156234.0,8772.2,8776.2
1748270156901.0,8772.2,8776.2
1748270161704.0,8772.3,8776.3
1748270162673.0,8772.4,8776.4
1748270163717.0,8772.3,8776.3
1748270164466.0,8772.4,8776.4
1748270166532.0,8772.3,8776.3
1748270166757.0,8772.4,8776.4
1748270171501.0,8772.1,8776.1
1748270171918.0,8772.4,8776.4
1748270172184.0,8772.5,8776.5
1748270174378.0,8772.6,8776.6
1748270179869.0,8772.7,8776.7
1748270181731.0,8772.6,8776.6
1748270183789.0,8772.5,8776.5
1748270186260.0,8772.6,8776.6
1748270186968.0,8772.5,8776.5
1748270192605.0,8772.4,8776.4
1748270195688.0,8772.5,8776.5
1748270202538.0,8772.6,8776.6
1748270203843.0,8772.5,8776.5
1748270204069.0,8772.6,8776.6
1748270204717.0,8772.6,8776.6
1748270205168.0,8772.6,8776.6
1748270210205.0,8772.7,8776.7
1748270210429.0,8772.6,8776.6
1748270210653.0,8772.7,8776.7
1748270211714.0,8772.6,8776.6
1748270213878.0,8772.7,8776.7
1748270218717.0,8772.8,8776.8
1748270222235.0,8772.7,8776.7
1748270227700.0,8773.4,8777.4
1748270229665.0,8773.4,8777.4
1748270231164.0,8773.5,8777.5
1748270243680.0,8773.4,8777.4
1748270245463.0,8773.5,8777.5
1748270245969.0,8773.4,8777.4
1748270246194.0,8773.5,8777.5
1748270247045.0,8773.4,8777.4
1748270250685.0,8773.5,8777.5
1748270252264.0,8773.4,8777.4
1748270252488.0,8773.5,8777.5
1748270254288.0,8773.4,8777.4
1748270254849.0,8773.5,8777.5
1748270257453.0,8773.6,8777.6
1748270260062.0,8773.5,8777.5
1748270260766.0,8773.4,8777.4
1748270261787.0,8773.5,8777.5
1748270262314.0,8773.4,8777.4
1748270263552.0,8773.5,8777.5
1748270263776.0,8773.4,8777.4
1748270265440.0,8773.5,8777.5
1748270266499.0,8773.4,8777.4
1748270267441.0,8773.3,8777.3
1748270268258.0,8772.6,8776.6
1748270268414.0,8772.5,8776.5
1748270269030.0,8773.3,8777.3
1748270269543.0,8773.2,8777.2
1748270270117.0,8773.1,8777.1
1748270276005.0,8773.0,8777.0
1748270277550.0,8772.3,8776.3
1748270277642.0,8772.2,8776.2
1748270278662.0,8772.3,8776.3
1748270279630.0,8772.2,8776.2
1748270280920.0,8772.3,8776.3
1748270281398.0,8772.2,8776.2
1748270282317.0,8772.9,8776.9
1748270282363.0,8773.0,8777.0
1748270286993.0,8772.9,8776.9
1748270287216.0,8773.0,8777.0
1748270287902.0,8772.7,8776.7
1748270288142.0,8772.6,8776.6
1748270289600.0,8773.0,8777.0
1748270289789.0,8773.1,8777.1
1748270298224.0,8773.2,8777.2
1748270306631.0,8773.2,8777.2
1748270309918.0,8773.1,8777.1
1748270310699.0,8773.0,8777.0
1748270310924.0,8773.1,8777.1
1748270311809.0,8773.0,8777.0
1748270321693.0,8773.1,8777.1
1748270324142.0,8773.0,8777.0
1748270330358.0,8773.1,8777.1
1748270330581.0,8772.9,8776.9
1748270332493.0,8772.2,8776.2
1748270333744.0,8772.9,8776.9
1748270334222.0,8773.0,8777.0
1748270334844.0,8773.0,8777.0
1748270336930.0,8773.1,8777.1
1748270337448.0,8773.0,8777.0
1748270341225.0,8772.9,8776.9
1748270342698.0,8772.1,8776.1
1748270344824.0,8772.0,8776.0
1748270346097.0,8772.1,8776.1
1748270347313.0,8772.0,8776.0
1748270347538.0,8772.1,8776.1
1748270347979.0,8772.0,8776.0
1748270350517.0,8772.1,8776.1
1748270351800.0,8772.0,8776.0
1748270353101.0,8772.1,8776.1
1748270353326.0,8772.0,8776.0
1748270353551.0,8772.1,8776.1
1748270362689.0,8772.0,8776.0
1748270362913.0,8772.1,8776.1
1748270365130.0,8772.0,8776.0
1748270365353.0,8772.1,8776.1
1748270372642.0,8772.0,8776.0
1748270372866.0,8772.1,8776.1
1748270373984.0,8772.0,8776.0
1748270376853.0,8771.9,8775.9
1748270377361.0,8771.9,8775.9
1748270378735.0,8771.8,8775.8
1748270380392.0,8771.7,8775.7
1748270387467.0,8771.7,8775.7
1748270388914.0,8771.8,8775.8
1748270391718.0,8771.9,8775.9
1748270401449.0,8772.0,8776.0
1748270403292.0,8771.9,8775.9
1748270407242.0,8771.7,8775.7
1748270407929.0,8771.8,8775.8
1748270409835.0,8772.5,8776.5
1748270410274.0,8772.6,8776.6
1748270410498.0,8772.5,8776.5
1748270410725.0,8772.6,8776.6
1748270414354.0,8772.7,8776.7
1748270414803.0,8772.8,8776.8
1748270419813.0,8772.0,8776.0
1748270421322.0,8771.9,8775.9
1748270421826.0,8772.0,8776.0
1748270422223.0,8771.9,8775.9
1748270422882.0,8771.8,8775.8
1748270425518.0,8771.7,8775.7
1748270426423.0,8771.8,8775.8
1748270432040.0,8771.8,8775.8
1748270433503.0,8771.8,8775.8
1748270434175.0,8772.6,8776.6
1748270437153.0,8772.5,8776.5
1748270437375.0,8772.6,8776.6
1748270442369.0,8772.7,8776.7
1748270442766.0,8772.6,8776.6
1748270449166.0,8772.5,8776.5
1748270450363.0,8772.6,8776.6
1748270454018.0,8772.5,8776.5
1748270465556.0,8772.6,8776.6
1748270467016.0,8772.5,8776.5
1748270473215.0,8772.6,8776.6
1748270476037.0,8772.7,8776.7
1748270477035.0,8773.5,8777.5
1748270477612.0,8773.6,8777.6
1748270478018.0,8773.5,8777.5
1748270478419.0,8773.4,8777.4
1748270479464.0,8773.5,8777.5
1748270479689.0,8773.4,8777.4
1748270486397.0,8773.5,8777.5
1748270487200.0,8774.3,8778.3
1748270487929.0,8774.4,8778.4
1748270490730.0,8774.3,8778.3
1748270491432.0,8774.2,8778.2
1748270494169.0,8774.3,8778.3
1748270495286.0,8774.2,8778.2
1748270497385.0,8774.1,8778.1
1748270499163.0,8774.2,8778.2
1748270505690.0,8773.5,8777.5
1748270505757.0,8773.4,8777.4
1748270508871.0,8773.8,8777.8
1748270509821.0,8773.9,8777.9
1748270510440.0,8774.2,8778.2
1748270511723.0,8774.3,8778.3
1748270516143.0,8774.4,8778.4
1748270518613.0,8774.3,8778.3
1748270525232.0,8774.2,8778.2
1748270528059.0,8774.3,8778.3
1748270531200.0,8774.4,8778.4
1748270534045.0,8774.3,8778.3
1748270537261.0,8774.4,8778.4
1748270540895.0,8774.5,8778.5
1748270541909.0,8775.3,8779.3
1748270543294.0,8775.2,8779.2
1748270543769.0,8774.4,8778.4
1748270549513.0,8775.1,8779.1
1748270550608.0,8775.0,8779.0
1748270550963.0,8775.1,8779.1
1748270551189.0,8775.0,8779.0
1748270552100.0,8775.0,8779.0
1748270556281.0,8774.3,8778.3
1748270557278.0,8774.2,8778.2
1748270560141.0,8774.3,8778.3
1748270584924.0,8774.4,8778.4
1748270585697.0,8774.3,8778.3
1748270586770.0,8774.4,8778.4
1748270588029.0,8774.3,8778.3
1748270590434.0,8774.4,8778.4
1748270599922.0,8774.3,8778.3
1748270600323.0,8774.2,8778.2
1748270600998.0,8774.2,8778.2
1748270616383.0,8774.4,8778.4
1748270616832.0,8774.2,8778.2
1748270617059.0,8774.3,8778.3
1748270621446.0,8774.4,8778.4
1748270626006.0,8774.5,8778.5
1748270626480.0,8774.4,8778.4
1748270630773.0,8774.5,8778.5
1748270640251.0,8774.4,8778.4
1748270641879.0,8774.5,8778.5
1748270644033.0,8774.4,8778.4
1748270654294.0,8774.3,8778.3
1748270660818.0,8774.4,8778.4
1748270673851.0,8774.5,8778.5
1748270677183.0,8774.4,8778.4
1748270678447.0,8774.5,8778.5
1748270680357.0,8774.4,8778.4
1748270680862.0,8774.5,8778.5
1748270683214.0,8775.2,8779.2
1748270689479.0,8775.1,8779.1
1748270690179.0,8775.2,8779.2
1748270700424.0,8775.1,8779.1
1748270700647.0,8775.0,8779.0
1748270701378.0,8775.1,8779.1
1748270702637.0,8775.9,8779.9
1748270702860.0,8775.5,8779.5
1748270703144.0,8775.1,8779.1
1748270703369.0,8775.5,8779.5
1748270703760.0,8775.8,8779.8
1748270704722.0,8775.5,8779.5
1748270705195.0,8775.1,8779.1
1748270706119.0,8775.2,8779.2
1748270706342.0,8775.1,8779.1
1748270707012.0,8775.2,8779.2
1748270708170.0,8775.1,8779.1
1748270709245.0,8775.2,8779.2
1748270710113.0,8775.1,8779.1
1748270712853.0,8775.0,8779.0
1748270712886.0,8774.3,8778.3
1748270713861.0,8774.2,8778.2
1748270720446.0,8774.1,8778.1
1748270721190.0,8773.9,8777.9
1748270724135.0,8774.0,8778.0
1748270726549.0,8774.1,8778.1
1748270732035.0,8774.0,8778.0
1748270734112.0,8774.1,8778.1
1748270738280.0,8774.2,8778.2
1748270739223.0,8775.0,8779.0
1748270743563.0,8774.9,8778.9
1748270750008.0,8775.0,8779.0
1748270750966.0,8774.9,8778.9
1748270757599.0,8775.0,8779.0
1748270770509.0,8774.9,8778.9
1748270773790.0,8775.0,8779.0
1748270774747.0,8774.9,8778.9
1748270784215.0,8774.8,8778.8
1748270786547.0,8774.9,8778.9
1748270787522.0,8774.8,8778.8
1748270790275.0,8774.7,8778.7
1748270793609.0,8774.8,8778.8
1748270802466.0,8774.7,8778.7
1748270805304.0,8774.8,8778.8
1748270805525.0,8774.7,8778.7
1748270806072.0,8775.5,8779.5
1748270806297.0,8775.4,8779.4
1748270809714.0,8775.5,8779.5
1748270810113.0,8775.4,8779.4
1748270820306.0,8775.5,8779.5
1748270820733.0,8775.4,8779.4
1748270828480.0,8775.5,8779.5
1748270831442.0,8776.4,8780.4
1748270831639.0,8776.5,8780.5
1748270832435.0,8776.4,8780.4
1748270832465.0,8775.6,8779.6
1748270836783.0,8775.7,8779.7
1748270848008.0,8775.8,8779.8
1748270856180.0,8775.7,8779.7
1748270868201.0,8775.0,8779.0
1748270868284.0,8774.9,8778.9
1748270869431.0,8775.7,8779.7
1748270881002.0,8775.6,8779.6
1748270881227.0,8775.5,8779.5
1748270881666.0,8775.4,8779.4
1748270881892.0,8775.5,8779.5
1748270883689.0,8775.4,8779.4
1748270890707.0,8774.5,8778.5
1748270891155.0,8775.3,8779.3
1748270891790.0,8775.2,8779.2
1748270892349.0,8775.3,8779.3
1748270893520.0,8774.5,8778.5
1748270894131.0,8774.7,8778.7
1748270896305.0,8774.6,8778.6
1748270896964.0,8774.7,8778.7
1748270898480.0,8774.6,8778.6
1748270898875.0,8774.7,8778.7
1748270901803.0,8774.5,8778.5
1748270910645.0,8774.6,8778.6
1748270918192.0,8774.5,8778.5
1748270919060.0,8774.6,8778.6
1748270922836.0,8773.8,8777.8
1748270923685.0,8773.7,8777.7
1748270925040.0,8773.8,8777.8
1748270928841.0,8773.6,8777.6
1748270928961.0,8773.7,8777.7
1748270933186.0,8773.6,8777.6
1748270934575.0,8773.7,8777.7
1748270935926.0,8773.6,8777.6
1748270939712.0,8773.7,8777.7
1748270949382.0,8774.4,8778.4
1748270956423.0,8774.5,8778.5
1748270957911.0,8774.6,8778.6
1748270965217.0,8774.4,8778.4
1748270968292.0,8774.3,8778.3
1748270970901.0,8774.2,8778.2
1748270975420.0,8774.3,8778.3
1748270976369.0,8774.2,8778.2
1748270976423.0,8773.8,8777.8
1748270976650.0,8774.2,8778.2
1748270977360.0,8774.3,8778.3
1748270981907.0,8774.2,8778.2
1748270982774.0,8774.3,8778.3
1748270983927.0,8774.2,8778.2
1748270986560.0,8774.1,8778.1
1748270988384.0,8774.2,8778.2
1748270994823.0,8774.1,8778.1
1748270995038.0,8773.4,8777.4
1748270996054.0,8773.5,8777.5
1748270996455.0,8773.4,8777.4
1748270998472.0,8773.5,8777.5
1748271001207.0,8773.6,8777.6
1748271001786.0,8773.5,8777.5
1748271009534.0,8773.6,8777.6
1748271011736.0,8773.7,8777.7
1748271023627.0,8773.8,8777.8
1748271024962.0,8773.7,8777.7
1748271025186.0,8773.8,8777.8
1748271025589.0,8773.7,8777.7
1748271027990.0,8773.8,8777.8
1748271030260.0,8773.7,8777.7
1748271039819.0,8773.8,8777.8
1748271040426.0,8773.7,8777.7
1748271041457.0,8773.8,8777.8
1748271047004.0,8773.7,8777.7
1748271047228.0,8773.6,8777.6
1748271050995.0,8773.7,8777.7
1748271053423.0,8772.9,8776.9
1748271054049.0,8772.8,8776.8
1748271054378.0,8773.6,8777.6
1748271054575.0,8773.5,8777.5
1748271056599.0,8773.4,8777.4
1748271057049.0,8773.2,8777.2
1748271057624.0,8773.2,8777.2
1748271059428.0,8773.3,8777.3
1748271060110.0,8773.4,8777.4
1748271062524.0,8773.3,8777.3
1748271063055.0,8773.4,8777.4
1748271064650.0,8772.5,8776.5
1748271065091.0,8773.3,8777.3
1748271065813.0,8773.2,8777.2
1748271069807.0,8773.1,8777.1
1748271070029.0,8773.0,8777.0
1748271070253.0,8772.9,8776.9
1748271071503.0,8773.0,8777.0
1748271073021.0,8772.9,8776.9
1748271073974.0,8773.0,8777.0
1748271074872.0,8772.9,8776.9
1748271075709.0,8772.8,8776.8
1748271076677.0,8772.9,8776.9
1748271078251.0,8773.0,8777.0
1748271083953.0,8773.1,8777.1
1748271084763.0,8773.2,8777.2
1748271084988.0,8773.1,8777.1
1748271086418.0,8773.2,8777.2
1748271088926.0,8773.1,8777.1
1748271089152.0,8773.2,8777.2
1748271090305.0,8773.1,8777.1
1748271091353.0,8773.2,8777.2
1748271092147.0,8773.1,8777.1
1748271092372.0,8772.9,8776.9
1748271094576.0,8773.0,8777.0
1748271095392.0,8773.1,8777.1
1748271096966.0,8773.2,8777.2
1748271104922.0,8773.1,8777.1
1748271108711.0,8773.2,8777.2
1748271109625.0,8773.1,8777.1
1748271109850.0,8773.0,8777.0
1748271110336.0,8773.1,8777.1
1748271111305.0,8773.0,8777.0
1748271111530.0,8773.1,8777.1
1748271111876.0,8773.0,8777.0
1748271114530.0,8772.9,8776.9
1748271115325.0,8773.0,8777.0
1748271121537.0,8773.1,8777.1
1748271122880.0,8773.2,8777.2
1748271127454.0,8773.4,8777.4
1748271127676.0,8773.5,8777.5
1748271132172.0,8773.4,8777.4
1748271133195.0,8773.5,8777.5
1748271133622.0,8773.4,8777.4
1748271134022.0,8773.5,8777.5
1748271138412.0,8774.3,8778.3
1748271139032.0,8774.4,8778.4
1748271139255.0,8774.3,8778.3
1748271139481.0,8774.4,8778.4
1748271144698.0,8774.5,8778.5
1748271146303.0,8774.4,8778.4
1748271147054.0,8774.5,8778.5
1748271153179.0,8774.4,8778.4
1748271169703.0,8774.5,8778.5
1748271183852.0,8774.4,8778.4
1748271197098.0,8774.5,8778.5
1748271198487.0,8774.4,8778.4
1748271204910.0,8774.5,8778.5
1748271208607.0,8774.6,8778.6
1748271208876.0,8774.5,8778.5
1748271211476.0,8774.4,8778.4
1748271212716.0,8774.5,8778.5
1748271214405.0,8775.2,8779.2
1748271216464.0,8774.5,8778.5
1748271216961.0,8774.4,8778.4
1748271220595.0,8774.5,8778.5
1748271222628.0,8774.9,8778.9
1748271222871.0,8775.1,8779.1
1748271222955.0,8775.2,8779.2
1748271233949.0,8775.1,8779.1
1748271238342.0,8775.2,8779.2
1748271238829.0,8775.1,8779.1
1748271239054.0,8775.2,8779.2
1748271240748.0,8775.0,8779.0
1748271241125.0,8775.1,8779.1
1748271241464.0,8775.0,8779.0
1748271242280.0,8775.1,8779.1
1748271244817.0,8775.0,8779.0
1748271245731.0,8775.1,8779.1
1748271251688.0,8775.0,8779.0
1748271253313.0,8775.1,8779.1
1748271253712.0,8775.0,8779.0
1748271253937.0,8775.1,8779.1
1748271254427.0,8775.0,8779.0
1748271259345.0,8775.1,8779.1
1748271262160.0,8775.0,8779.0
1748271266641.0,8775.1,8779.1
1748271267701.0,8775.0,8779.0
1748271267926.0,8775.1,8779.1
1748271276744.0,8775.0,8779.0
1748271279848.0,8775.1,8779.1
1748271284923.0,8774.3,8778.3
1748271289890.0,8775.0,8779.0
1748271290089.0,8775.1,8779.1
1748271290391.0,8774.4,8778.4
1748271291065.0,8775.1,8779.1
1748271291549.0,8775.2,8779.2
1748271292439.0,8775.1,8779.1
1748271293031.0,8774.4,8778.4
1748271295295.0,8775.1,8779.1
1748271296313.0,8775.2,8779.2
1748271302010.0,8775.1,8779.1
1748271303801.0,8775.0,8779.0
1748271305418.0,8774.2,8778.2
1748271305641.0,8775.0,8779.0
1748271307725.0,8774.9,8778.9
1748271308725.0,8775.0,8779.0
1748271308997.0,8774.9,8778.9
1748271312686.0,8775.0,8779.0
1748271323473.0,8775.1,8779.1
1748271330982.0,8775.0,8779.0
1748271337830.0,8775.1,8779.1
1748271342903.0,8775.0,8779.0
1748271344980.0,8775.1,8779.1
1748271345204.0,8775.0,8779.0
1748271357058.0,8774.9,8778.9
1748271361698.0,8774.8,8778.8
1748271362721.0,8774.6,8778.6
1748271363124.0,8774.5,8778.5
1748271363345.0,8774.3,8778.3
1748271363720.0,8774.4,8778.4
1748271364170.0,8774.5,8778.5
1748271364395.0,8774.4,8778.4
1748271366240.0,8774.3,8778.3
1748271366690.0,8774.4,8778.4
1748271367025.0,8774.3,8778.3
1748271367563.0,8774.0,8778.0
1748271367762.0,8773.3,8777.3
1748271368116.0,8773.1,8777.1
1748271368564.0,8773.3,8777.3
1748271368788.0,8773.2,8777.2
1748271369610.0,8773.1,8777.1
1748271370160.0,8773.2,8777.2
1748271370560.0,8773.3,8777.3
1748271371102.0,8773.2,8777.2
1748271372031.0,8773.3,8777.3
1748271374161.0,8773.4,8777.4
1748271374429.0,8774.1,8778.1
1748271376085.0,8774.2,8778.2
1748271381533.0,8774.3,8778.3
1748271384155.0,8774.2,8778.2
1748271388522.0,8774.1,8778.1
1748271388747.0,8774.0,8778.0
1748271388971.0,8774.1,8778.1
1748271389200.0,8774.0,8778.0
1748271389910.0,8773.9,8777.9
1748271390558.0,8774.0,8778.0
1748271391813.0,8773.9,8777.9
1748271392040.0,8774.0,8778.0
1748271393106.0,8773.9,8777.9
1748271395172.0,8774.0,8778.0
1748271395647.0,8773.9,8777.9
1748271400239.0,8773.7,8777.7
1748271400464.0,8773.8,8777.8
1748271400918.0,8773.9,8777.9
1748271401362.0,8774.0,8778.0
1748271402778.0,8774.1,8778.1
1748271405047.0,8774.2,8778.2
1748271405664.0,8774.1,8778.1
1748271415157.0,8774.2,8778.2
1748271415548.0,8774.1,8778.1
1748271417532.0,8774.2,8778.2
1748271418356.0,8774.1,8778.1
1748271420026.0,8774.0,8778.0
1748271421667.0,8774.1,8778.1
1748271421891.0,8774.0,8778.0
1748271426909.0,8774.1,8778.1
1748271427704.0,8773.9,8777.9
1748271427928.0,8774.0,8778.0
1748271430463.0,8773.9,8777.9
1748271431092.0,8774.0,8778.0
1748271433195.0,8774.1,8778.1
1748271433475.0,8774.0,8778.0
1748271434178.0,8774.1,8778.1
1748271435469.0,8774.0,8778.0
1748271435868.0,8774.1,8778.1
1748271436678.0,8774.0,8778.0
1748271437898.0,8774.1,8778.1
1748271440801.0,8774.2,8778.2
1748271441024.0,8774.1,8778.1
1748271442651.0,8774.0,8778.0
1748271443355.0,8774.1,8778.1
1748271453633.0,8774.2,8778.2
1748271454166.0,8774.1,8778.1
1748271459717.0,8774.2,8778.2
1748271461067.0,8774.1,8778.1
1748271468932.0,8774.0,8778.0
1748271472128.0,8773.9,8777.9
1748271472351.0,8774.0,8778.0
1748271472648.0,8773.9,8777.9
1748271477209.0,8773.8,8777.8
1748271479186.0,8773.9,8777.9
1748271480346.0,8774.0,8778.0
1748271480749.0,8773.9,8777.9
1748271483467.0,8774.0,8778.0
1748271486131.0,8773.9,8777.9
1748271486526.0,8774.0,8778.0
1748271489857.0,8773.9,8777.9
1748271491921.0,8774.0,8778.0
1748271493012.0,8773.9,8777.9
1748271498446.0,8774.0,8778.0
1748271502298.0,8773.9,8777.9
1748271502522.0,8774.0,8778.0
1748271516777.0,8774.1,8778.1
1748271520654.0,8774.8,8778.8
1748271520835.0,8774.9,8778.9
1748271521727.0,8774.8,8778.8
1748271522665.0,8774.7,8778.7
1748271525541.0,8774.0,8778.0
1748271525738.0,8773.9,8777.9
1748271532309.0,8774.0,8778.0
1748271533765.0,8773.9,8777.9
1748271538778.0,8773.8,8777.8
1748271540277.0,8773.9,8777.9
1748271540501.0,8773.8,8777.8
1748271541386.0,8773.7,8777.7
1748271544987.0,8773.8,8777.8
1748271545602.0,8773.7,8777.7
1748271548525.0,8773.8,8777.8
1748271548806.0,8773.7,8777.7
1748271551600.0,8773.8,8777.8
1748271551823.0,8773.7,8777.7
1748271552547.0,8773.8,8777.8
1748271552945.0,8773.7,8777.7
1748271554942.0,8773.8,8777.8
1748271555166.0,8773.7,8777.7
1748271558896.0,8773.8,8777.8
1748271569627.0,8773.9,8777.9
1748271570181.0,8773.8,8777.8
1748271571346.0,8773.9,8777.9
1748271572241.0,8773.8,8777.8
1748271581960.0,8773.9,8777.9
1748271582361.0,8774.0,8778.0
1748271583981.0,8774.1,8778.1
1748271592120.0,8774.0,8778.0
1748271592562.0,8774.1,8778.1
1748271593257.0,8774.0,8778.0
1748271598150.0,8773.9,8777.9
1748271598911.0,8774.0,8778.0
1748271599533.0,8774.1,8778.1
1748271599759.0,8774.2,8778.2
1748271600558.0,8774.3,8778.3
1748271600784.0,8774.2,8778.2
1748271601634.0,8774.1,8778.1
1748271603696.0,8774.2,8778.2
1748271603919.0,8774.1,8778.1
1748271604292.0,8773.3,8777.3
1748271608854.0,8774.1,8778.1
1748271609116.0,8774.0,8778.0
1748271610480.0,8773.2,8777.2
1748271611204.0,8773.3,8777.3
1748271615103.0,8774.1,8778.1
1748271615566.0,8774.2,8778.2
1748271616386.0,8773.4,8777.4
1748271618332.0,8773.5,8777.5
1748271619427.0,8773.4,8777.4
1748271619828.0,8773.5,8777.5
1748271622258.0,8773.6,8777.6
1748271623300.0,8773.7,8777.7
1748271624980.0,8773.6,8777.6
1748271625485.0,8773.5,8777.5
1748271625711.0,8773.4,8777.4
1748271626611.0,8773.3,8777.3
1748271626833.0,8773.4,8777.4
1748271632826.0,8773.3,8777.3
1748271635360.0,8773.1,8777.1
1748271636526.0,8773.0,8777.0
1748271636748.0,8773.1,8777.1
1748271638762.0,8773.0,8777.0
1748271643336.0,8772.9,8776.9
1748271646007.0,8773.0,8777.0
1748271646579.0,8772.9,8776.9
1748271647875.0,8773.0,8777.0
1748271648947.0,8773.1,8777.1
1748271652646.0,8773.0,8777.0
1748271654394.0,8773.1,8777.1
1748271654844.0,8773.0,8777.0
1748271655425.0,8772.9,8776.9
1748271655988.0,8773.0,8777.0
1748271658041.0,8772.9,8776.9
1748271659199.0,8773.0,8777.0
1748271660421.0,8773.1,8777.1
1748271661432.0,8773.3,8777.3
1748271661658.0,8773.2,8777.2
1748271661881.0,8773.3,8777.3
1748271662106.0,8773.2,8777.2
1748271664210.0,8773.3,8777.3
1748271665350.0,8773.4,8777.4
1748271666627.0,8773.3,8777.3
1748271668765.0,8773.2,8777.2
1748271669064.0,8772.5,8776.5
1748271669718.0,8772.4,8776.4
1748271670333.0,8772.5,8776.5
1748271670840.0,8772.4,8776.4
1748271672027.0,8771.7,8775.7
1748271672949.0,8772.3,8776.3
1748271673147.0,8772.4,8776.4
1748271673368.0,8772.5,8776.5
1748271679402.0,8772.4,8776.4
1748271681814.0,8772.5,8776.5
1748271684445.0,8772.4,8776.4
1748271685588.0,8772.5,8776.5
1748271692332.0,8772.6,8776.6
1748271693364.0,8773.3,8777.3
1748271694691.0,8772.6,8776.6
1748271696015.0,8772.7,8776.7
1748271700231.0,8772.6,8776.6
1748271701691.0,8772.5,8776.5
1748271705315.0,8772.4,8776.4
1748271707842.0,8772.3,8776.3
1748271708786.0,8772.4,8776.4
1748271709323.0,8772.5,8776.5
1748271709974.0,8772.4,8776.4
1748271715278.0,8771.7,8775.7
1748271720262.0,8772.1,8776.1
1748271720352.0,8772.2,8776.2
1748271720581.0,8772.6,8776.6
1748271720712.0,8772.2,8776.2
1748271724606.0,8772.5,8776.5
1748271727272.0,8772.2,8776.2
1748271728582.0,8772.1,8776.1
1748271728646.0,8772.5,8776.5
1748271733826.0,8772.4,8776.4
1748271736847.0,8772.5,8776.5
1748271737967.0,8772.4,8776.4
1748271739048.0,8772.1,8776.1
1748271739272.0,8772.4,8776.4
1748271743141.0,8769.9,8773.9
1748271745265.0,8770.6,8774.6
1748271746442.0,8770.7,8774.7
1748271746869.0,8769.9,8773.9
1748271748116.0,8770.2,8774.2
1748271748340.0,8769.9,8773.9
1748271749796.0,8770.0,8774.0
1748271750021.0,8769.9,8773.9
1748271751670.0,8770.0,8774.0
1748271751894.0,8769.9,8773.9
1748271752295.0,8770.0,8774.0
1748271753683.0,8769.9,8773.9
1748271754082.0,8770.0,8774.0
1748271754639.0,8769.9,8773.9
1748271754946.0,8770.0,8774.0
1748271756476.0,8770.1,8774.1
1748271756700.0,8770.0,8774.0
1748271760361.0,8770.1,8774.1
1748271760586.0,8770.0,8774.0
1748271772518.0,8770.1,8774.1
1748271774296.0,8770.0,8774.0
1748271776110.0,8770.1,8774.1
1748271779319.0,8769.3,8773.3
1748271782331.0,8769.2,8773.2
1748271783023.0,8769.3,8773.3
1748271784518.0,8769.2,8773.2
1748271789631.0,8768.9,8772.9
1748271790139.0,8768.8,8772.8
1748271790365.0,8769.0,8773.0
1748271790904.0,8768.9,8772.9
1748271791203.0,8769.0,8773.0
1748271792437.0,8768.9,8772.9
1748271793301.0,8769.0,8773.0
1748271793701.0,8768.9,8772.9
1748271793965.0,8769.0,8773.0
1748271795679.0,8769.1,8773.1
1748271797774.0,8769.2,8773.2
1748271797999.0,8769.0,8773.0
1748271809127.0,8768.1,8772.1
1748271809311.0,8768.2,8772.2
1748271809898.0,8768.9,8772.9
1748271810122.0,8768.2,8772.2
1748271813074.0,8768.1,8772.1
1748271813297.0,8768.2,8772.2
1748271814095.0,8768.3,8772.3
1748271814852.0,8768.4,8772.4
1748271816294.0,8769.1,8773.1
1748271822672.0,8769.2,8773.2
1748271823175.0,8769.1,8773.1
1748271826179.0,8769.0,8773.0
1748271829250.0,8769.1,8773.1
1748271830163.0,8769.0,8773.0
1748271831378.0,8769.1,8773.1
1748271835780.0,8769.0,8773.0
1748271836272.0,8768.3,8772.3
1748271836615.0,8768.4,8772.4
1748271839289.0,8768.3,8772.3
1748271840878.0,8768.4,8772.4
1748271842342.0,8768.3,8772.3
1748271847638.0,8768.4,8772.4
1748271847863.0,8768.3,8772.3
1748271850586.0,8768.2,8772.2
1748271855433.0,8768.1,8772.1
1748271858017.0,8768.0,8772.0
1748271858271.0,8767.3,8771.3
1748271859162.0,8767.4,8771.4
1748271859755.0,8768.1,8772.1
1748271859863.0,8768.2,8772.2
1748271861125.0,8768.1,8772.1
1748271870459.0,8768.2,8772.2
1748271871065.0,8768.1,8772.1
1748271872424.0,8768.2,8772.2
1748271872650.0,8768.1,8772.1
1748271874125.0,8768.2,8772.2
1748271874531.0,8768.1,8772.1
1748271876110.0,8768.2,8772.2
1748271876335.0,8768.1,8772.1
1748271879557.0,8768.2,8772.2
1748271882681.0,8768.0,8772.0
1748271883437.0,8767.8,8771.8
1748271883663.0,8767.9,8771.9
1748271884154.0,8767.8,8771.8
1748271884379.0,8767.9,8771.9
1748271884829.0,8767.8,8771.8
1748271885473.0,8767.9,8771.9
1748271885727.0,8767.2,8771.2
1748271886123.0,8767.1,8771.1
1748271886978.0,8767.2,8771.2
1748271888509.0,8767.3,8771.3
1748271888736.0,8767.2,8771.2
1748271890452.0,8767.1,8771.1
1748271890677.0,8767.2,8771.2
1748271891750.0,8767.3,8771.3
1748271891967.0,8768.0,8772.0
1748271895191.0,8767.3,8771.3
1748271901975.0,8767.3,8771.3
1748271902348.0,8767.1,8771.1
1748271902572.0,8767.2,8771.2
1748271903327.0,8767.1,8771.1
1748271903553.0,8767.2,8771.2
1748271904107.0,8767.1,8771.1
1748271904361.0,8767.2,8771.2
1748271905839.0,8767.0,8771.0
1748271906064.0,8766.9,8770.9
1748271906289.0,8767.0,8771.0
1748271907494.0,8766.9,8770.9
1748271907718.0,8767.0,8771.0
1748271909145.0,8766.9,8770.9
1748271909369.0,8767.0,8771.0
1748271910321.0,8767.1,8771.1
1748271910548.0,8767.0,8771.0
1748271910773.0,8766.9,8770.9
1748271912574.0,8767.0,8771.0
1748271914677.0,8766.3,8770.3
1748271914837.0,8766.2,8770.2
1748271914992.0,8766.1,8770.1
1748271916282.0,8766.8,8770.8
1748271917492.0,8766.7,8770.7
1748271917698.0,8766.0,8770.0
1748271917964.0,8766.1,8770.1
1748271919002.0,8766.0,8770.0
1748271919404.0,8766.1,8770.1
1748271919982.0,8766.9,8770.9
1748271920202.0,8766.1,8770.1
1748271925376.0,8766.2,8770.2
1748271928409.0,8766.3,8770.3
1748271929331.0,8766.2,8770.2
1748271935284.0,8766.3,8770.3
1748271935508.0,8766.2,8770.2
1748271935732.0,8766.3,8770.3
1748271945217.0,8766.4,8770.4
1748271949039.0,8766.5,8770.5
1748271949932.0,8766.4,8770.4
1748271953311.0,8766.3,8770.3
1748271954401.0,8766.4,8770.4
1748271955474.0,8766.3,8770.3
1748271961921.0,8766.2,8770.2
1748271963018.0,8766.1,8770.1
1748271963247.0,8766.2,8770.2
1748271964872.0,8766.3,8770.3
1748271968051.0,8766.4,8770.4
1748271970350.0,8766.3,8770.3
1748271976448.0,8766.4,8770.4
1748271976669.0,8766.3,8770.3
1748271979846.0,8766.4,8770.4
1748271980071.0,8766.3,8770.3
1748271984949.0,8766.2,8770.2
1748271987249.0,8766.3,8770.3
1748271988099.0,8766.2,8770.2
1748271988828.0,8766.3,8770.3
1748271989054.0,8766.2,8770.2
1748271989278.0,8766.3,8770.3
1748271992018.0,8766.5,8770.5
1748271994329.0,8766.4,8770.4
1748271995241.0,8766.5,8770.5
1748271996285.0,8766.4,8770.4
1748271998066.0,8766.5,8770.5
1748271999620.0,8766.6,8770.6
1748272001356.0,8766.5,8770.5
1748272003651.0,8766.6,8770.6
1748272006869.0,8766.5,8770.5
1748272009106.0,8766.6,8770.6
1748272010377.0,8766.5,8770.5
1748272010827.0,8766.6,8770.6
1748272012623.0,8766.5,8770.5
1748272012847.0,8766.6,8770.6
1748272013072.0,8766.5,8770.5
1748272015055.0,8766.6,8770.6
1748272015823.0,8766.5,8770.5
1748272017280.0,8767.3,8771.3
1748272018290.0,8766.5,8770.5
1748272019630.0,8766.6,8770.6
1748272027820.0,8766.5,8770.5
1748272032933.0,8766.6,8770.6
1748272035865.0,8766.7,8770.7
1748272037253.0,8766.6,8770.6
1748272040582.0,8766.5,8770.5
1748272042435.0,8766.4,8770.4
1748272042659.0,8766.5,8770.5
1748272043814.0,8766.4,8770.4
1748272055832.0,8766.3,8770.3
1748272057453.0,8766.4,8770.4
1748272057680.0,8766.3,8770.3
1748272059338.0,8766.4,8770.4
1748272072854.0,8766.3,8770.3
1748272081125.0,8766.2,8770.2
1748272083130.0,8766.3,8770.3
1748272083353.0,8766.2,8770.2
1748272093290.0,8766.1,8770.1
1748272106341.0,8765.9,8769.9
1748272107229.0,8766.2,8770.2
1748272107629.0,8766.1,8770.1
1748272109521.0,8766.2,8770.2
1748272113278.0,8766.3,8770.3
1748272115151.0,8766.2,8770.2
1748272116874.0,8766.3,8770.3
1748272123800.0,8766.4,8770.4
1748272125347.0,8767.2,8771.2
1748272127332.0,8767.3,8771.3
1748272130395.0,8767.2,8771.2
1748272130619.0,8767.3,8771.3
1748272133125.0,8767.2,8771.2
1748272143196.0,8767.3,8771.3
1748272144876.0,8767.2,8771.2
1748272154277.0,8766.5,8770.5
1748272154366.0,8766.4,8770.4
1748272154498.0,8766.8,8770.8
1748272155495.0,8766.5,8770.5
1748272155720.0,8767.2,8771.2
1748272160340.0,8767.3,8771.3
1748272166963.0,8767.4,8771.4
1748272167186.0,8767.3,8771.3
1748272167772.0,8767.4,8771.4
1748272167997.0,8767.3,8771.3
1748272170862.0,8767.4,8771.4
1748272177155.0,8767.5,8771.5
1748272178067.0,8767.4,8771.4
1748272178938.0,8767.5,8771.5
1748272182326.0,8767.4,8771.4
1748272183288.0,8767.5,8771.5
1748272184654.0,8767.4,8771.4
1748272191550.0,8767.5,8771.5
1748272191773.0,8767.4,8771.4
1748272201769.0,8767.3,8771.3
1748272202437.0,8767.4,8771.4
1748272203825.0,8768.2,8772.2
1748272207389.0,8768.4,8772.4
1748272207613.0,8768.3,8772.3
1748272208004.0,8769.0,8773.0
1748272208064.0,8769.1,8773.1
1748272208520.0,8769.2,8773.2
1748272208927.0,8769.3,8773.3
1748272209401.0,8769.2,8773.2
1748272216190.0,8769.3,8773.3
1748272220659.0,8769.2,8773.2
1748272220883.0,8769.3,8773.3
1748272222398.0,8769.4,8773.4
1748272222624.0,8769.5,8773.5
1748272222851.0,8769.4,8773.4
1748272223487.0,8769.5,8773.5
1748272224101.0,8769.4,8773.4
1748272225430.0,8769.3,8773.3
1748272227300.0,8769.4,8773.4
1748272227526.0,8769.3,8773.3
1748272228346.0,8769.4,8773.4
1748272229358.0,8769.3,8773.3
1748272235563.0,8769.4,8773.4
1748272238850.0,8769.5,8773.5
1748272244520.0,8769.4,8773.4
1748272244745.0,8769.5,8773.5
1748272251490.0,8769.4,8773.4
1748272251708.0,8769.3,8773.3
1748272252179.0,8769.4,8773.4
1748272257741.0,8769.5,8773.5
1748272258685.0,8769.4,8773.4
1748272261903.0,8769.3,8773.3
1748272262128.0,8769.4,8773.4
1748272269764.0,8769.3,8773.3
1748272275669.0,8769.4,8773.4
1748272278505.0,8769.3,8773.3
1748272286060.0,8769.2,8773.2
1748272300780.0,8769.1,8773.1
1748272309329.0,8769.0,8773.0
1748272309553.0,8769.1,8773.1
1748272310041.0,8769.0,8773.0
1748272311042.0,8768.9,8772.9
1748272311265.0,8769.0,8773.0
1748272312126.0,8769.1,8773.1
1748272313337.0,8769.0,8773.0
1748272313560.0,8769.1,8773.1
1748272315620.0,8769.0,8773.0
1748272319159.0,8768.9,8772.9
1748272319455.0,8769.0,8773.0
1748272319852.0,8768.9,8772.9
1748272320481.0,8768.9,8772.9
1748272322485.0,8768.8,8772.8
1748272324793.0,8768.9,8772.9
1748272328365.0,8769.8,8773.8
1748272330862.0,8769.7,8773.7
1748272331850.0,8769.8,8773.8
1748272332957.0,8769.9,8773.9
1748272333479.0,8770.0,8774.0
1748272340341.0,8769.9,8773.9
1748272340592.0,8770.0,8774.0
1748272342248.0,8770.1,8774.1
1748272345287.0,8770.0,8774.0
1748272349631.0,8770.3,8774.3
1748272351128.0,8770.4,8774.4
1748272353929.0,8770.6,8774.6
1748272357345.0,8770.7,8774.7
1748272360790.0,8770.6,8774.6
1748272362908.0,8770.5,8774.5
1748272363186.0,8770.6,8774.6
1748272368374.0,8770.7,8774.7
1748272368970.0,8770.6,8774.6
1748272369968.0,8770.5,8774.5
1748272371133.0,8770.6,8774.6
1748272372513.0,8770.5,8774.5
1748272380345.0,8770.6,8774.6
1748272382986.0,8770.7,8774.7
1748272385318.0,8770.6,8774.6
1748272386682.0,8770.7,8774.7
1748272390327.0,8770.6,8774.6
1748272392340.0,8770.7,8774.7
1748272392564.0,8770.6,8774.6
1748272395745.0,8770.7,8774.7
1748272396144.0,8770.6,8774.6
1748272396766.0,8770.7,8774.7
1748272396991.0,8770.6,8774.6
1748272417131.0,8770.7,8774.7
1748272418947.0,8770.6,8774.6
1748272420310.0,8770.7,8774.7
1748272420534.0,8770.6,8774.6
1748272431986.0,8770.7,8774.7
1748272432210.0,8770.6,8774.6
1748272433270.0,8769.8,8773.8
1748272439111.0,8769.9,8773.9
1748272445432.0,8769.8,8773.8
1748272445657.0,8769.9,8773.9
1748272448321.0,8769.8,8773.8
1748272449642.0,8769.9,8773.9
1748272449864.0,8769.8,8773.8
1748272451844.0,8769.9,8773.9
1748272456180.0,8769.8,8773.8
1748272458009.0,8769.9,8773.9
1748272458827.0,8769.8,8773.8
1748272460616.0,8769.9,8773.9
1748272462300.0,8769.8,8773.8
1748272462524.0,8769.9,8773.9
1748272471115.0,8770.7,8774.7
1748272472051.0,8770.6,8774.6
1748272479227.0,8769.9,8773.9
1748272493627.0,8769.8,8773.8
1748272500152.0,8769.9,8773.9
1748272506786.0,8770.0,8774.0
1748272507133.0,8769.9,8773.9
1748272509389.0,8770.0,8774.0
1748272516222.0,8769.9,8773.9
1748272517541.0,8770.0,8774.0
1748272518958.0,8769.9,8773.9
1748272519585.0,8770.0,8774.0
1748272520125.0,8769.9,8773.9
1748272520272.0,8769.2,8773.2
1748272521333.0,8769.1,8773.1
1748272521722.0,8769.2,8773.2
1748272532303.0,8769.3,8773.3
1748272553842.0,8768.6,8772.6
1748272556298.0,8768.5,8772.5
1748272559274.0,8767.8,8771.8
1748272563728.0,8768.5,8772.5
1748272568175.0,8768.6,8772.6
1748272568398.0,8768.5,8772.5
1748272569743.0,8768.6,8772.6
1748272575320.0,8768.5,8772.5
1748272584114.0,8768.6,8772.6
1748272584333.0,8768.5,8772.5
1748272587120.0,8768.4,8772.4
1748272588827.0,8767.7,8771.7
1748272591864.0,8767.8,8771.8
1748272592088.0,8767.7,8771.7
1748272596313.0,8767.8,8771.8
1748272599323.0,8767.7,8771.7
1748272605800.0,8768.1,8772.1
1748272612296.0,8768.0,8772.0
1748272613473.0,8767.9,8771.9
1748272615396.0,8768.0,8772.0
1748272616813.0,8767.9,8771.9
1748272627512.0,8768.6,8772.6
1748272627819.0,8768.7,8772.7
1748272628044.0,8768.6,8772.6
1748272630709.0,8768.7,8772.7
1748272630934.0,8768.8,8772.8
1748272633748.0,8768.7,8772.7
1748272635162.0,8769.5,8773.5
1748272635411.0,8769.6,8773.6
1748272635636.0,8769.8,8773.8
1748272635861.0,8769.7,8773.7
1748272638118.0,8769.8,8773.8
1748272638345.0,8769.7,8773.7
1748272642154.0,8769.6,8773.6
1748272644431.0,8769.5,8773.5
1748272650502.0,8769.6,8773.6
1748272650726.0,8769.5,8773.5
1748272650949.0,8769.4,8773.4
1748272651609.0,8769.3,8773.3
1748272653245.0,8769.4,8773.4
1748272654129.0,8769.3,8773.3
1748272654356.0,8769.4,8773.4
1748272657178.0,8769.3,8773.3
1748272659174.0,8769.4,8773.4
1748272667326.0,8768.6,8772.6
1748272679909.0,8768.5,8772.5
1748272680185.0,8767.8,8771.8
1748272685157.0,8767.9,8771.9
1748272690634.0,8768.0,8772.0
1748272693137.0,8767.9,8771.9
1748272694951.0,8768.0,8772.0
1748272714067.0,8768.2,8772.2
1748272714467.0,8768.3,8772.3
1748272715306.0,8768.4,8772.4
1748272715531.0,8768.3,8772.3
1748272717403.0,8768.2,8772.2
1748272718776.0,8768.3,8772.3
1748272726883.0,8768.4,8772.4
1748272741662.0,8768.3,8772.3
1748272747034.0,8768.4,8772.4
1748272761230.0,8768.5,8772.5
1748272762129.0,8768.4,8772.4
1748272763347.0,8768.5,8772.5
1748272763568.0,8768.4,8772.4
1748272765689.0,8768.5,8772.5
1748272770518.0,8768.4,8772.4
1748272773988.0,8768.5,8772.5
1748272775957.0,8768.4,8772.4
1748272776798.0,8768.5,8772.5
1748272777790.0,8768.4,8772.4
1748272778012.0,8768.5,8772.5
1748272780452.0,8768.4,8772.4
1748272782216.0,8768.5,8772.5
1748272786899.0,8768.4,8772.4
1748272787298.0,8768.5,8772.5
1748272788710.0,8768.6,8772.6
1748272789952.0,8768.7,8772.7
1748272790175.0,8768.8,8772.8
1748272799552.0,8768.7,8772.7
1748272800469.0,8768.9,8772.9
1748272800920.0,8769.0,8773.0
1748272801146.0,8768.9,8772.9
1748272801725.0,8769.0,8773.0
1748272803486.0,8768.9,8772.9
1748272804719.0,8769.0,8773.0
1748272806352.0,8769.1,8773.1
1748272806799.0,8769.0,8773.0
1748272807558.0,8769.1,8773.1
1748272808605.0,8769.2,8773.2
1748272809363.0,8769.1,8773.1
1748272812436.0,8769.2,8773.2
1748272816955.0,8769.1,8773.1
1748272819858.0,8769.0,8773.0
1748272820082.0,8769.1,8773.1
1748272820475.0,8769.0,8773.0
1748272842160.0,8769.1,8773.1
1748272847080.0,8769.2,8773.2
1748272849019.0,8769.3,8773.3
1748272854757.0,8770.0,8774.0
1748272856886.0,8769.9,8773.9
1748272857923.0,8770.0,8774.0
1748272858246.0,8769.9,8773.9
1748272859075.0,8770.7,8774.7
1748272862542.0,8770.6,8774.6
1748272864347.0,8770.7,8774.7
1748272867914.0,8770.6,8774.6
1748272871326.0,8770.7,8774.7
1748272876742.0,8770.0,8774.0
1748272876931.0,8769.9,8773.9
1748272886146.0,8770.0,8774.0
1748272887564.0,8769.9,8773.9
1748272889025.0,8770.0,8774.0
1748272889250.0,8769.9,8773.9
1748272889475.0,8770.0,8774.0
1748272892954.0,8769.8,8773.8
1748272895188.0,8769.9,8773.9
1748272896645.0,8770.0,8774.0
1748272904627.0,8769.9,8773.9
1748272905075.0,8770.0,8774.0
1748272907158.0,8769.9,8773.9
1748272908302.0,8770.0,8774.0
1748272915036.0,8770.1,8774.1
1748272915255.0,8770.0,8774.0
1748272916011.0,8770.1,8774.1
1748272916984.0,8770.0,8774.0
1748272918368.0,8770.1,8774.1
1748272918592.0,8770.0,8774.0
1748272934375.0,8769.9,8773.9
1748272934776.0,8770.0,8774.0
1748272934999.0,8769.9,8773.9
1748272952617.0,8770.0,8774.0
1748272955261.0,8769.9,8773.9
1748272964909.0,8769.8,8773.8
1748272966617.0,8770.6,8774.6
1748272968211.0,8770.7,8774.7
1748272972027.0,8770.6,8774.6
1748272985542.0,8770.5,8774.5
1748272990102.0,8770.6,8774.6
1748272991196.0,8770.5,8774.5
1748272998506.0,8770.6,8774.6
1748273004497.0,8770.5,8774.5
1748273006713.0,8770.6,8774.6
1748273013930.0,8770.7,8774.7
1748273024479.0,8770.8,8774.8
1748273024676.0,8771.5,8775.5
1748273037245.0,8771.4,8775.4
1748273055654.0,8771.5,8775.5
1748273071915.0,8771.4,8775.4
1748273072993.0,8771.5,8775.5
1748273073218.0,8771.4,8775.4
1748273076777.0,8771.5,8775.5
1748273078306.0,8771.4,8775.4
1748273083186.0,8771.5,8775.5
1748273089881.0,8771.4,8775.4
1748273090107.0,8771.5,8775.5
1748273090489.0,8771.4,8775.4
1748273093142.0,8771.5,8775.5
1748273094869.0,8771.4,8775.4
1748273096195.0,8771.5,8775.5
1748273098565.0,8771.4,8775.4
1748273112192.0,8771.5,8775.5
1748273122806.0,8771.4,8775.4
1748273124465.0,8771.5,8775.5
1748273125580.0,8771.4,8775.4
1748273125804.0,8771.5,8775.5
1748273126061.0,8771.4,8775.4
1748273132290.0,8771.5,8775.5
1748273135500.0,8772.2,8776.2
1748273149071.0,8771.5,8775.5
1748273154418.0,8771.4,8775.4
1748273164124.0,8771.5,8775.5
1748273164999.0,8771.6,8775.6
1748273174447.0,8771.7,8775.7
1748273174671.0,8771.6,8775.6
1748273175098.0,8771.7,8775.7
1748273175323.0,8772.5,8776.5
1748273175548.0,8772.4,8776.4
1748273175774.0,8772.5,8776.5
1748273179232.0,8772.4,8776.4
1748273186108.0,8772.6,8776.6
1748273192482.0,8772.7,8776.7
1748273193088.0,8772.8,8776.8
1748273193888.0,8772.7,8776.7
1748273194514.0,8772.8,8776.8
1748273199183.0,8772.9,8776.9
1748273201694.0,8773.0,8777.0
1748273202812.0,8772.9,8776.9
1748273208293.0,8772.8,8776.8
1748273209792.0,8772.9,8776.9
1748273219768.0,8772.8,8776.8
1748273222453.0,8772.9,8776.9
1748273222678.0,8772.8,8776.8
1748273228466.0,8772.7,8776.7
1748273236512.0,8772.8,8776.8
1748273236736.0,8772.7,8776.7
1748273240037.0,8772.6,8776.6
1748273244045.0,8772.5,8776.5
1748273245088.0,8772.4,8776.4
1748273246624.0,8772.5,8776.5
1748273248727.0,8772.6,8776.6
1748273249326.0,8772.5,8776.5
1748273249776.0,8772.6,8776.6
1748273249979.0,8773.3,8777.3
1748273252066.0,8773.4,8777.4
1748273254903.0,8773.5,8777.5
1748273256954.0,8774.2,8778.2
1748273278163.0,8774.1,8778.1
1748273280441.0,8774.2,8778.2
1748273287217.0,8774.3,8778.3
1748273287441.0,8774.4,8778.4
1748273293948.0,8774.5,8778.5
1748273303513.0,8774.6,8778.6
1748273304526.0,8774.5,8778.5
1748273306017.0,8774.6,8778.6
1748273309619.0,8774.5,8778.5
1748273324932.0,8774.6,8778.6
1748273326045.0,8774.5,8778.5
1748273330515.0,8774.4,8778.4
1748273336052.0,8774.5,8778.5
1748273343760.0,8774.6,8778.6
1748273344915.0,8774.5,8778.5
1748273348131.0,8774.6,8778.6
1748273348352.0,8774.5,8778.5
1748273354610.0,8774.4,8778.4
1748273355096.0,8775.1,8779.1
1748273355598.0,8775.2,8779.2
1748273356048.0,8775.3,8779.3
1748273360794.0,8775.4,8779.4
1748273372651.0,8775.5,8779.5
1748273375718.0,8775.4,8779.4
1748273376100.0,8775.5,8779.5
1748273380700.0,8775.4,8779.4
1748273386883.0,8775.5,8779.5
1748273398199.0,8775.6,8779.6
1748273398718.0,8775.5,8779.5
1748273398922.0,8775.4,8779.4
1748273399148.0,8775.5,8779.5
1748273399455.0,8775.4,8779.4
1748273400309.0,8776.2,8780.2
1748273400708.0,8776.3,8780.3
1748273401601.0,8775.6,8779.6
1748273401753.0,8775.5,8779.5
1748273403461.0,8775.6,8779.6
1748273403860.0,8775.5,8779.5
1748273406341.0,8775.4,8779.4
1748273407575.0,8775.5,8779.5
1748273407799.0,8775.4,8779.4
1748273408435.0,8775.5,8779.5
1748273408927.0,8775.4,8779.4
1748273410446.0,8775.5,8779.5
1748273412987.0,8775.6,8779.6
1748273413599.0,8775.5,8779.5
1748273417408.0,8775.6,8779.6
1748273417632.0,8775.5,8779.5
1748273420116.0,8775.6,8779.6
1748273432235.0,8775.7,8779.7
1748273433931.0,8775.5,8779.5
1748273443546.0,8775.6,8779.6
1748273446104.0,8775.5,8779.5
1748273451929.0,8775.6,8779.6
1748273458415.0,8775.7,8779.7
1748273459384.0,8775.8,8779.8
1748273463230.0,8776.5,8780.5
1748273463530.0,8776.7,8780.7
1748273463983.0,8776.6,8780.6
1748273469448.0,8775.9,8779.9
1748273469673.0,8776.6,8780.6
1748273473402.0,8776.5,8780.5
1748273474423.0,8776.6,8780.6
1748273474647.0,8776.5,8780.5
1748273475142.0,8776.6,8780.6
1748273478591.0,8776.5,8780.5
1748273478815.0,8776.6,8780.6
1748273481968.0,8776.7,8780.7
1748273484798.0,8776.6,8780.6
1748273485684.0,8776.7,8780.7
1748273487108.0,8776.6,8780.6
1748273497035.0,8776.5,8780.5
1748273498183.0,8776.6,8780.6
1748273498406.0,8776.5,8780.5
1748273501840.0,8776.4,8780.4
1748273506655.0,8776.5,8780.5
1748273507529.0,8776.4,8780.4
1748273508392.0,8775.7,8779.7
1748273516402.0,8775.8,8779.8
1748273523349.0,8775.0,8779.0
1748273525241.0,8775.1,8779.1
1748273529086.0,8775.8,8779.8
1748273529401.0,8775.7,8779.7
1748273532196.0,8775.8,8779.8
1748273540107.0,8775.9,8779.9
1748273541760.0,8775.8,8779.8
1748273542053.0,8775.9,8779.9
1748273542855.0,8775.8,8779.8
1748273543080.0,8775.9,8779.9
1748273543360.0,8775.8,8779.8
1748273544165.0,8775.9,8779.9
1748273544390.0,8775.8,8779.8
1748273545085.0,8775.9,8779.9
1748273548352.0,8775.8,8779.8
1748273549894.0,8775.9,8779.9
1748273550150.0,8775.8,8779.8
1748273550696.0,8775.9,8779.9
1748273552909.0,8775.8,8779.8
1748273554169.0,8775.9,8779.9
1748273554590.0,8775.8,8779.8
1748273558580.0,8775.9,8779.9
1748273559700.0,8775.8,8779.8
1748273560444.0,8775.9,8779.9
1748273562225.0,8775.8,8779.8
1748273568394.0,8775.7,8779.7
1748273569029.0,8775.8,8779.8
1748273571356.0,8775.7,8779.7
1748273571754.0,8775.8,8779.8
1748273574302.0,8775.9,8779.9
1748273575228.0,8775.8,8779.8
1748273575452.0,8775.9,8779.9
1748273577183.0,8775.8,8779.8
1748273585910.0,8775.7,8779.7
1748273586306.0,8775.8,8779.8
1748273592558.0,8776.0,8780.0
1748273599539.0,8776.1,8780.1
1748273602557.0,8776.0,8780.0
1748273602987.0,8776.1,8780.1
1748273603610.0,8776.2,8780.2
1748273604068.0,8776.1,8780.1
1748273609154.0,8776.2,8780.2
1748273609481.0,8776.1,8780.1
1748273616278.0,8776.0,8780.0
1748273616662.0,8776.1,8780.1
1748273620988.0,8775.7,8779.7
1748273621373.0,8775.6,8779.6
1748273633693.0,8775.7,8779.7
1748273636566.0,8775.6,8779.6
1748273637447.0,8775.7,8779.7
1748273638833.0,8775.6,8779.6
1748273641185.0,8775.7,8779.7
1748273649087.0,8775.9,8779.9
1748273649307.0,8775.8,8779.8
1748273649533.0,8775.9,8779.9
1748273650352.0,8775.8,8779.8
1748273652040.0,8775.9,8779.9
1748273652439.0,8775.8,8779.8
1748273654562.0,8775.9,8779.9
1748273654786.0,8775.8,8779.8
1748273660154.0,8775.9,8779.9
1748273660497.0,8775.8,8779.8
1748273662310.0,8775.9,8779.9
1748273663163.0,8775.8,8779.8
1748273664127.0,8775.9,8779.9
1748273664801.0,8775.8,8779.8
1748273665200.0,8775.9,8779.9
1748273665599.0,8775.8,8779.8
1748273666707.0,8775.9,8779.9
1748273666930.0,8775.8,8779.8
1748273667781.0,8775.9,8779.9
1748273668006.0,8775.8,8779.8
1748273669438.0,8775.9,8779.9
1748273669664.0,8775.8,8779.8
1748273670138.0,8775.9,8779.9
1748273681935.0,8775.8,8779.8
1748273682157.0,8775.9,8779.9
1748273684902.0,8775.8,8779.8
1748273685883.0,8775.9,8779.9
1748273686292.0,8775.8,8779.8
1748273689405.0,8775.7,8779.7
1748273690300.0,8775.0,8779.0
1748273692049.0,8775.1,8779.1
1748273693701.0,8775.0,8779.0
1748273693924.0,8775.1,8779.1
1748273694221.0,8775.8,8779.8
1748273699483.0,8776.5,8780.5
1748273700014.0,8776.6,8780.6
1748273702300.0,8776.7,8780.7
1748273703405.0,8777.6,8781.6
1748273703631.0,8777.5,8781.5
1748273704279.0,8777.4,8781.4
1748273708191.0,8777.3,8781.3
1748273712261.0,8777.2,8781.2
1748273717440.0,8777.1,8781.1
1748273722031.0,8777.0,8781.0
1748273722680.0,8777.1,8781.1
1748273723206.0,8777.0,8781.0
1748273723616.0,8777.1,8781.1
1748273725628.0,8777.2,8781.2
1748273725803.0,8777.9,8781.9
1748273729886.0,8777.2,8781.2
1748273730796.0,8777.3,8781.3
1748273740774.0,8777.4,8781.4
1748273741309.0,8777.3,8781.3
1748273745050.0,8777.2,8781.2
1748273771074.0,8777.3,8781.3
1748273771294.0,8777.2,8781.2
1748273771613.0,8777.3,8781.3
1748273772224.0,8777.2,8781.2
1748273772632.0,8777.3,8781.3
1748273787625.0,8777.2,8781.2
1748273790767.0,8777.1,8781.1
1748273798876.0,8777.2,8781.2
1748273800831.0,8777.9,8781.9
1748273802165.0,8778.0,8782.0
1748273810171.0,8778.7,8782.7
1748273812598.0,8778.8,8782.8
1748273814011.0,8778.1,8782.1
1748273824709.0,8778.0,8782.0
1748273829660.0,8778.1,8782.1
1748273831838.0,8778.2,8782.2
1748273833246.0,8778.1,8782.1
1748273846332.0,8778.2,8782.2
1748273849110.0,8778.3,8782.3
1748273850904.0,8778.2,8782.2
1748273853550.0,8778.1,8782.1
1748273857980.0,8778.0,8782.0
1748273858637.0,8778.1,8782.1
1748273859183.0,8778.0,8782.0
1748273860262.0,8777.8,8781.8
1748273860606.0,8777.9,8781.9
1748273878932.0,8778.0,8782.0
1748273880637.0,8778.7,8782.7
1748273880775.0,8778.8,8782.8
1748273886382.0,8778.9,8782.9
1748273887147.0,8778.8,8782.8
1748273893693.0,8779.5,8783.5
1748273894510.0,8778.8,8782.8
1748273907399.0,8778.9,8782.9
1748273908401.0,8778.8,8782.8
1748273923862.0,8778.7,8782.7
1748273930440.0,8778.8,8782.8
1748273931291.0,8778.7,8782.7
1748273933017.0,8778.8,8782.8
1748273933243.0,8778.7,8782.7
1748273935549.0,8778.6,8782.6
1748273935775.0,8778.7,8782.7
1748273936899.0,8778.6,8782.6
1748273937125.0,8778.7,8782.7
1748273938205.0,8778.6,8782.6
1748273938682.0,8778.7,8782.7
1748273939130.0,8778.6,8782.6
1748273949470.0,8778.7,8782.7
1748273949694.0,8778.6,8782.6
1748273956662.0,8778.5,8782.5
1748273971443.0,8778.6,8782.6
1748273973025.0,8778.5,8782.5
1748273982555.0,8777.8,8781.8
1748273982654.0,8777.7,8781.7
1748274000247.0,8777.6,8781.6
1748274001008.0,8777.7,8781.7
1748274002269.0,8777.8,8781.8
1748274003240.0,8777.7,8781.7
1748274005885.0,8777.6,8781.6
1748274007227.0,8777.7,8781.7
1748274009337.0,8777.6,8781.6
1748274011867.0,8777.5,8781.5
1748274013009.0,8777.6,8781.6
1748274013674.0,8777.5,8781.5
1748274014306.0,8777.6,8781.6
1748274015074.0,8777.5,8781.5
1748274017780.0,8777.6,8781.6
1748274018005.0,8777.5,8781.5
1748274018581.0,8777.6,8781.6
1748274019879.0,8777.5,8781.5
1748274021160.0,8777.6,8781.6
1748274021382.0,8777.5,8781.5
1748274023576.0,8777.6,8781.6
1748274026970.0,8777.5,8781.5
1748274028209.0,8777.6,8781.6
1748274035805.0,8778.5,8782.5
1748274038489.0,8778.4,8782.4
1748274038715.0,8778.5,8782.5
1748274040034.0,8778.4,8782.4
1748274040726.0,8778.5,8782.5
1748274051127.0,8778.6,8782.6
1748274052006.0,8778.5,8782.5
1748274053401.0,8778.6,8782.6
1748274053916.0,8778.7,8782.7
1748274055554.0,8778.8,8782.8
1748274061974.0,8778.9,8782.9
1748274063040.0,8779.0,8783.0
1748274064072.0,8778.9,8782.9
1748274067358.0,8779.0,8783.0
1748274067501.0,8779.7,8783.7
1748274067755.0,8779.6,8783.6
1748274068205.0,8779.7,8783.7
1748274070239.0,8779.6,8783.6
1748274070730.0,8779.7,8783.7
1748274071056.0,8779.6,8783.6
1748274072195.0,8778.9,8782.9
1748274073511.0,8778.8,8782.8
1748274077214.0,8779.5,8783.5
1748274079890.0,8779.6,8783.6
1748274086561.0,8779.5,8783.5
1748274087124.0,8779.4,8783.4
1748274087348.0,8779.5,8783.5
1748274087575.0,8779.4,8783.4
1748274089663.0,8779.5,8783.5
1748274090530.0,8778.7,8782.7
1748274091386.0,8778.6,8782.6
1748274096788.0,8778.5,8782.5
1748274097616.0,8778.6,8782.6
1748274110124.0,8778.5,8782.5
1748274117526.0,8778.6,8782.6
1748274128149.0,8778.5,8782.5
1748274132322.0,8778.6,8782.6
1748274133182.0,8778.5,8782.5
1748274155493.0,8778.6,8782.6
1748274186072.0,8778.5,8782.5
1748274189784.0,8778.6,8782.6
1748274197130.0,8778.5,8782.5
1748274198558.0,8778.7,8782.7
1748274199150.0,8778.8,8782.8
1748274205013.0,8778.7,8782.7
1748274208340.0,8778.6,8782.6
1748274208596.0,8778.7,8782.7
1748274208743.0,8779.4,8783.4
1748274209767.0,8779.5,8783.5
1748274210204.0,8779.4,8783.4
1748274210602.0,8779.5,8783.5
1748274210827.0,8779.4,8783.4
1748274215249.0,8779.5,8783.5
1748274215473.0,8779.4,8783.4
1748274216438.0,8778.7,8782.7
1748274219119.0,8778.6,8782.6
1748274224388.0,8778.7,8782.7
1748274224613.0,8778.6,8782.6
1748274227207.0,8778.7,8782.7
1748274227430.0,8778.6,8782.6
1748274234507.0,8779.3,8783.3
1748274240482.0,8778.6,8782.6
1748274254543.0,8778.5,8782.5
1748274256831.0,8778.6,8782.6
1748274263511.0,8778.5,8782.5
1748274286766.0,8778.4,8782.4
1748274287892.0,8778.5,8782.5
1748274292368.0,8777.8,8781.8
1748274293343.0,8777.7,8781.7
1748274293932.0,8777.8,8781.8
1748274294156.0,8777.7,8781.7
1748274299806.0,8778.4,8782.4
1748274302337.0,8778.5,8782.5
1748274302772.0,8778.4,8782.4
1748274310638.0,8778.5,8782.5
1748274312806.0,8778.4,8782.4
1748274313726.0,8778.5,8782.5
1748274313777.0,8778.4,8782.4
1748274322314.0,8778.5,8782.5
1748274322807.0,8778.6,8782.6
1748274325260.0,8778.7,8782.7
1748274325772.0,8778.6,8782.6
1748274326621.0,8778.7,8782.7
1748274330335.0,8778.6,8782.6
1748274339455.0,8778.5,8782.5
1748274343532.0,8778.4,8782.4
1748274348714.0,8778.1,8782.1
1748274349871.0,8777.7,8781.7
1748274350156.0,8778.5,8782.5
1748274352207.0,8778.4,8782.4
1748274353701.0,8778.5,8782.5
1748274353924.0,8778.4,8782.4
1748274361641.0,8778.5,8782.5
1748274364148.0,8778.4,8782.4
1748274381891.0,8778.5,8782.5
1748274404901.0,8777.8,8781.8
1748274405069.0,8777.7,8781.7
1748274426150.0,8777.8,8781.8
1748274426458.0,8777.7,8781.7
1748274427432.0,8777.8,8781.8
1748274427847.0,8777.7,8781.7
1748274428244.0,8777.8,8781.8
1748274432908.0,8777.7,8781.7
1748274449910.0,8777.6,8781.6
1748274450134.0,8777.7,8781.7
1748274454111.0,8777.6,8781.6
1748274457394.0,8778.3,8782.3
1748274457661.0,8778.4,8782.4
1748274460144.0,8778.5,8782.5
1748274467900.0,8778.6,8782.6
1748274468726.0,8778.5,8782.5
1748274473379.0,8778.4,8782.4
1748274473604.0,8778.5,8782.5
1748274480849.0,8778.6,8782.6
1748274511060.0,8778.5,8782.5
1748274511456.0,8778.4,8782.4
1748274512466.0,8778.5,8782.5
1748274515456.0,8778.4,8782.4
1748274515678.0,8778.5,8782.5
1748274516430.0,8778.4,8782.4
1748274517522.0,8778.5,8782.5
1748274536489.0,8778.4,8782.4
1748274536710.0,8778.5,8782.5
1748274539383.0,8778.6,8782.6
1748274539607.0,8778.5,8782.5
1748274545555.0,8778.6,8782.6
1748274549451.0,8778.5,8782.5
1748274551170.0,8778.6,8782.6
1748274574768.0,8779.3,8783.3
1748274574827.0,8779.4,8783.4
1748274579048.0,8779.3,8783.3
1748274589370.0,8778.6,8782.6
1748274598487.0,8779.3,8783.3
1748274600463.0,8778.6,8782.6
1748274601674.0,8778.7,8782.7
1748274601804.0,8779.4,8783.4
1748274605154.0,8779.5,8783.5
1748274606021.0,8779.4,8783.4
1748274619946.0,8779.3,8783.3
1748274622037.0,8779.4,8783.4
1748274622835.0,8779.3,8783.3
1748274623048.0,8779.0,8783.0
1748274623272.0,8778.6,8782.6
1748274629110.0,8779.4,8783.4
1748274650171.0,8779.3,8783.3
1748274660551.0,8779.9,8783.9
1748274660635.0,8779.5,8783.5
1748274662014.0,8779.9,8783.9
1748274662471.0,8779.5,8783.5
1748274665511.0,8779.4,8783.4
1748274673503.0,8779.5,8783.5
1748274697221.0,8779.6,8783.6
1748274698673.0,8779.5,8783.5
1748274700356.0,8779.6,8783.6
1748274707154.0,8779.5,8783.5
1748274711206.0,8779.6,8783.6
1748274712041.0,8779.9,8783.9
1748274712736.0,8779.6,8783.6
1748274721401.0,8779.7,8783.7
1748274721713.0,8780.5,8784.5
1748274722364.0,8780.6,8784.6
1748274725873.0,8780.5,8784.5
1748274728247.0,8780.4,8784.4
1748274730200.0,8780.3,8784.3
1748274740452.0,8779.6,8783.6
1748274740953.0,8779.5,8783.5
1748274741177.0,8779.6,8783.6
1748274748091.0,8779.5,8783.5
1748274758166.0,8779.6,8783.6
1748274795679.0,8779.5,8783.5
1748274796902.0,8779.6,8783.6
1748274801336.0,8779.4,8783.4
1748274834669.0,8779.5,8783.5
1748274838583.0,8779.4,8783.4
1748274840392.0,8779.5,8783.5
1748274842026.0,8779.6,8783.6
1748274854054.0,8779.5,8783.5
1748274865387.0,8779.4,8783.4
1748274874675.0,8779.3,8783.3
1748274877043.0,8779.4,8783.4
1748274907535.0,8779.5,8783.5
1748274917596.0,8779.6,8783.6
1748274938461.0,8779.5,8783.5
1748274943331.0,8779.6,8783.6
1748274958386.0,8779.5,8783.5
1748274964833.0,8779.6,8783.6
1748274968654.0,8779.5,8783.5
1748274972481.0,8779.6,8783.6
1748274975658.0,8779.7,8783.7
1748274977559.0,8779.6,8783.6
1748274982854.0,8779.7,8783.7
1748274983897.0,8779.6,8783.6
1748275000471.0,8779.5,8783.5
1748275014540.0,8778.8,8782.8
1748275034284.0,8778.7,8782.7
1748275045645.0,8778.8,8782.8
1748275046039.0,8778.7,8782.7
1748275047495.0,8778.8,8782.8
1748275061706.0,8778.7,8782.7
1748275062304.0,8778.8,8782.8
1748275062528.0,8778.7,8782.7
1748275065700.0,8778.3,8782.3
1748275066153.0,8778.7,8782.7
1748275069409.0,8778.8,8782.8
1748275074482.0,8778.7,8782.7
1748275074707.0,8778.8,8782.8
1748275078055.0,8778.7,8782.7
1748275080223.0,8778.8,8782.8
1748275080623.0,8778.7,8782.7
1748275083260.0,8778.8,8782.8
1748275083959.0,8778.7,8782.7
1748275088171.0,8778.8,8782.8
1748275097295.0,8778.9,8782.9
1748275097519.0,8778.8,8782.8
1748275097933.0,8778.9,8782.9
1748275098955.0,8778.8,8782.8
1748275100573.0,8778.9,8782.9
1748275107266.0,8778.4,8782.4
1748275108197.0,8778.8,8782.8
1748275108404.0,8778.9,8782.9
1748275112459.0,8779.0,8783.0
1748275120225.0,8778.9,8782.9
1748275120448.0,8779.0,8783.0
1748275124438.0,8778.9,8782.9
1748275126077.0,8779.0,8783.0
1748275138688.0,8779.1,8783.1
1748275139035.0,8779.0,8783.0
1748275139260.0,8779.1,8783.1
1748275140456.0,8779.0,8783.0
1748275146374.0,8778.9,8782.9
1748275157490.0,8779.0,8783.0
1748275159420.0,8779.1,8783.1
1748275159650.0,8779.2,8783.2
1748275160879.0,8779.9,8783.9
1748275162772.0,8780.0,8784.0
1748275162996.0,8779.9,8783.9
1748275164779.0,8780.0,8784.0
1748275165682.0,8779.9,8783.9
1748275165908.0,8780.0,8784.0
1748275166132.0,8779.9,8783.9
1748275166357.0,8780.0,8784.0
1748275166835.0,8779.9,8783.9
1748275171238.0,8780.0,8784.0
1748275171932.0,8779.9,8783.9
1748275172158.0,8780.0,8784.0
1748275172607.0,8779.9,8783.9
1748275179695.0,8779.8,8783.8
1748275184135.0,8779.7,8783.7
1748275200309.0,8779.8,8783.8
1748275200691.0,8779.7,8783.7
1748275200917.0,8779.8,8783.8
1748275201366.0,8779.9,8783.9
1748275201692.0,8780.1,8784.1
1748275202971.0,8780.0,8784.0
1748275203470.0,8779.9,8783.9
1748275203695.0,8780.0,8784.0
1748275203918.0,8780.1,8784.1
1748275204268.0,8780.0,8784.0
1748275204881.0,8779.8,8783.8
1748275205319.0,8779.9,8783.9
1748275205718.0,8780.0,8784.0
1748275206223.0,8779.9,8783.9
1748275207477.0,8779.8,8783.8
1748275209534.0,8779.7,8783.7
1748275210134.0,8779.6,8783.6
1748275211114.0,8779.8,8783.8
1748275211825.0,8779.9,8783.9
1748275213823.0,8779.8,8783.8
1748275217185.0,8779.9,8783.9
1748275220204.0,8779.8,8783.8
1748275221689.0,8779.9,8783.9
1748275222338.0,8779.8,8783.8
1748275226253.0,8779.9,8783.9
1748275234856.0,8779.8,8783.8
1748275239059.0,8779.1,8783.1
1748275239907.0,8779.9,8783.9
1748275240768.0,8779.8,8783.8
1748275244979.0,8779.7,8783.7
1748275245099.0,8779.0,8783.0
1748275247007.0,8778.9,8782.9
1748275247633.0,8778.8,8782.8
1748275250014.0,8778.9,8782.9
1748275253721.0,8778.8,8782.8
1748275254130.0,8778.9,8782.9
1748275255665.0,8779.0,8783.0
1748275256676.0,8778.9,8782.9
1748275257969.0,8779.0,8783.0
1748275258193.0,8778.9,8782.9
1748275259318.0,8779.0,8783.0
1748275260329.0,8778.9,8782.9
1748275261868.0,8779.0,8783.0
1748275267590.0,8778.9,8782.9
1748275268147.0,8779.0,8783.0
1748275268545.0,8778.9,8782.9
1748275283296.0,8778.8,8782.8
1748275284184.0,8778.9,8782.9
1748275290356.0,8779.0,8783.0
1748275299249.0,8779.1,8783.1
1748275302367.0,8779.0,8783.0
1748275303374.0,8779.1,8783.1
1748275304128.0,8779.0,8783.0
1748275313934.0,8778.9,8782.9
1748275314684.0,8779.0,8783.0
1748275319500.0,8778.9,8782.9
1748275320558.0,8779.0,8783.0
1748275328271.0,8778.9,8782.9
1748275331222.0,8779.0,8783.0
1748275339165.0,8778.9,8782.9
1748275344854.0,8779.0,8783.0
1748275346540.0,8778.9,8782.9
1748275348557.0,8779.0,8783.0
1748275348782.0,8778.9,8782.9
1748275349007.0,8779.0,8783.0
1748275349622.0,8778.9,8782.9
1748275350429.0,8779.0,8783.0
1748275351120.0,8778.9,8782.9
1748275352834.0,8779.0,8783.0
1748275353681.0,8778.9,8782.9
1748275353904.0,8779.0,8783.0
1748275362997.0,8778.7,8782.7
1748275373316.0,8778.6,8782.6
1748275382903.0,8778.7,8782.7
1748275383862.0,8778.6,8782.6
1748275385532.0,8778.7,8782.7
1748275395493.0,8778.8,8782.8
1748275406644.0,8778.9,8782.9
1748275406869.0,8778.8,8782.8
1748275407093.0,8778.9,8782.9
1748275423712.0,8778.8,8782.8
1748275423935.0,8779.6,8783.6
1748275424943.0,8779.7,8783.7
1748275428681.0,8779.6,8783.6
1748275441593.0,8779.5,8783.5
1748275446579.0,8779.4,8783.4
1748275446802.0,8779.5,8783.5
1748275448993.0,8779.4,8783.4
1748275449219.0,8779.5,8783.5
1748275450585.0,8779.6,8783.6
1748275458827.0,8779.5,8783.5
1748275472602.0,8779.6,8783.6
1748275473630.0,8779.7,8783.7
1748275473955.0,8779.6,8783.6
1748275481424.0,8779.7,8783.7
1748275502134.0,8779.6,8783.6
1748275506002.0,8779.7,8783.7
1748275527237.0,8780.1,8784.1
1748275527461.0,8779.7,8783.7
1748275538732.0,8779.6,8783.6
1748275538956.0,8779.7,8783.7
1748275544807.0,8779.6,8783.6
1748275545031.0,8779.7,8783.7
1748275545481.0,8779.6,8783.6
1748275545706.0,8779.7,8783.7
1748275547417.0,8779.6,8783.6
1748275548646.0,8779.7,8783.7
1748275551352.0,8779.6,8783.6
1748275594824.0,8779.5,8783.5
1748275606136.0,8779.4,8783.4
1748275618595.0,8779.5,8783.5
1748275623967.0,8779.6,8783.6
1748275647065.0,8779.5,8783.5
1748275649674.0,8779.6,8783.6
1748275650402.0,8779.5,8783.5
1748275653212.0,8779.6,8783.6
1748275659653.0,8779.5,8783.5
1748275662882.0,8779.6,8783.6
1748275674760.0,8779.5,8783.5
1748275677046.0,8779.6,8783.6
1748275680267.0,8779.5,8783.5
1748275694114.0,8779.4,8783.4
1748275694338.0,8779.5,8783.5
1748275699974.0,8779.4,8783.4
1748275717988.0,8779.5,8783.5
1748275728435.0,8779.4,8783.4
1748275751200.0,8779.5,8783.5
1748275753660.0,8779.4,8783.4
1748275753883.0,8779.5,8783.5
1748275755020.0,8779.4,8783.4
1748275755245.0,8779.5,8783.5
1748275757215.0,8779.4,8783.4
1748275770232.0,8779.5,8783.5
1748275778944.0,8779.8,8783.8
1748275779168.0,8779.7,8783.7
1748275781347.0,8779.6,8783.6
1748275781571.0,8779.7,8783.7
1748275781957.0,8779.6,8783.6
1748275790613.0,8779.7,8783.7
1748275800569.0,8779.8,8783.8
1748275801137.0,8779.9,8783.9
1748275801361.0,8779.8,8783.8
1748275804768.0,8779.7,8783.7
1748275804992.0,8779.8,8783.8
1748275805219.0,8779.7,8783.7
1748275805443.0,8779.8,8783.8
1748275811558.0,8779.9,8783.9
1748275815881.0,8780.0,8784.0
1748275816103.0,8779.9,8783.9
1748275819408.0,8780.1,8784.1
1748275819538.0,8780.8,8784.8
1748275820926.0,8780.9,8784.9
1748275821324.0,8780.8,8784.8
1748275822370.0,8780.9,8784.9
1748275825042.0,8780.8,8784.8
1748275827756.0,8780.7,8784.7
1748275828477.0,8780.8,8784.8
1748275828702.0,8780.7,8784.7
1748275828926.0,8780.8,8784.8
1748275829153.0,8780.7,8784.7
1748275829378.0,8780.8,8784.8
1748275829601.0,8780.7,8784.7
1748275831055.0,8780.8,8784.8
1748275831277.0,8780.7,8784.7
1748275832453.0,8780.8,8784.8
1748275836170.0,8780.9,8784.9
1748275836655.0,8780.8,8784.8
1748275837052.0,8780.9,8784.9
1748275837967.0,8780.8,8784.8
1748275838365.0,8780.9,8784.9
1748275838588.0,8780.8,8784.8
1748275839605.0,8780.7,8784.7
1748275841681.0,8780.0,8784.0
1748275842653.0,8779.9,8783.9
1748275843175.0,8780.0,8784.0
1748275844707.0,8779.9,8783.9
1748275845769.0,8780.0,8784.0
1748275846841.0,8779.9,8783.9
1748275848074.0,8780.0,8784.0
1748275848851.0,8779.9,8783.9
1748275849076.0,8780.0,8784.0
1748275852442.0,8780.1,8784.1
1748275853472.0,8780.0,8784.0
1748275861628.0,8780.0,8784.0
1748275862433.0,8780.1,8784.1
1748275863203.0,8780.0,8784.0
1748275863937.0,8780.1,8784.1
1748275864453.0,8780.0,8784.0
1748275864954.0,8780.1,8784.1
1748275865180.0,8780.0,8784.0
1748275867203.0,8780.1,8784.1
1748275870669.0,8780.0,8784.0
1748275872993.0,8779.9,8783.9
1748275873494.0,8780.0,8784.0
1748275873719.0,8779.9,8783.9
1748275877962.0,8780.0,8784.0
1748275878212.0,8779.9,8783.9
1748275878611.0,8780.0,8784.0
1748275879357.0,8779.9,8783.9
1748275879955.0,8780.0,8784.0
1748275883294.0,8780.1,8784.1
1748275887229.0,8780.0,8784.0
1748275891926.0,8780.1,8784.1
1748275892510.0,8780.0,8784.0
1748275895155.0,8780.1,8784.1
1748275901335.0,8780.0,8784.0
1748275906920.0,8779.9,8783.9
1748275908513.0,8779.8,8783.8
1748275914064.0,8779.7,8783.7
1748275921404.0,8779.8,8783.8
1748275926625.0,8779.7,8783.7
1748275941861.0,8779.6,8783.6
1748275950085.0,8779.7,8783.7
1748275953399.0,8779.6,8783.6
1748275965691.0,8779.3,8783.3
1748275967578.0,8779.4,8783.4
1748275967797.0,8779.3,8783.3
1748275968739.0,8779.4,8783.4
1748275969573.0,8779.3,8783.3
1748275980584.0,8779.2,8783.2
1748275981723.0,8779.3,8783.3
1748275982584.0,8779.4,8783.4
1748275982806.0,8779.3,8783.3
1748275988734.0,8779.4,8783.4
1748275988990.0,8779.3,8783.3
1748276000681.0,8779.4,8783.4
1748276003790.0,8779.3,8783.3
1748276012898.0,8779.4,8783.4
1748276031535.0,8779.3,8783.3
1748276038819.0,8779.4,8783.4
1748276039921.0,8779.3,8783.3
1748276044306.0,8779.4,8783.4
1748276048158.0,8779.3,8783.3
1748276048381.0,8779.4,8783.4
1748276048933.0,8779.3,8783.3
1748276049159.0,8779.4,8783.4
1748276063280.0,8778.7,8782.7
1748276063869.0,8778.6,8782.6
1748276064554.0,8778.7,8782.7
1748276071981.0,8778.6,8782.6
1748276073177.0,8778.7,8782.7
1748276100288.0,8778.8,8782.8
1748276100507.0,8778.7,8782.7
1748276100732.0,8778.8,8782.8
1748276121446.0,8778.7,8782.7
1748276129905.0,8778.8,8782.8
1748276131611.0,8778.7,8782.7
1748276144895.0,8778.6,8782.6
1748276177052.0,8778.5,8782.5
1748276182993.0,8777.7,8781.7
1748276185245.0,8777.6,8781.6
1748276190197.0,8777.5,8781.5
1748276191381.0,8777.6,8781.6
1748276192053.0,8777.5,8781.5
1748276193833.0,8777.6,8781.6
1748276194282.0,8777.5,8781.5
1748276194704.0,8777.6,8781.6
1748276216746.0,8778.0,8782.0
1748276218759.0,8778.3,8782.3
1748276219211.0,8778.0,8782.0
1748276221205.0,8777.6,8781.6
1748276222194.0,8777.5,8781.5
1748276222417.0,8777.6,8781.6
1748276240488.0,8777.5,8781.5
1748276240710.0,8777.6,8781.6
1748276270328.0,8777.7,8781.7
1748276296039.0,8777.6,8781.6
1748276304925.0,8777.5,8781.5
1748276307092.0,8777.4,8781.4
1748276307318.0,8777.5,8781.5
1748276308120.0,8777.4,8781.4
1748276313801.0,8777.5,8781.5
1748276314026.0,8777.4,8781.4
1748276318384.0,8777.5,8781.5
1748276332146.0,8777.6,8781.6
1748276351416.0,8777.5,8781.5
1748276353133.0,8777.6,8781.6
1748276353996.0,8777.5,8781.5
1748276355445.0,8777.6,8781.6
1748276361994.0,8777.7,8781.7
1748276379341.0,8777.6,8781.6
1748276382099.0,8777.7,8781.7
1748276405736.0,8777.8,8781.8
1748276406336.0,8777.7,8781.7
1748276410870.0,8777.6,8781.6
1748276411868.0,8777.7,8781.7
1748276413178.0,8777.6,8781.6
1748276413403.0,8777.7,8781.7
1748276418360.0,8777.6,8781.6
1748276428524.0,8777.5,8781.5
1748276438680.0,8777.6,8781.6
1748276439403.0,8777.8,8781.8
1748276441504.0,8777.7,8781.7
1748276441902.0,8777.8,8781.8
1748276444139.0,8777.7,8781.7
1748276446682.0,8777.8,8781.8
1748276459958.0,8777.7,8781.7
1748276462970.0,8777.6,8781.6
1748276472049.0,8776.9,8780.9
1748276472095.0,8776.8,8780.8
1748276472631.0,8776.7,8780.7
1748276480280.0,8776.8,8780.8
1748276480503.0,8776.7,8780.7
1748276492003.0,8776.5,8780.5
1748276492228.0,8776.6,8780.6
1748276494452.0,8776.5,8780.5
1748276499187.0,8776.4,8780.4
1748276499759.0,8776.5,8780.5
1748276502701.0,8776.4,8780.4
1748276504560.0,8776.5,8780.5
1748276504954.0,8776.4,8780.4
1748276505351.0,8776.5,8780.5
1748276519621.0,8776.4,8780.4
1748276520021.0,8776.5,8780.5
1748276520284.0,8776.4,8780.4
1748276523487.0,8776.5,8780.5
1748276540605.0,8776.4,8780.4
1748276552839.0,8776.3,8780.3
1748276556370.0,8775.5,8779.5
1748276558192.0,8776.3,8780.3
1748276559104.0,8776.2,8780.2
1748276560502.0,8776.3,8780.3
1748276563598.0,8775.9,8779.9
1748276565271.0,8776.3,8780.3
1748276566821.0,8775.6,8779.6
1748276567046.0,8775.9,8779.9
1748276568697.0,8775.6,8779.6
1748276569454.0,8775.5,8779.5
1748276569853.0,8775.6,8779.6
1748276572118.0,8775.8,8779.8
1748276572286.0,8775.9,8779.9
1748276572791.0,8775.5,8779.5
1748276575422.0,8775.8,8779.8
1748276575647.0,8775.5,8779.5
1748276588881.0,8775.6,8779.6
1748276589462.0,8775.9,8779.9
1748276589686.0,8775.7,8779.7
1748276628654.0,8775.8,8779.8
1748276638341.0,8775.7,8779.7
1748276639553.0,8775.6,8779.6
1748276653535.0,8775.7,8779.7
1748276654992.0,8775.6,8779.6
1748276657156.0,8776.0,8780.0
1748276659308.0,8775.6,8779.6
1748276659675.0,8775.7,8779.7
1748276660097.0,8776.0,8780.0
1748276660319.0,8776.4,8780.4
1748276669993.0,8776.3,8780.3
1748276697256.0,8776.2,8780.2
1748276711154.0,8776.3,8780.3
1748276725987.0,8775.4,8779.4
1748276726402.0,8775.5,8779.5
1748276729069.0,8775.4,8779.4
1748276729705.0,8775.5,8779.5
1748276731382.0,8775.4,8779.4
1748276733565.0,8775.3,8779.3
1748276741654.0,8775.4,8779.4
1748276742756.0,8775.3,8779.3
1748276742990.0,8775.4,8779.4
1748276745869.0,8775.3,8779.3
1748276753909.0,8775.4,8779.4
1748276754131.0,8775.3,8779.3
1748276755457.0,8775.4,8779.4
1748276759221.0,8775.3,8779.3
1748276760584.0,8775.4,8779.4
1748276763019.0,8775.3,8779.3
1748276777434.0,8775.4,8779.4
1748276778687.0,8775.3,8779.3
1748276779086.0,8775.4,8779.4
1748276781383.0,8775.3,8779.3
1748276783714.0,8775.4,8779.4
1748276784580.0,8775.5,8779.5
1748276789091.0,8775.4,8779.4
1748276800652.0,8775.3,8779.3
1748276818708.0,8775.4,8779.4
1748276819408.0,8775.3,8779.3
1748276819633.0,8775.4,8779.4
1748276820394.0,8775.3,8779.3
1748276821031.0,8775.4,8779.4
1748276854885.0,8775.3,8779.3
1748276856579.0,8775.4,8779.4
1748276860381.0,8775.3,8779.3
1748276912245.0,8775.4,8779.4
1748276918370.0,8775.3,8779.3
1748276925455.0,8775.4,8779.4
1748276937868.0,8775.3,8779.3
1748276939079.0,8775.2,8779.2
1748276940511.0,8775.3,8779.3
1748276942428.0,8775.2,8779.2
1748276943585.0,8775.3,8779.3
1748276944329.0,8775.2,8779.2
1748276944599.0,8775.3,8779.3
1748276946188.0,8775.2,8779.2
1748276951157.0,8775.3,8779.3
1748276961636.0,8775.4,8779.4
1748276966452.0,8775.3,8779.3
1748276972292.0,8775.2,8779.2
1748276972692.0,8775.3,8779.3
1748276974813.0,8775.2,8779.2
1748276975473.0,8775.3,8779.3
1748276995283.0,8775.4,8779.4
1748276996950.0,8775.5,8779.5
1748276997054.0,8776.2,8780.2
1748276998119.0,8775.4,8779.4
1748277000453.0,8775.5,8779.5
1748277000676.0,8775.4,8779.4
1748277001680.0,8775.3,8779.3
1748277005102.0,8775.4,8779.4
1748277005757.0,8775.3,8779.3
1748277007140.0,8775.2,8779.2
1748277008174.0,8775.3,8779.3
1748277008432.0,8775.2,8779.2
1748277009612.0,8775.3,8779.3
1748277010486.0,8775.2,8779.2
1748277011703.0,8775.1,8779.1
1748277011926.0,8775.2,8779.2
1748277012636.0,8775.1,8779.1
1748277013149.0,8775.2,8779.2
1748277015358.0,8775.3,8779.3
1748277016142.0,8775.4,8779.4
1748277018136.0,8775.3,8779.3
1748277018361.0,8775.4,8779.4
1748277018999.0,8775.3,8779.3
1748277019760.0,8775.4,8779.4
1748277021234.0,8775.3,8779.3
1748277026971.0,8775.2,8779.2
1748277029774.0,8775.3,8779.3
1748277030162.0,8775.2,8779.2
1748277030385.0,8775.3,8779.3
1748277040097.0,8775.2,8779.2
1748277060749.0,8775.3,8779.3
1748277060974.0,8775.2,8779.2
1748277086600.0,8775.1,8779.1
1748277095666.0,8775.2,8779.2
1748277112234.0,8775.1,8779.1
1748277114903.0,8775.0,8779.0
1748277118051.0,8775.1,8779.1
1748277127233.0,8775.0,8779.0
1748277140181.0,8775.1,8779.1
1748277240317.0,8775.0,8779.0
1748277240684.0,8775.1,8779.1
1748277241083.0,8775.0,8779.0
1748277241657.0,8775.1,8779.1
1748277244489.0,8775.0,8779.0
1748277253077.0,8775.1,8779.1
1748277253708.0,8775.0,8779.0
1748277256956.0,8775.1,8779.1
1748277311972.0,8775.2,8779.2
1748277315408.0,8775.9,8779.9
1748277316383.0,8776.0,8780.0
1748277318123.0,8775.9,8779.9
1748277336551.0,8776.0,8780.0
1748277353978.0,8776.1,8780.1
1748277356603.0,8776.0,8780.0
1748277376753.0,8775.9,8779.9
1748277378082.0,8776.0,8780.0
1748277378933.0,8775.9,8779.9
1748277433646.0,8776.0,8780.0
1748277450913.0,8776.1,8780.1
1748277456300.0,8776.2,8780.2
1748277457565.0,8776.3,8780.3
1748277458914.0,8776.4,8780.4
1748277460491.0,8776.3,8780.3
1748277475617.0,8776.4,8780.4
1748277484046.0,8776.3,8780.3
1748277484682.0,8776.4,8780.4
1748277486503.0,8776.3,8780.3
1748277498302.0,8776.4,8780.4
1748277504038.0,8776.5,8780.5
1748277511444.0,8776.4,8780.4
1748277516705.0,8776.5,8780.5
1748277539257.0,8776.6,8780.6
1748277539477.0,8776.5,8780.5
1748277557910.0,8776.4,8780.4
1748277560781.0,8776.5,8780.5
1748277561002.0,8776.4,8780.4
1748277564605.0,8776.5,8780.5
1748277564829.0,8776.4,8780.4
1748277566431.0,8776.5,8780.5
1748277569142.0,8776.4,8780.4
1748277579726.0,8776.5,8780.5
1748277579949.0,8776.4,8780.4
1748277586356.0,8776.5,8780.5
1748277591885.0,8776.4,8780.4
1748277592953.0,8776.5,8780.5
1748277602884.0,8776.4,8780.4
1748277614294.0,8776.3,8780.3
1748277623881.0,8776.4,8780.4
1748277629440.0,8776.3,8780.3
1748277632181.0,8776.4,8780.4
1748277636029.0,8776.3,8780.3
1748277637207.0,8776.2,8780.2
1748277642407.0,8776.3,8780.3
1748277652670.0,8776.2,8780.2
1748277670828.0,8776.3,8780.3
1748277674830.0,8776.2,8780.2
1748277679325.0,8776.3,8780.3
1748277691156.0,8776.2,8780.2
1748277707206.0,8776.3,8780.3
1748277711204.0,8776.2,8780.2
1748277717203.0,8776.3,8780.3
1748277720110.0,8776.2,8780.2
1748277726202.0,8776.3,8780.3
1748277742374.0,8776.2,8780.2
1748277743649.0,8776.3,8780.3
1748277768627.0,8776.4,8780.4
1748277788704.0,8776.3,8780.3
1748277792320.0,8776.4,8780.4
1748277792546.0,8776.3,8780.3
1748277794377.0,8776.2,8780.2
1748277802289.0,8776.3,8780.3
1748277802511.0,8776.2,8780.2
1748277803285.0,8776.3,8780.3
1748277804284.0,8776.2,8780.2
1748277805705.0,8776.3,8780.3
1748277806103.0,8776.2,8780.2
1748277807540.0,8776.3,8780.3
1748277814388.0,8776.2,8780.2
1748277817431.0,8776.3,8780.3
1748277819350.0,8777.0,8781.0
1748277830456.0,8777.1,8781.1
1748277830680.0,8777.0,8781.0
1748277830905.0,8777.1,8781.1
1748277847556.0,8777.2,8781.2
1748277850254.0,8777.1,8781.1
1748277858653.0,8777.0,8781.0
1748277860491.0,8777.1,8781.1
1748277862657.0,8777.0,8781.0
1748277870756.0,8777.1,8781.1
1748277886618.0,8777.2,8781.2
1748277894738.0,8777.3,8781.3
1748277895478.0,8777.2,8781.2
1748277896685.0,8777.1,8781.1
1748277899140.0,8777.2,8781.2
1748277899363.0,8777.3,8781.3
1748277900657.0,8777.4,8781.4
1748277901653.0,8777.3,8781.3
1748277901878.0,8777.4,8781.4
1748277904096.0,8777.3,8781.3
1748277906306.0,8777.2,8781.2
1748277908213.0,8777.3,8781.3
1748277911293.0,8777.4,8781.4
1748277911930.0,8777.5,8781.5
1748277912659.0,8777.7,8781.7
1748277913356.0,8777.6,8781.6
1748277913580.0,8777.7,8781.7
1748277913812.0,8777.6,8781.6
1748277914519.0,8777.7,8781.7
1748277914762.0,8777.6,8781.6
1748277915372.0,8777.7,8781.7
1748277915597.0,8777.9,8781.9
1748277915772.0,8778.6,8782.6
1748277915973.0,8778.8,8782.8
1748277916573.0,8778.9,8782.9
1748277916797.0,8778.8,8782.8
1748277917174.0,8778.7,8782.7
1748277917417.0,8777.8,8781.8
1748277917622.0,8777.9,8781.9
1748277918432.0,8778.3,8782.3
1748277918630.0,8778.4,8782.4
1748277919790.0,8778.0,8782.0
1748277920032.0,8778.3,8782.3
1748277920639.0,8778.6,8782.6
1748277921049.0,8778.7,8782.7
1748277922337.0,8778.8,8782.8
1748277922560.0,8778.7,8782.7
1748277926432.0,8778.6,8782.6
1748277927017.0,8778.5,8782.5
1748277927503.0,8778.6,8782.6
1748277928654.0,8778.5,8782.5
1748277931901.0,8778.4,8782.4
1748277933802.0,8778.5,8782.5
1748277936712.0,8778.7,8782.7
1748277938564.0,8778.0,8782.0
1748277942631.0,8777.9,8781.9
1748277943265.0,8778.0,8782.0
1748277947365.0,8777.9,8781.9
1748277947589.0,8778.0,8782.0
1748277950116.0,8778.1,8782.1
1748277950522.0,8778.0,8782.0
1748277950876.0,8778.1,8782.1
1748277951586.0,8778.0,8782.0
1748277953609.0,8778.1,8782.1
1748277954109.0,8778.0,8782.0
1748277954509.0,8778.1,8782.1
1748277955692.0,8778.0,8782.0
1748277957385.0,8777.9,8781.9
1748277960555.0,8778.1,8782.1
1748277960777.0,8778.0,8782.0
1748277961463.0,8778.8,8782.8
1748277962575.0,8778.7,8782.7
1748277962896.0,8778.8,8782.8
1748277965176.0,8778.7,8782.7
1748277965400.0,8778.8,8782.8
1748277966191.0,8778.7,8782.7
1748277977586.0,8778.6,8782.6
1748277979192.0,8778.7,8782.7
1748277985380.0,8778.6,8782.6
1748277987837.0,8777.8,8781.8
1748277988613.0,8777.9,8781.9
1748277990892.0,8778.6,8782.6
1748277991332.0,8778.5,8782.5
1748277991728.0,8778.6,8782.6
1748277992956.0,8778.5,8782.5
1748277996995.0,8778.4,8782.4
1748277999250.0,8777.7,8781.7
1748278004106.0,8777.6,8781.6
1748278004823.0,8777.7,8781.7
1748278005243.0,8777.6,8781.6
1748278005644.0,8777.7,8781.7
1748278006070.0,8777.6,8781.6
1748278007391.0,8777.7,8781.7
1748278008821.0,8777.8,8781.8
1748278009880.0,8777.9,8781.9
1748278014394.0,8777.8,8781.8
1748278020029.0,8777.9,8781.9
1748278020253.0,8777.8,8781.8
1748278022965.0,8777.9,8781.9
1748278030963.0,8777.8,8781.8
1748278031836.0,8777.9,8781.9
1748278032561.0,8777.8,8781.8
1748278033200.0,8777.9,8781.9
1748278034085.0,8777.8,8781.8
1748278034934.0,8777.9,8781.9
1748278037645.0,8777.8,8781.8
1748278044438.0,8777.9,8781.9
1748278047188.0,8777.8,8781.8
1748278048957.0,8777.9,8781.9
1748278050231.0,8777.8,8781.8
1748278078517.0,8777.7,8781.7
1748278080610.0,8777.6,8781.6
1748278085179.0,8777.7,8781.7
1748278089915.0,8777.6,8781.6
1748278090138.0,8777.7,8781.7
1748278091047.0,8777.4,8781.4
1748278091622.0,8777.5,8781.5
1748278096154.0,8777.4,8781.4
1748278104566.0,8777.5,8781.5
1748278105543.0,8777.4,8781.4
1748278127133.0,8777.5,8781.5
1748278127957.0,8777.4,8781.4
1748278128902.0,8777.5,8781.5
1748278225433.0,8777.4,8781.4
1748278227322.0,8777.5,8781.5
1748278230344.0,8777.6,8781.6
1748278232496.0,8777.5,8781.5
1748278232894.0,8777.6,8781.6
1748278238346.0,8777.5,8781.5
1748278251085.0,8777.6,8781.6
1748278271458.0,8777.5,8781.5
1748278271680.0,8777.6,8781.6
1748278301007.0,8777.5,8781.5
1748278310256.0,8777.6,8781.6
1748278315348.0,8777.7,8781.7
1748278315682.0,8777.6,8781.6
1748278324515.0,8777.5,8781.5
1748278421296.0,8777.6,8781.6
1748278430970.0,8777.5,8781.5
1748278432958.0,8777.6,8781.6
1748278443989.0,8777.5,8781.5
1748278444213.0,8777.6,8781.6
