1748267998145.0,21222.2,21223.2
1748267998198.0,21222.7,21223.7
1748267998436.0,21222.6,21223.6
1748267998487.0,21222.5,21223.5
1748267998743.0,21222.1,21223.1
1748267998956.0,21222.5,21223.5
1748267999104.0,21222.0,21223.0
1748267999493.0,21221.9,21222.9
1748268000040.0,21222.2,21223.2
1748268000171.0,21222.5,21223.5
1748268000359.0,21222.9,21223.9
1748268000511.0,21223.0,21224.0
1748268000656.0,21221.5,21222.5
1748268000858.0,21223.0,21224.0
1748268001175.0,21222.2,21223.2
1748268001226.0,21222.0,21223.0
1748268001370.0,21221.5,21222.5
1748268001597.0,21220.9,21221.9
1748268001781.0,21220.9,21221.9
1748268001906.0,21220.7,21221.7
1748268002089.0,21222.4,21223.4
1748268002187.0,21222.7,21223.7
1748268002397.0,21222.4,21223.4
1748268002547.0,21222.4,21223.4
1748268002734.0,21221.1,21222.1
1748268002891.0,21221.0,21222.0
1748268003193.0,21219.9,21220.9
1748268003293.0,21220.1,21221.1
1748268003484.0,21220.2,21221.2
1748268003680.0,21220.2,21221.2
1748268003730.0,21220.4,21221.4
1748268004122.0,21222.5,21223.5
1748268004254.0,21223.9,21224.9
1748268004398.0,21223.5,21224.5
1748268004730.0,21223.6,21224.6
1748268004942.0,21223.5,21224.5
1748268004991.0,21223.6,21224.6
1748268005204.0,21223.9,21224.9
1748268005569.0,21223.9,21224.9
1748268005684.0,21223.7,21224.7
1748268005868.0,21224.0,21225.0
1748268005993.0,21223.7,21224.7
1748268006197.0,21224.0,21225.0
1748268006447.0,21224.1,21225.1
1748268007112.0,21225.0,21226.0
1748268007239.0,21225.1,21226.1
1748268007452.0,21224.1,21225.1
1748268007742.0,21224.1,21225.1
1748268008035.0,21224.0,21225.0
1748268008202.0,21224.4,21225.4
1748268008356.0,21224.9,21225.9
1748268008456.0,21224.0,21225.0
1748268008661.0,21223.4,21224.4
1748268009019.0,21223.1,21224.1
1748268009120.0,21223.2,21224.2
1748268009343.0,21223.9,21224.9
1748268009416.0,21224.1,21225.1
1748268009558.0,21224.6,21225.6
1748268009694.0,21224.7,21225.7
1748268009955.0,21224.2,21225.2
1748268010005.0,21224.0,21225.0
1748268010248.0,21223.7,21224.7
1748268010516.0,21223.4,21224.4
1748268010875.0,21223.5,21224.5
1748268011034,,
1748268011185.0,21224.1,21225.1
1748268011236.0,21223.4,21224.4
1748268011482.0,21223.5,21224.5
1748268012166.0,21223.1,21224.1
1748268012382.0,21223.0,21224.0
1748268012727.0,21223.1,21224.1
1748268012907,,
1748268012956.0,21223.4,21224.4
1748268013008.0,21223.2,21224.2
1748268013258.0,21223.1,21224.1
1748268013942.0,21223.2,21224.2
1748268015050.0,21223.1,21224.1
1748268015229.0,21223.0,21224.0
1748268015328.0,21222.7,21223.7
1748268015848.0,21222.5,21223.5
1748268016063.0,21222.6,21223.6
1748268016364.0,21222.5,21223.5
1748268016413.0,21222.4,21223.4
1748268016982.0,21222.5,21223.5
1748268017121,,
1748268017173.0,21222.6,21223.6
1748268017264.0,21222.7,21223.7
1748268018245.0,21222.6,21223.6
1748268019037.0,21222.7,21223.7
1748268019128.0,21222.9,21223.9
1748268019443.0,21222.9,21223.9
1748268019496.0,21222.7,21223.7
1748268019662.0,21222.6,21223.6
1748268020246,,
1748268020538.0,21221.1,21222.1
1748268020584.0,21221.2,21222.2
1748268020633.0,21221.1,21222.1
1748268020878.0,21221.2,21222.2
1748268020928.0,21221.1,21222.1
1748268021158.0,21221.2,21222.2
1748268021677.0,21221.4,21222.4
1748268021849.0,21221.2,21222.2
1748268022203.0,21221.4,21222.4
1748268022347.0,21221.2,21222.2
1748268023032.0,21221.9,21222.9
1748268023185.0,21222.2,21223.2
1748268023684.0,21222.1,21223.1
1748268023869.0,21222.1,21223.1
1748268023919.0,21222.2,21223.2
1748268024109.0,21222.1,21223.1
1748268024210.0,21221.2,21222.2
1748268024616.0,21221.4,21222.4
1748268024663.0,21221.6,21222.6
1748268024712.0,21221.5,21222.5
1748268024976.0,21221.6,21222.6
1748268025121.0,21221.9,21222.9
1748268025446.0,21221.7,21222.7
1748268025492.0,21221.5,21222.5
1748268026007.0,21221.6,21222.6
1748268026221.0,21222.1,21223.1
1748268026269.0,21222.4,21223.4
1748268026851.0,21222.2,21223.2
1748268027050.0,21222.2,21223.2
1748268028994.0,21222.1,21223.1
1748268029486.0,21222.2,21223.2
1748268029534.0,21222.4,21223.4
1748268029830.0,21222.1,21223.1
1748268030059.0,21222.2,21223.2
1748268030108.0,21222.4,21223.4
1748268030625,,
1748268030674.0,21222.2,21223.2
1748268030934.0,21222.6,21223.6
1748268031040.0,21222.7,21223.7
1748268031249.0,21222.6,21223.6
1748268031295.0,21222.5,21223.5
1748268031415.0,21222.2,21223.2
1748268031776.0,21222.0,21223.0
1748268032719.0,21222.5,21223.5
1748268034341.0,21222.2,21223.2
1748268034679.0,21222.9,21223.9
1748268035115.0,21222.6,21223.6
1748268035161.0,21222.5,21223.5
1748268035616,,
1748268035664.0,21222.9,21223.9
1748268035899.0,21222.7,21223.7
1748268036000.0,21221.7,21222.7
1748268036456.0,21221.9,21222.9
1748268036515.0,21221.1,21222.1
1748268036670.0,21220.9,21221.9
1748268036865.0,21221.2,21222.2
1748268037494.0,21221.4,21222.4
1748268037542.0,21221.5,21222.5
1748268037692,,
1748268037743.0,21221.7,21222.7
1748268037893.0,21221.6,21222.6
1748268037942.0,21221.4,21222.4
1748268038556.0,21221.2,21222.2
1748268039040.0,21221.4,21222.4
1748268039087.0,21221.0,21222.0
1748268039572.0,21221.2,21222.2
1748268039955.0,21221.4,21222.4
1748268040631,,
1748268040678.0,21221.5,21222.5
1748268040728.0,21221.6,21222.6
1748268040829.0,21222.1,21223.1
1748268041031.0,21221.9,21222.9
1748268041080.0,21222.1,21223.1
1748268041428.0,21222.4,21223.4
1748268042061.0,21222.2,21223.2
1748268042549.0,21222.4,21223.4
1748268043523.0,21222.2,21223.2
1748268043828.0,21221.5,21222.5
1748268044847.0,21221.0,21222.0
1748268044946.0,21221.2,21222.2
1748268047071.0,21221.4,21222.4
1748268047118.0,21220.6,21221.6
1748268047588.0,21220.7,21221.7
1748268047636.0,21220.6,21221.6
1748268047983.0,21220.6,21221.6
1748268048146.0,21220.4,21221.4
1748268048909.0,21220.5,21221.5
1748268048959.0,21220.6,21221.6
1748268049514.0,21220.5,21221.5
1748268049566.0,21220.2,21221.2
1748268050211.0,21220.4,21221.4
1748268050253.0,21217.9,21218.9
1748268050682,,
1748268050784.0,21217.7,21218.7
1748268050882.0,21217.5,21218.5
1748268051230.0,21218.0,21219.0
1748268051568.0,21217.9,21218.9
1748268051696.0,21217.5,21218.5
1748268051976.0,21217.6,21218.6
1748268052197.0,21217.9,21218.9
1748268052248.0,21217.7,21218.7
1748268052611.0,21217.6,21218.6
1748268053009.0,21216.6,21217.6
1748268053107.0,21216.7,21217.7
1748268053294.0,21216.7,21217.7
1748268053343.0,21216.5,21217.5
1748268053911.0,21216.6,21217.6
1748268053957.0,21217.1,21218.1
1748268054238.0,21217.2,21218.2
1748268054350.0,21217.1,21218.1
1748268054584.0,21217.1,21218.1
1748268054632,,
1748268054886.0,21217.0,21218.0
1748268054936.0,21216.9,21217.9
1748268055158.0,21217.2,21218.2
1748268055520.0,21216.9,21217.9
1748268055599.0,21215.9,21216.9
1748268055826.0,21215.9,21216.9
1748268055954.0,21216.0,21217.0
1748268056634,,
1748268056733.0,21216.7,21217.7
1748268056834.0,21215.6,21216.6
1748268057060.0,21216.4,21217.4
1748268057343.0,21216.4,21217.4
1748268057562.0,21216.5,21217.5
1748268058034.0,21216.4,21217.4
1748268058192.0,21216.5,21217.5
1748268058477,,
1748268058578,,
1748268058929.0,21216.4,21217.4
1748268059103.0,21216.4,21217.4
1748268059154.0,21216.2,21217.2
1748268059394.0,21216.1,21217.1
1748268059494.0,21216.4,21217.4
1748268059671.0,21216.2,21217.2
1748268059773.0,21216.5,21217.5
1748268060029.0,21218.6,21219.6
1748268060229.0,21217.6,21218.6
1748268060327.0,21217.1,21218.1
1748268060445.0,21217.1,21218.1
1748268060664.0,21217.6,21218.6
1748268060816.0,21217.5,21218.5
1748268060971.0,21217.1,21218.1
1748268061093.0,21216.9,21217.9
1748268061791.0,21216.2,21217.2
1748268061928.0,21216.6,21217.6
1748268062247.0,21216.1,21217.1
1748268062397.0,21215.6,21216.6
1748268062636.0,21215.9,21216.9
1748268062843,,
1748268063014,,
1748268063154.0,21216.2,21217.2
1748268063353.0,21216.0,21217.0
1748268063453.0,21217.1,21218.1
1748268063782,,
1748268063875.0,21217.9,21218.9
1748268064100.0,21217.5,21218.5
1748268064332.0,21217.6,21218.6
1748268064604.0,21217.7,21218.7
1748268064653.0,21217.6,21218.6
1748268065662.0,21217.7,21218.7
1748268066981.0,21217.6,21218.6
1748268067226.0,21217.6,21218.6
1748268067326.0,21217.5,21218.5
1748268067559.0,21217.5,21218.5
1748268069797.0,21217.4,21218.4
1748268069842.0,21217.7,21218.7
1748268070619,,
1748268070670,,
1748268071163.0,21218.5,21219.5
1748268071213.0,21219.6,21220.6
1748268071312.0,21220.4,21221.4
1748268071613.0,21221.0,21222.0
1748268071756.0,21220.0,21221.0
1748268071909,,
1748268072249.0,21220.7,21221.7
1748268072488.0,21220.6,21221.6
1748268072616.0,21220.6,21221.6
1748268072766.0,21220.0,21221.0
1748268072930.0,21220.2,21221.2
1748268073288.0,21220.1,21221.1
1748268073334.0,21219.9,21220.9
1748268073436.0,21220.2,21221.2
1748268073654.0,21220.4,21221.4
1748268073704.0,21220.5,21221.5
1748268074503.0,21220.9,21221.9
1748268074618,,
1748268075595.0,21220.9,21221.9
1748268075770.0,21221.0,21222.0
1748268075817.0,21220.7,21221.7
1748268076658.0,21220.9,21221.9
1748268077077.0,21220.6,21221.6
1748268077128.0,21220.5,21221.5
1748268077441.0,21221.0,21222.0
1748268077738.0,21220.7,21221.7
1748268077890.0,21221.0,21222.0
1748268078152.0,21221.1,21222.1
1748268078201.0,21221.2,21222.2
1748268078480.0,21221.0,21222.0
1748268078716,,
1748268078907.0,21221.0,21222.0
1748268079297.0,21221.2,21222.2
1748268079400.0,21221.0,21222.0
1748268079554.0,21220.9,21221.9
1748268079604.0,21220.7,21221.7
1748268079742.0,21220.9,21221.9
1748268080072.0,21221.4,21222.4
1748268081645,,
1748268081692.0,21221.5,21222.5
1748268083555,,
1748268083607.0,21221.4,21222.4
1748268084360.0,21221.1,21222.1
1748268086208.0,21221.0,21222.0
1748268086348.0,21218.7,21219.7
1748268086723.0,21218.5,21219.5
1748268086991.0,21218.2,21219.2
1748268087449.0,21218.1,21219.1
1748268087492.0,21218.2,21219.2
1748268087781.0,21218.1,21219.1
1748268087831.0,21218.7,21219.7
1748268087989.0,21218.5,21219.5
1748268088599.0,21218.6,21219.6
1748268088646.0,21218.7,21219.7
1748268088839.0,21218.6,21219.6
1748268088890.0,21218.2,21219.2
1748268089198.0,21218.1,21219.1
1748268089380.0,21218.5,21219.5
1748268089848.0,21218.4,21219.4
1748268090187.0,21218.7,21219.7
1748268090840.0,21218.6,21219.6
1748268090889.0,21218.4,21219.4
1748268090938.0,21218.5,21219.5
1748268091193.0,21218.4,21219.4
1748268091242.0,21218.5,21219.5
1748268091425.0,21218.4,21219.4
1748268091650.0,21218.5,21219.5
1748268092112.0,21217.5,21218.5
1748268092137.0,21217.7,21218.7
1748268092571.0,21217.5,21218.5
1748268092706.0,21217.7,21218.7
1748268093792.0,21217.6,21218.6
1748268093891.0,21217.7,21218.7
1748268094269.0,21217.6,21218.6
1748268094933,,
1748268094983.0,21217.5,21218.5
1748268095193.0,21217.6,21218.6
1748268095884.0,21218.7,21219.7
1748268096216.0,21217.9,21218.9
1748268096413.0,21217.6,21218.6
1748268096656.0,21217.7,21218.7
1748268096756.0,21217.9,21218.9
1748268096959.0,21218.2,21219.2
1748268097155.0,21218.1,21219.1
1748268097204.0,21218.2,21219.2
1748268097904.0,21218.4,21219.4
1748268098362.0,21218.1,21219.1
1748268098651.0,21218.2,21219.2
1748268099440.0,21218.4,21219.4
1748268099704.0,21218.5,21219.5
1748268099755.0,21218.4,21219.4
1748268100013.0,21218.5,21219.5
1748268100823.0,21218.4,21219.4
1748268101231.0,21218.2,21219.2
1748268101281.0,21218.4,21219.4
1748268102087.0,21218.5,21219.5
1748268102148.0,21219.4,21220.4
1748268102383,,
1748268102434.0,21219.1,21220.1
1748268103016.0,21219.0,21220.0
1748268103064.0,21219.5,21220.5
1748268103196.0,21219.1,21220.1
1748268104356.0,21219.0,21220.0
1748268104404.0,21219.2,21220.2
1748268105242.0,21219.1,21220.1
1748268105290.0,21219.0,21220.0
1748268105858.0,21218.9,21219.9
1748268106091.0,21219.0,21220.0
1748268106142.0,21219.1,21220.1
1748268106796.0,21219.2,21220.2
1748268107095,,
1748268107146.0,21219.1,21220.1
1748268107530.0,21219.6,21220.6
1748268108651.0,21219.7,21220.7
1748268108699.0,21220.2,21221.2
1748268108945.0,21220.1,21221.1
1748268109204.0,21220.6,21221.6
1748268109382.0,21220.6,21221.6
1748268109593.0,21220.4,21221.4
1748268110412.0,21220.1,21221.1
1748268110728.0,21220.5,21221.5
1748268111738.0,21220.6,21221.6
1748268112186.0,21220.6,21221.6
1748268112551.0,21220.7,21221.7
1748268112600.0,21221.5,21222.5
1748268113418.0,21221.4,21222.4
1748268113706.0,21221.6,21222.6
1748268114248.0,21221.4,21222.4
1748268114692.0,21221.2,21222.2
1748268114743.0,21221.1,21222.1
1748268114825,,
1748268114978.0,21221.7,21222.7
1748268115205.0,21221.2,21222.2
1748268115410.0,21221.4,21222.4
1748268115462.0,21221.2,21222.2
1748268116148.0,21221.1,21222.1
1748268116400.0,21221.1,21222.1
1748268116440.0,21221.2,21222.2
1748268116797.0,21220.7,21221.7
1748268117240.0,21220.9,21221.9
1748268117388.0,21220.7,21221.7
1748268117547.0,21221.2,21222.2
1748268120769.0,21222.4,21223.4
1748268120869.0,21222.6,21223.6
1748268120920.0,21222.5,21223.5
1748268121338.0,21222.6,21223.6
1748268122012.0,21222.5,21223.5
1748268122187,,
1748268122239.0,21222.2,21223.2
1748268122810.0,21222.1,21223.1
1748268122860.0,21221.9,21222.9
1748268122910.0,21222.2,21223.2
1748268123065.0,21222.7,21223.7
1748268124191.0,21222.6,21223.6
1748268124238.0,21222.5,21223.5
1748268124445.0,21222.6,21223.6
1748268124494.0,21222.7,21223.7
1748268124750.0,21222.7,21223.7
1748268125232.0,21222.6,21223.6
1748268125279.0,21222.7,21223.7
1748268125737.0,21222.9,21223.9
1748268125786.0,21222.7,21223.7
1748268126049.0,21222.7,21223.7
1748268126510.0,21222.6,21223.6
1748268126560.0,21222.7,21223.7
1748268126716.0,21222.6,21223.6
1748268126854.0,21222.7,21223.7
1748268127554.0,21222.9,21223.9
1748268127706.0,21222.7,21223.7
1748268127810.0,21222.9,21223.9
1748268127908.0,21222.7,21223.7
1748268128057.0,21222.7,21223.7
1748268128444.0,21222.9,21223.9
1748268128890.0,21222.7,21223.7
1748268129950.0,21222.9,21223.9
1748268129999.0,21223.0,21224.0
1748268130509.0,21222.9,21223.9
1748268130558.0,21222.7,21223.7
1748268130608.0,21222.5,21223.5
1748268130899.0,21222.6,21223.6
1748268130949.0,21222.9,21223.9
1748268131316.0,21222.2,21223.2
1748268131572.0,21222.0,21223.0
1748268132104.0,21221.7,21222.7
1748268132193.0,21221.6,21222.6
1748268132944.0,21221.7,21222.7
1748268133053.0,21221.6,21222.6
1748268133329.0,21221.6,21222.6
1748268133701.0,21221.2,21222.2
1748268134397.0,21221.1,21222.1
1748268134446.0,21221.4,21222.4
1748268134678.0,21221.5,21222.5
1748268135060.0,21220.7,21221.7
1748268135174.0,21220.9,21221.9
1748268135655.0,21221.0,21222.0
1748268135703.0,21221.1,21222.1
1748268135938.0,21221.0,21222.0
1748268135984.0,21220.9,21221.9
1748268136384.0,21221.1,21222.1
1748268138043.0,21221.0,21222.0
1748268138883.0,21221.1,21222.1
1748268139018.0,21221.0,21222.0
1748268139627.0,21220.9,21221.9
1748268139674.0,21220.7,21221.7
1748268140047.0,21220.9,21221.9
1748268141451.0,21220.7,21221.7
1748268142024.0,21220.7,21221.7
1748268143213.0,21220.6,21221.6
1748268144505.0,21220.7,21221.7
1748268144616.0,21220.5,21221.5
1748268145710,,
1748268145911.0,21220.2,21221.2
1748268147182,,
1748268147234.0,21220.4,21221.4
1748268147470.0,21220.2,21221.2
1748268147519.0,21220.1,21221.1
1748268148104.0,21220.2,21221.2
1748268148148.0,21220.1,21221.1
1748268150367,,
1748268150460.0,21219.6,21220.6
1748268151106.0,21219.5,21220.5
1748268151446.0,21219.6,21220.6
1748268151500.0,21220.4,21221.4
1748268151711.0,21220.7,21221.7
1748268151761.0,21220.5,21221.5
1748268153892.0,21220.4,21221.4
1748268154087.0,21220.6,21221.6
1748268154151.0,21219.7,21220.7
1748268155123.0,21219.6,21220.6
1748268155170.0,21219.5,21220.5
1748268155419,,
1748268155467.0,21219.2,21220.2
1748268155575.0,21219.5,21220.5
1748268157051.0,21219.6,21220.6
1748268157096.0,21219.7,21220.7
1748268157315.0,21219.4,21220.4
1748268157364.0,21219.6,21220.6
1748268157414.0,21219.7,21220.7
1748268158461.0,21219.9,21220.9
1748268158508.0,21220.0,21221.0
1748268159197.0,21219.9,21220.9
1748268160026.0,21219.7,21220.7
1748268160445.0,21220.0,21221.0
1748268162205.0,21219.7,21220.7
1748268162408.0,21219.6,21220.6
1748268162846.0,21219.5,21220.5
1748268163994.0,21219.6,21220.6
1748268164042.0,21219.9,21220.9
1748268164176.0,21220.5,21221.5
1748268164283.0,21220.6,21221.6
1748268164334.0,21219.7,21220.7
1748268165467,,
1748268165517.0,21219.2,21220.2
1748268165619.0,21219.5,21220.5
1748268166069.0,21219.6,21220.6
1748268166194.0,21219.6,21220.6
1748268166245.0,21219.5,21220.5
1748268166494.0,21219.7,21220.7
1748268166719.0,21219.5,21220.5
1748268166847.0,21219.7,21220.7
1748268167941.0,21219.6,21220.6
1748268167990.0,21219.7,21220.7
1748268168503,,
1748268168553.0,21219.4,21220.4
1748268169336.0,21219.2,21220.2
1748268169395.0,21220.2,21221.2
1748268169787.0,21219.9,21220.9
1748268170262,,
1748268170413.0,21217.7,21218.7
1748268170718.0,21217.2,21218.2
1748268170907.0,21217.4,21218.4
1748268170957.0,21217.7,21218.7
1748268171177.0,21218.1,21219.1
1748268171226.0,21218.7,21219.7
1748268171470.0,21219.2,21220.2
1748268171661.0,21219.2,21220.2
1748268172790.0,21219.1,21220.1
1748268172836.0,21218.7,21219.7
1748268172901.0,21218.9,21219.9
1748268172950.0,21219.0,21220.0
1748268173149.0,21219.1,21220.1
1748268173199.0,21219.5,21220.5
1748268173721.0,21219.4,21220.4
1748268173772.0,21219.2,21220.2
1748268175169.0,21219.1,21220.1
1748268175215.0,21218.9,21219.9
1748268176010.0,21219.0,21220.0
1748268176056.0,21219.1,21220.1
1748268177504.0,21219.4,21220.4
1748268178866.0,21219.5,21220.5
1748268178915.0,21219.2,21220.2
1748268180408,,
1748268180565.0,21219.4,21220.4
1748268180789.0,21219.5,21220.5
1748268180838.0,21219.4,21220.4
1748268180978.0,21219.5,21220.5
1748268181929.0,21219.6,21220.6
1748268181977.0,21219.5,21220.5
1748268183500.0,21219.6,21220.6
1748268183597.0,21219.5,21220.5
1748268183785.0,21219.6,21220.6
1748268186236.0,21219.7,21220.7
1748268186696.0,21219.6,21220.6
1748268186742.0,21219.5,21220.5
1748268187232.0,21219.4,21220.4
1748268188408,,
1748268188460.0,21219.5,21220.5
1748268188840.0,21219.4,21220.4
1748268188889.0,21219.5,21220.5
1748268189293.0,21219.4,21220.4
1748268189646.0,21219.2,21220.2
1748268189932.0,21219.7,21220.7
1748268189980.0,21219.2,21220.2
1748268190183.0,21219.0,21220.0
1748268190573.0,21219.1,21220.1
1748268190855.0,21215.9,21216.9
1748268190904.0,21216.0,21217.0
1748268191051.0,21216.7,21217.7
1748268191447.0,21216.6,21217.6
1748268191497.0,21217.2,21218.2
1748268191974.0,21217.2,21218.2
1748268192072.0,21216.9,21217.9
1748268192503,,
1748268192554.0,21216.1,21217.1
1748268192769.0,21215.9,21216.9
1748268193257.0,21215.6,21216.6
1748268193389.0,21215.7,21216.7
1748268194035,,
1748268194771.0,21215.7,21216.7
1748268195052,,
1748268195153.0,21217.5,21218.5
1748268195494.0,21217.6,21218.6
1748268195821.0,21217.5,21218.5
1748268196061.0,21218.7,21219.7
1748268196111.0,21218.4,21219.4
1748268196374.0,21218.6,21219.6
1748268196511.0,21218.5,21219.5
1748268196693.0,21218.5,21219.5
1748268196793.0,21218.9,21219.9
1748268196994.0,21219.4,21220.4
1748268197711,,
1748268197931.0,21219.2,21220.2
1748268198118.0,21219.0,21220.0
1748268198262.0,21218.6,21219.6
1748268198425.0,21218.4,21219.4
1748268198473.0,21218.6,21219.6
1748268198967.0,21218.5,21219.5
1748268199014.0,21218.4,21219.4
1748268199206.0,21218.6,21219.6
1748268199446.0,21218.5,21219.5
1748268199695.0,21218.4,21219.4
1748268199743.0,21218.1,21219.1
1748268199908.0,21218.2,21219.2
1748268199957.0,21218.6,21219.6
1748268200221.0,21218.2,21219.2
1748268200281.0,21218.4,21219.4
1748268200493.0,21218.6,21219.6
1748268200669.0,21218.5,21219.5
1748268200716.0,21218.4,21219.4
1748268200956.0,21218.6,21219.6
1748268201982.0,21218.5,21219.5
1748268202029.0,21218.4,21219.4
1748268202446.0,21218.5,21219.5
1748268202494.0,21218.6,21219.6
1748268203635.0,21218.5,21219.5
1748268203682.0,21218.4,21219.4
1748268203946.0,21217.5,21218.5
1748268204008.0,21217.6,21218.6
1748268204273.0,21217.7,21218.7
1748268204322.0,21218.1,21219.1
1748268204758.0,21217.7,21218.7
1748268204943.0,21217.9,21218.9
1748268204994.0,21218.1,21219.1
1748268205095.0,21218.0,21219.0
1748268205409.0,21218.1,21219.1
1748268205540.0,21218.0,21219.0
1748268205591.0,21217.7,21218.7
1748268205706.0,21217.7,21218.7
1748268205946.0,21217.9,21218.9
1748268206640.0,21218.0,21219.0
1748268206922,,
1748268206971.0,21218.1,21219.1
1748268207433.0,21218.4,21219.4
1748268208709.0,21218.5,21219.5
1748268208966.0,21218.4,21219.4
1748268209386.0,21217.5,21218.5
1748268209437.0,21217.7,21218.7
1748268210097.0,21217.9,21218.9
1748268210146.0,21218.0,21219.0
1748268213269.0,21218.1,21219.1
1748268213408.0,21218.2,21219.2
1748268213466.0,21217.9,21218.9
1748268214033.0,21218.0,21219.0
1748268214074.0,21218.1,21219.1
1748268214347.0,21218.0,21219.0
1748268214398.0,21217.9,21218.9
1748268214791.0,21218.1,21219.1
1748268214957.0,21217.9,21218.9
1748268215249.0,21218.0,21219.0
1748268215531.0,21218.1,21219.1
1748268215898.0,21218.0,21219.0
1748268216494.0,21217.9,21218.9
1748268216998.0,21218.0,21219.0
1748268217112.0,21217.7,21218.7
1748268217213.0,21217.4,21218.4
1748268217564.0,21217.6,21218.6
1748268217743.0,21217.9,21218.9
1748268218266.0,21217.7,21218.7
1748268218314.0,21217.6,21218.6
1748268218784.0,21217.7,21218.7
1748268218832.0,21217.9,21218.9
1748268219468.0,21217.4,21218.4
1748268219794.0,21217.4,21218.4
1748268220301.0,21217.4,21218.4
1748268220430.0,21217.4,21218.4
1748268220893.0,21217.5,21218.5
1748268221391,,
1748268221442.0,21216.1,21217.1
1748268221701.0,21215.7,21216.7
1748268221865.0,21214.9,21215.9
1748268221926.0,21215.0,21216.0
1748268222107.0,21215.5,21216.5
1748268222305.0,21215.4,21216.4
1748268222481.0,21215.0,21216.0
1748268222656.0,21215.0,21216.0
1748268222982.0,21215.1,21216.1
1748268223140.0,21215.4,21216.4
1748268223191.0,21215.0,21216.0
1748268223430.0,21215.0,21216.0
1748268223712.0,21215.0,21216.0
1748268224004.0,21215.1,21216.1
1748268224105.0,21215.0,21216.0
1748268224670.0,21214.7,21215.7
1748268224835.0,21214.7,21215.7
1748268225492.0,21214.6,21215.6
1748268225539,,
1748268225661.0,21214.7,21215.7
1748268225993.0,21214.9,21215.9
1748268226040.0,21214.7,21215.7
1748268226205.0,21215.1,21216.1
1748268226411.0,21215.2,21216.2
1748268226454.0,21214.7,21215.7
1748268226770.0,21212.5,21213.5
1748268226864.0,21212.7,21213.7
1748268227012.0,21212.1,21213.1
1748268227183.0,21212.1,21213.1
1748268227402,,
1748268227504.0,21211.7,21212.7
1748268227694.0,21213.0,21214.0
1748268227792.0,21213.1,21214.1
1748268227999.0,21211.6,21212.6
1748268228146.0,21212.4,21213.4
1748268228298.0,21212.5,21213.5
1748268228397.0,21212.4,21213.4
1748268228541.0,21212.6,21213.6
1748268228754.0,21212.4,21213.4
1748268228920.0,21212.1,21213.1
1748268229088.0,21212.2,21213.2
1748268229170.0,21212.5,21213.5
1748268229347.0,21212.1,21213.1
1748268229527.0,21212.1,21213.1
1748268229654.0,21212.0,21213.0
1748268229855.0,21212.4,21213.4
1748268230006.0,21212.2,21213.2
1748268230111.0,21212.1,21213.1
1748268230246.0,21212.4,21213.4
1748268230500.0,21213.1,21214.1
1748268230572.0,21213.0,21214.0
1748268230670,,
1748268230945.0,21213.0,21214.0
1748268230996.0,21213.2,21214.2
1748268231463.0,21213.2,21214.2
1748268231512.0,21212.9,21213.9
1748268231894,,
1748268232167,,
1748268232233.0,21213.4,21214.4
1748268232319.0,21213.5,21214.5
1748268232998.0,21214.0,21215.0
1748268233192.0,21214.0,21215.0
1748268233242.0,21214.2,21215.2
1748268233445.0,21214.1,21215.1
1748268233659.0,21214.0,21215.0
1748268233906.0,21214.1,21215.1
1748268233957.0,21214.5,21215.5
1748268234195.0,21214.4,21215.4
1748268234295.0,21214.1,21215.1
1748268234456.0,21213.9,21214.9
1748268234541.0,21213.7,21214.7
1748268234741.0,21213.7,21214.7
1748268234913.0,21214.1,21215.1
1748268235194.0,21214.2,21215.2
1748268235242.0,21214.1,21215.1
1748268236456,,
1748268236505.0,21214.7,21215.7
1748268236722.0,21214.5,21215.5
1748268237136.0,21214.4,21215.4
1748268237183.0,21214.1,21215.1
1748268237394.0,21214.2,21215.2
1748268237453.0,21214.5,21215.5
1748268237663.0,21214.5,21215.5
1748268238196.0,21214.4,21215.4
1748268238257.0,21214.2,21215.2
1748268238445.0,21214.4,21215.4
1748268238494.0,21214.2,21215.2
1748268239205.0,21214.4,21215.4
1748268239249.0,21214.5,21215.5
1748268239474.0,21214.6,21215.6
1748268239524.0,21214.7,21215.7
1748268239819.0,21214.6,21215.6
1748268239869.0,21214.5,21215.5
1748268240135.0,21214.6,21215.6
1748268240332.0,21213.0,21214.0
1748268240560.0,21213.1,21214.1
1748268240855.0,21212.7,21213.7
1748268240905.0,21213.0,21214.0
1748268240955.0,21212.9,21213.9
1748268241261.0,21213.1,21214.1
1748268241462.0,21213.0,21214.0
1748268241513.0,21212.2,21213.2
1748268241909.0,21212.4,21213.4
1748268241957.0,21212.5,21213.5
1748268242163.0,21212.5,21213.5
1748268242284.0,21212.6,21213.6
1748268242333.0,21212.5,21213.5
1748268242639.0,21212.6,21213.6
1748268242688.0,21212.2,21213.2
1748268242825.0,21212.4,21213.4
1748268242925.0,21212.5,21213.5
1748268243121.0,21212.6,21213.6
1748268243223.0,21212.7,21213.7
1748268243324.0,21212.6,21213.6
1748268244197.0,21212.7,21213.7
1748268244568.0,21212.9,21213.9
1748268244618.0,21212.7,21213.7
1748268245884.0,21212.6,21213.6
1748268245931.0,21212.7,21213.7
1748268246269.0,21212.9,21213.9
1748268246320.0,21213.0,21214.0
1748268246532,,
1748268246581,,
1748268246630.0,21212.5,21213.5
1748268246925,,
1748268246975.0,21212.4,21213.4
1748268247240.0,21212.5,21213.5
1748268247784,,
1748268247832.0,21212.9,21213.9
1748268248130.0,21212.7,21213.7
1748268248437.0,21212.9,21213.9
1748268248611.0,21212.1,21213.1
1748268248872.0,21212.2,21213.2
1748268248971.0,21212.1,21213.1
1748268249113.0,21212.2,21213.2
1748268249220.0,21212.1,21213.1
1748268249658.0,21212.0,21213.0
1748268249921.0,21212.2,21213.2
1748268249969.0,21212.1,21213.1
1748268250186.0,21212.5,21213.5
1748268250598.0,21212.6,21213.6
1748268250643.0,21212.7,21213.7
1748268250884.0,21212.6,21213.6
1748268250937.0,21212.5,21213.5
1748268251132.0,21212.6,21213.6
1748268251228.0,21212.5,21213.5
1748268251288.0,21212.6,21213.6
1748268251533.0,21211.7,21212.7
1748268251753.0,21211.9,21212.9
1748268251877.0,21212.0,21213.0
1748268252316.0,21211.9,21212.9
1748268252363.0,21211.7,21212.7
1748268252565.0,21211.6,21212.6
1748268252616.0,21211.5,21212.5
1748268252859,,
1748268252907.0,21211.7,21212.7
1748268253119.0,21211.6,21212.6
1748268253283.0,21211.5,21212.5
1748268253733,,
1748268253955.0,21211.2,21212.2
1748268254274.0,21213.0,21214.0
1748268254332,,
1748268254582.0,21212.6,21213.6
1748268254892.0,21212.7,21213.7
1748268254985.0,21214.0,21215.0
1748268255194.0,21213.6,21214.6
1748268255327.0,21213.5,21214.5
1748268255376.0,21213.7,21214.7
1748268255909.0,21213.6,21214.6
1748268255956.0,21214.5,21215.5
1748268256230.0,21214.4,21215.4
1748268256457.0,21214.2,21215.2
1748268256746.0,21214.4,21215.4
1748268256871.0,21214.5,21215.5
1748268256921.0,21214.2,21215.2
1748268257079.0,21214.5,21215.5
1748268257248,,
1748268257400.0,21215.1,21216.1
1748268257449.0,21214.7,21215.7
1748268257655.0,21214.5,21215.5
1748268257756.0,21214.2,21215.2
1748268258054.0,21214.5,21215.5
1748268258101.0,21214.4,21215.4
1748268258226,,
1748268258422.0,21214.5,21215.5
1748268258863.0,21214.4,21215.4
1748268258971.0,21214.5,21215.5
1748268259150.0,21214.7,21215.7
1748268259222.0,21215.1,21216.1
1748268259481.0,21215.5,21216.5
1748268259761.0,21215.6,21216.6
1748268259860.0,21215.6,21216.6
1748268260206.0,21214.7,21215.7
1748268260406.0,21214.4,21215.4
1748268260456.0,21214.1,21215.1
1748268260704.0,21214.5,21215.5
1748268261091.0,21214.6,21215.6
1748268261195.0,21215.0,21216.0
1748268261496.0,21215.2,21216.2
1748268261657.0,21215.0,21216.0
1748268262314.0,21214.9,21215.9
1748268262413.0,21215.5,21216.5
1748268262621,,
1748268262768.0,21215.4,21216.4
1748268262937.0,21215.7,21216.7
1748268263084.0,21215.4,21216.4
1748268263183.0,21215.5,21216.5
1748268263406.0,21215.4,21216.4
1748268263507.0,21215.1,21216.1
1748268263706.0,21215.1,21216.1
1748268263924.0,21215.2,21216.2
1748268263975.0,21215.5,21216.5
1748268264325.0,21215.6,21216.6
1748268264481.0,21215.9,21216.9
1748268264731.0,21215.7,21216.7
1748268264834.0,21215.7,21216.7
1748268264942.0,21215.7,21216.7
1748268265135,,
1748268265283.0,21216.1,21217.1
1748268265433.0,21215.2,21216.2
1748268265486.0,21215.4,21216.4
1748268265766.0,21215.2,21216.2
1748268265906.0,21215.5,21216.5
1748268266094.0,21215.6,21216.6
1748268266194.0,21215.6,21216.6
1748268266405.0,21215.5,21216.5
1748268266505.0,21215.5,21216.5
1748268266705.0,21215.7,21216.7
1748268267375.0,21215.6,21216.6
1748268267511,,
1748268267869.0,21215.7,21216.7
1748268268137.0,21215.7,21216.7
1748268268301,,
1748268268406.0,21215.9,21216.9
1748268268866.0,21215.7,21216.7
1748268268915.0,21215.5,21216.5
1748268269523.0,21215.6,21216.6
1748268269866,,
1748268269919.0,21216.1,21217.1
1748268270467.0,21216.0,21217.0
1748268270563.0,21215.7,21216.7
1748268270656.0,21215.9,21216.9
1748268270705.0,21216.0,21217.0
1748268271057.0,21215.7,21216.7
1748268271117.0,21215.5,21216.5
1748268271195.0,21215.4,21216.4
1748268271693.0,21215.5,21216.5
1748268272917.0,21215.4,21216.4
1748268273160.0,21215.2,21216.2
1748268273406.0,21215.4,21216.4
1748268273458.0,21215.2,21216.2
1748268273646.0,21215.4,21216.4
1748268274480.0,21215.2,21216.2
1748268274530.0,21215.4,21216.4
1748268274909.0,21215.2,21216.2
1748268274957.0,21214.0,21215.0
1748268275795.0,21214.1,21215.1
1748268275842.0,21214.5,21215.5
1748268275993.0,21214.7,21215.7
1748268276154.0,21214.6,21215.6
1748268276203.0,21214.5,21215.5
1748268276445.0,21214.6,21215.6
1748268276654.0,21214.6,21215.6
1748268276704.0,21214.2,21215.2
1748268276991.0,21214.5,21215.5
1748268277157.0,21214.6,21215.6
1748268277299.0,21215.1,21216.1
1748268277359.0,21215.4,21216.4
1748268278023.0,21214.9,21215.9
1748268278071.0,21215.2,21216.2
1748268278316.0,21215.1,21216.1
1748268278622.0,21214.9,21215.9
1748268279213.0,21215.0,21216.0
1748268279710.0,21215.2,21216.2
1748268280542.0,21215.1,21216.1
1748268280584.0,21215.0,21216.0
1748268280864.0,21215.2,21216.2
1748268280913.0,21215.0,21216.0
1748268281134.0,21215.2,21216.2
1748268281183.0,21215.4,21216.4
1748268282267.0,21215.7,21216.7
1748268282694.0,21215.6,21216.6
1748268282918.0,21215.5,21216.5
1748268283885.0,21215.4,21216.4
1748268283933.0,21215.5,21216.5
1748268283981.0,21215.7,21216.7
1748268284194.0,21215.9,21216.9
1748268284403.0,21215.7,21216.7
1748268284771.0,21215.5,21216.5
1748268285376.0,21215.6,21216.6
1748268285421.0,21215.5,21216.5
1748268285520.0,21215.6,21216.6
1748268285570.0,21215.7,21216.7
1748268285703.0,21215.9,21216.9
1748268285873.0,21215.7,21216.7
1748268286852,,
1748268286904.0,21216.0,21217.0
1748268287546.0,21215.9,21216.9
1748268287593.0,21215.7,21216.7
1748268287888,,
1748268287941.0,21216.0,21217.0
1748268288122.0,21215.9,21216.9
1748268288173.0,21215.7,21216.7
1748268288871.0,21215.9,21216.9
1748268289278.0,21216.0,21217.0
1748268289480.0,21215.7,21216.7
1748268291003.0,21215.6,21216.6
1748268291381.0,21215.7,21216.7
1748268292391.0,21215.6,21216.6
1748268292488.0,21215.7,21216.7
1748268292751.0,21215.9,21216.9
1748268292801.0,21215.7,21216.7
1748268293735.0,21215.6,21216.6
1748268293938.0,21215.6,21216.6
1748268294021.0,21215.5,21216.5
1748268295499.0,21215.6,21216.6
1748268295545.0,21215.7,21216.7
1748268295817.0,21215.9,21216.9
1748268295867.0,21216.0,21217.0
1748268296194.0,21215.9,21216.9
1748268296242.0,21215.5,21216.5
1748268296335.0,21215.4,21216.4
1748268296659.0,21215.5,21216.5
1748268296767.0,21215.4,21216.4
1748268296816.0,21215.7,21216.7
1748268298077,,
1748268298126.0,21216.0,21217.0
1748268298917.0,21215.9,21216.9
1748268298966.0,21215.7,21216.7
1748268299314.0,21215.9,21216.9
1748268300091.0,21216.0,21217.0
1748268300189.0,21215.9,21216.9
1748268300287.0,21215.7,21216.7
1748268300548.0,21215.7,21216.7
1748268300851.0,21215.6,21216.6
1748268300948.0,21214.9,21215.9
1748268301473.0,21214.4,21215.4
1748268301747.0,21214.7,21215.7
1748268301908.0,21214.6,21215.6
1748268302354.0,21214.9,21215.9
1748268302404.0,21214.7,21215.7
1748268302669.0,21214.6,21215.6
1748268302945.0,21214.5,21215.5
1748268303047.0,21213.9,21214.9
1748268303093.0,21213.7,21214.7
1748268303511.0,21213.6,21214.6
1748268303560.0,21213.5,21214.5
1748268303658.0,21213.6,21214.6
1748268303862.0,21212.7,21213.7
1748268304009.0,21212.9,21213.9
1748268304523.0,21213.1,21214.1
1748268304599.0,21213.2,21214.2
1748268304820,,
1748268304944.0,21213.7,21214.7
1748268305095.0,21213.7,21214.7
1748268305258.0,21213.6,21214.6
1748268305424.0,21213.7,21214.7
1748268305525.0,21213.6,21214.6
1748268305658.0,21213.7,21214.7
1748268306087.0,21213.7,21214.7
1748268306682.0,21216.1,21217.1
1748268307617.0,21216.1,21217.1
1748268307850.0,21216.0,21217.0
1748268308459.0,21215.9,21216.9
1748268308508.0,21215.7,21216.7
1748268308730.0,21216.1,21217.1
1748268308780.0,21216.0,21217.0
1748268309294,,
1748268309345.0,21215.9,21216.9
1748268309572.0,21216.0,21217.0
1748268309829,,
1748268309880.0,21216.1,21217.1
1748268310472.0,21216.2,21217.2
1748268310671.0,21215.7,21216.7
1748268310853.0,21216.0,21217.0
1748268311750.0,21215.9,21216.9
1748268311953.0,21215.4,21216.4
1748268312003.0,21215.5,21216.5
1748268312148.0,21215.7,21216.7
1748268313091.0,21215.6,21216.6
1748268313138.0,21215.2,21216.2
1748268313188.0,21215.5,21216.5
1748268313410.0,21215.1,21216.1
1748268313701.0,21214.4,21215.4
1748268314052.0,21214.2,21215.2
1748268314348.0,21214.4,21215.4
1748268314398.0,21214.5,21215.5
1748268314732.0,21214.4,21215.4
1748268314782.0,21214.1,21215.1
1748268314976.0,21214.2,21215.2
1748268315308.0,21214.1,21215.1
1748268315421.0,21214.2,21215.2
1748268315580.0,21214.7,21215.7
1748268316216.0,21214.6,21215.6
1748268316427,,
1748268316477.0,21214.5,21215.5
1748268316655.0,21214.2,21215.2
1748268317129.0,21214.4,21215.4
1748268317180.0,21214.5,21215.5
1748268317561,,
1748268317677.0,21214.6,21215.6
1748268318621.0,21214.5,21215.5
1748268318671.0,21214.4,21215.4
1748268318933.0,21214.1,21215.1
1748268319242.0,21214.4,21215.4
1748268319443.0,21214.5,21215.5
1748268319492.0,21214.7,21215.7
1748268319873,,
1748268319983.0,21213.5,21214.5
1748268320088.0,21213.4,21214.4
1748268320287.0,21212.6,21213.6
1748268320508.0,21213.4,21214.4
1748268320570.0,21213.5,21214.5
1748268320907.0,21213.4,21214.4
1748268320955.0,21213.1,21214.1
1748268321451.0,21213.0,21214.0
1748268321502.0,21212.6,21213.6
1748268321756.0,21213.0,21214.0
1748268321937.0,21212.9,21213.9
1748268322160.0,21212.7,21213.7
1748268322362.0,21212.9,21213.9
1748268322700.0,21212.7,21213.7
1748268322813.0,21212.9,21213.9
1748268322992.0,21212.2,21213.2
1748268323104.0,21212.4,21213.4
1748268323161.0,21212.2,21213.2
1748268324063.0,21212.1,21213.1
1748268324109,,
1748268324327.0,21211.5,21212.5
1748268324530.0,21211.2,21212.2
1748268324747.0,21211.2,21212.2
1748268324987,,
1748268325038.0,21211.1,21212.1
1748268325494.0,21210.9,21211.9
1748268325592.0,21210.1,21211.1
1748268325802.0,21211.6,21212.6
1748268325900.0,21212.0,21213.0
1748268326096.0,21211.5,21212.5
1748268326217.0,21211.6,21212.6
1748268326315.0,21212.4,21213.4
1748268326538.0,21212.2,21213.2
1748268326866.0,21212.0,21213.0
1748268326965.0,21212.6,21213.6
1748268327377.0,21212.5,21213.5
1748268327509,,
1748268327560,,
1748268329232.0,21212.2,21213.2
1748268329488.0,21212.7,21213.7
1748268329642.0,21212.9,21213.9
1748268329692.0,21212.7,21213.7
1748268329995.0,21212.6,21213.6
1748268330046.0,21212.4,21213.4
1748268330270.0,21212.4,21213.4
1748268330495.0,21212.4,21213.4
1748268331517.0,21212.5,21213.5
1748268331704.0,21212.2,21213.2
1748268332177.0,21212.2,21213.2
1748268332288.0,21212.4,21213.4
1748268332462.0,21212.2,21213.2
1748268332631.0,21212.2,21213.2
1748268332748.0,21212.4,21213.4
1748268332945.0,21212.2,21213.2
1748268334035.0,21212.4,21213.4
1748268335641.0,21212.2,21213.2
1748268335687.0,21212.4,21213.4
1748268336054.0,21212.2,21213.2
1748268336372.0,21212.4,21213.4
1748268337509.0,21212.2,21213.2
1748268337668.0,21212.2,21213.2
1748268338157.0,21212.4,21213.4
1748268338257.0,21212.2,21213.2
1748268338432.0,21212.1,21213.1
1748268339251.0,21212.2,21213.2
1748268339505.0,21212.4,21213.4
1748268339905.0,21213.4,21214.4
1748268339956.0,21214.5,21215.5
1748268340186.0,21214.5,21215.5
1748268340426.0,21214.4,21215.4
1748268340475.0,21214.5,21215.5
1748268340527.0,21214.4,21215.4
1748268340739.0,21214.0,21215.0
1748268340789.0,21213.7,21214.7
1748268342682.0,21214.1,21215.1
1748268343067.0,21214.0,21215.0
1748268343164.0,21214.0,21215.0
1748268344050.0,21213.9,21214.9
1748268344100.0,21213.7,21214.7
1748268344156.0,21213.9,21214.9
1748268344265.0,21214.0,21215.0
1748268344682.0,21213.9,21214.9
1748268344733.0,21213.7,21214.7
1748268344832.0,21213.5,21214.5
1748268345244.0,21213.9,21214.9
1748268345398.0,21214.0,21215.0
1748268345601.0,21214.0,21215.0
1748268345652.0,21214.1,21215.1
1748268346610,,
1748268346667.0,21214.2,21215.2
1748268347284.0,21214.4,21215.4
1748268347952,,
1748268348004.0,21213.0,21214.0
1748268348221.0,21212.7,21213.7
1748268348509.0,21212.2,21213.2
1748268348783.0,21212.1,21213.1
1748268348885.0,21211.5,21212.5
1748268348984.0,21211.9,21212.9
1748268349080.0,21212.0,21213.0
1748268349489.0,21212.4,21213.4
1748268349657.0,21212.5,21213.5
1748268349707.0,21212.7,21213.7
1748268349910.0,21212.6,21213.6
1748268349959.0,21212.7,21213.7
1748268350470,,
1748268350565.0,21213.5,21214.5
1748268351083.0,21213.7,21214.7
1748268351637.0,21213.6,21214.6
1748268351685.0,21213.7,21214.7
1748268351945.0,21213.9,21214.9
1748268352695.0,21213.7,21214.7
1748268352745.0,21213.6,21214.6
1748268352907.0,21213.7,21214.7
1748268352963.0,21214.2,21215.2
1748268353093.0,21213.9,21214.9
1748268353732.0,21213.7,21214.7
1748268353780.0,21213.6,21214.6
1748268353929.0,21213.6,21214.6
1748268354100.0,21212.7,21213.7
1748268354227.0,21212.6,21213.6
1748268354840.0,21212.7,21213.7
1748268354886.0,21213.4,21214.4
1748268354935.0,21213.1,21214.1
1748268355204.0,21212.6,21213.6
1748268355379.0,21212.4,21213.4
1748268356384.0,21212.5,21213.5
1748268356430.0,21212.6,21213.6
1748268356626.0,21212.2,21213.2
1748268356675.0,21212.6,21213.6
1748268357032.0,21212.5,21213.5
1748268357082.0,21212.4,21213.4
1748268357255.0,21212.7,21213.7
1748268357876.0,21212.6,21213.6
1748268357983.0,21212.6,21213.6
1748268358311,,
1748268358362.0,21212.9,21213.9
1748268358563.0,21213.0,21214.0
1748268358795.0,21212.6,21213.6
1748268358942.0,21212.5,21213.5
1748268358991.0,21212.4,21213.4
1748268359798.0,21212.2,21213.2
1748268359956.0,21211.9,21212.9
1748268360098.0,21211.7,21212.7
1748268360145.0,21211.9,21212.9
1748268360632.0,21211.7,21212.7
1748268360678.0,21211.9,21212.9
1748268361192.0,21211.7,21212.7
1748268361241.0,21211.9,21212.9
1748268361555.0,21211.6,21212.6
1748268361885.0,21211.7,21212.7
1748268361934.0,21211.9,21212.9
1748268362517.0,21211.7,21212.7
1748268362562.0,21211.6,21212.6
1748268362757.0,21211.6,21212.6
1748268362924.0,21211.7,21212.7
1748268363167.0,21211.9,21212.9
1748268363425.0,21212.6,21213.6
1748268363514.0,21212.5,21213.5
1748268363662.0,21212.4,21213.4
1748268364126.0,21212.5,21213.5
1748268364175.0,21212.6,21213.6
1748268364291.0,21212.4,21213.4
1748268364732.0,21213.0,21214.0
1748268364874.0,21212.6,21213.6
1748268365293.0,21212.7,21213.7
1748268365343.0,21212.6,21213.6
1748268365878.0,21212.5,21213.5
1748268365928.0,21212.4,21213.4
1748268367116.0,21212.2,21213.2
1748268367219.0,21212.4,21213.4
1748268367947.0,21212.5,21213.5
1748268368047.0,21212.4,21213.4
1748268368206.0,21212.6,21213.6
1748268369420.0,21212.5,21213.5
1748268369470.0,21212.4,21213.4
1748268369756.0,21212.5,21213.5
1748268369905.0,21212.4,21213.4
1748268370326.0,21212.1,21213.1
1748268370374.0,21212.0,21213.0
1748268370531.0,21212.1,21213.1
1748268371907.0,21212.0,21213.0
1748268372204.0,21212.0,21213.0
1748268372484,,
1748268372533.0,21212.1,21213.1
1748268373067,,
1748268374232.0,21211.9,21212.9
1748268374446.0,21212.0,21213.0
1748268375672,,
1748268375719.0,21211.9,21212.9
1748268376041,,
1748268376090.0,21212.0,21213.0
1748268376576,,
1748268376625.0,21211.9,21212.9
1748268377411.0,21212.0,21213.0
1748268377784.0,21211.9,21212.9
1748268377834.0,21211.7,21212.7
1748268377955.0,21212.0,21213.0
1748268379259.0,21212.1,21213.1
1748268379307.0,21212.0,21213.0
1748268381189.0,21211.9,21212.9
1748268381402,,
1748268381452.0,21212.0,21213.0
1748268381970,,
1748268382022.0,21213.0,21214.0
1748268382206.0,21212.7,21213.7
1748268382385.0,21212.7,21213.7
1748268382694.0,21212.6,21213.6
1748268383030.0,21212.4,21213.4
1748268383358.0,21211.9,21212.9
1748268383678.0,21211.6,21212.6
1748268384096.0,21211.7,21212.7
1748268384667.0,21211.9,21212.9
1748268384712.0,21212.0,21213.0
1748268384979,,
1748268385028.0,21211.6,21212.6
1748268385347.0,21211.4,21212.4
1748268385568.0,21208.9,21209.9
1748268385868.0,21209.1,21210.1
1748268386183.0,21209.0,21210.0
1748268386231.0,21208.9,21209.9
1748268386508.0,21208.5,21209.5
1748268386557.0,21208.6,21209.6
1748268386753.0,21207.6,21208.6
1748268386953.0,21207.5,21208.5
1748268387292.0,21207.7,21208.7
1748268387512,,
1748268387564.0,21207.0,21208.0
1748268388146.0,21206.9,21207.9
1748268388194,,
1748268388414.0,21206.7,21207.7
1748268388765.0,21206.9,21207.9
1748268388945.0,21207.1,21208.1
1748268388992.0,21207.2,21208.2
1748268389115.0,21207.2,21208.2
1748268389306,,
1748268389356.0,21207.4,21208.4
1748268389697.0,21207.2,21208.2
1748268390020,,
1748268390407.0,21207.1,21208.1
1748268390737.0,21207.0,21208.0
1748268390882,,
1748268390981.0,21207.6,21208.6
1748268391148.0,21207.7,21208.7
1748268391196.0,21207.6,21208.6
1748268391405.0,21207.7,21208.7
1748268391601.0,21208.0,21209.0
1748268391704.0,21207.9,21208.9
1748268392353,,
1748268392404.0,21208.1,21209.1
1748268392616.0,21208.6,21209.6
1748268392883.0,21208.1,21209.1
1748268393162.0,21208.4,21209.4
1748268393203.0,21208.9,21209.9
1748268393332.0,21209.0,21210.0
1748268393700.0,21209.1,21210.1
1748268393968.0,21209.2,21210.2
1748268394019.0,21209.1,21210.1
1748268394664,,
1748268394713.0,21208.5,21209.5
1748268395002,,
1748268395055.0,21207.9,21208.9
1748268395190,,
1748268395760.0,21206.5,21207.5
1748268396242.0,21206.9,21207.9
1748268396292.0,21206.6,21207.6
1748268396657.0,21206.5,21207.5
1748268396708.0,21206.6,21207.6
1748268396999.0,21207.4,21208.4
1748268397462.0,21207.5,21208.5
1748268397509.0,21207.4,21208.4
1748268397766,,
1748268397868.0,21207.6,21208.6
1748268398315.0,21207.7,21208.7
1748268398527.0,21207.6,21208.6
1748268400610.0,21209.1,21210.1
1748268400907.0,21209.0,21210.0
1748268401114.0,21210.5,21211.5
1748268401301.0,21210.4,21211.4
1748268401486.0,21210.5,21211.5
1748268401685.0,21210.6,21211.6
1748268401944.0,21211.5,21212.5
1748268401987.0,21211.4,21212.4
1748268402247.0,21211.2,21212.2
1748268402292.0,21211.1,21212.1
1748268402572.0,21210.9,21211.9
1748268402923.0,21211.0,21212.0
1748268402970.0,21210.9,21211.9
1748268403471.0,21211.1,21212.1
1748268403798.0,21211.5,21212.5
1748268403945.0,21211.4,21212.4
1748268405572.0,21211.2,21212.2
1748268405615.0,21211.1,21212.1
1748268406924.0,21211.4,21212.4
1748268407546.0,21211.2,21212.2
1748268408122.0,21211.4,21212.4
1748268408588.0,21211.5,21212.5
1748268409158.0,21211.6,21212.6
1748268410270,,
1748268410368.0,21211.0,21212.0
1748268410542.0,21210.5,21211.5
1748268410698.0,21210.0,21211.0
1748268411059.0,21210.2,21211.2
1748268411163.0,21210.0,21211.0
1748268411209.0,21210.1,21211.1
1748268411708.0,21210.1,21211.1
1748268412680.0,21210.0,21211.0
1748268412726.0,21209.9,21210.9
1748268412950.0,21209.9,21210.9
1748268413099.0,21210.1,21211.1
1748268413617.0,21210.0,21211.0
1748268413668.0,21209.9,21210.9
1748268414090.0,21210.0,21211.0
1748268414514.0,21210.0,21211.0
1748268414906.0,21210.1,21211.1
1748268415327.0,21209.6,21210.6
1748268415746.0,21209.9,21210.9
1748268415926.0,21209.6,21210.6
1748268416041.0,21209.9,21210.9
1748268416934.0,21210.0,21211.0
1748268416983.0,21210.1,21211.1
1748268419624.0,21210.2,21211.2
1748268419722.0,21210.6,21211.6
1748268420164.0,21209.9,21210.9
1748268420346.0,21209.5,21210.5
1748268420573.0,21209.2,21210.2
1748268420945.0,21209.6,21210.6
1748268421194.0,21209.7,21210.7
1748268421329.0,21209.6,21210.6
1748268421451.0,21209.7,21210.7
1748268421509.0,21210.1,21211.1
1748268422121.0,21210.0,21211.0
1748268422561.0,21210.1,21211.1
1748268422743.0,21210.2,21211.2
1748268422792.0,21210.4,21211.4
1748268423359.0,21210.2,21211.2
1748268423457.0,21210.4,21211.4
1748268424134.0,21210.5,21211.5
1748268424372.0,21210.4,21211.4
1748268424906.0,21210.5,21211.5
1748268424955.0,21210.6,21211.6
1748268425464.0,21210.7,21211.7
1748268425509.0,21211.4,21212.4
1748268425743.0,21211.7,21212.7
1748268426069,,
1748268426120.0,21211.4,21212.4
1748268426782.0,21211.5,21212.5
1748268427662.0,21211.5,21212.5
1748268428160,,
1748268428214.0,21211.6,21212.6
1748268428550.0,21211.5,21212.5
1748268428658.0,21211.5,21212.5
1748268428707.0,21211.2,21212.2
1748268428832.0,21211.4,21212.4
1748268429702.0,21211.2,21212.2
1748268429751.0,21211.1,21212.1
1748268429952.0,21211.4,21212.4
1748268430501.0,21211.5,21212.5
1748268430549.0,21211.4,21212.4
1748268430847.0,21211.5,21212.5
1748268431155.0,21211.6,21212.6
1748268431448.0,21211.7,21212.7
1748268431548.0,21212.2,21213.2
1748268432067.0,21212.1,21213.1
1748268432115.0,21211.9,21212.9
1748268432248.0,21212.1,21213.1
1748268432492.0,21212.1,21213.1
1748268432894.0,21212.2,21213.2
1748268433645.0,21212.1,21213.1
1748268433934,,
1748268433985.0,21211.1,21212.1
1748268434232.0,21211.2,21212.2
1748268434281.0,21211.1,21212.1
1748268434490.0,21211.6,21212.6
1748268434813.0,21211.6,21212.6
1748268434957.0,21211.5,21212.5
1748268435008.0,21211.4,21212.4
1748268435154.0,21211.5,21212.5
1748268435355.0,21211.4,21212.4
1748268435405.0,21211.1,21212.1
1748268436104.0,21211.0,21212.0
1748268436151.0,21211.4,21212.4
1748268436201.0,21211.1,21212.1
1748268436412.0,21210.5,21211.5
1748268437393.0,21210.4,21211.4
1748268437838.0,21210.2,21211.2
1748268437936.0,21210.1,21211.1
1748268438506.0,21210.2,21211.2
1748268439015,,
1748268439065.0,21210.6,21211.6
1748268439407.0,21210.7,21211.7
1748268439459.0,21210.9,21211.9
1748268439696,,
1748268439747.0,21210.6,21211.6
1748268440487.0,21210.5,21211.5
1748268440633.0,21210.2,21211.2
1748268440791.0,21210.4,21211.4
1748268440906.0,21210.7,21211.7
1748268440958.0,21210.6,21211.6
1748268441762,,
1748268441812,,
1748268442135.0,21210.5,21211.5
1748268442186.0,21210.4,21211.4
1748268442405.0,21210.5,21211.5
1748268443098.0,21210.4,21211.4
1748268443147.0,21210.0,21211.0
1748268443194.0,21209.9,21210.9
1748268444037.0,21209.7,21210.7
1748268444247.0,21209.6,21210.6
1748268444403.0,21209.9,21210.9
1748268445156.0,21210.0,21211.0
1748268446448.0,21210.1,21211.1
1748268446695.0,21210.2,21211.2
1748268446898.0,21210.1,21211.1
1748268446948.0,21209.9,21210.9
1748268447131.0,21210.1,21211.1
1748268448228.0,21210.4,21211.4
1748268448673.0,21210.4,21211.4
1748268450373.0,21210.2,21211.2
1748268450532.0,21210.6,21211.6
1748268451203.0,21210.7,21211.7
1748268451262.0,21210.9,21211.9
1748268452349.0,21211.1,21212.1
1748268452716.0,21211.2,21212.2
1748268452819.0,21211.1,21212.1
1748268452871.0,21210.6,21211.6
1748268452921.0,21210.9,21211.9
1748268453749.0,21211.0,21212.0
1748268453796.0,21211.1,21212.1
1748268456590.0,21211.0,21212.0
1748268456633,,
1748268456957.0,21211.2,21212.2
1748268457407.0,21211.1,21212.1
1748268457456.0,21211.0,21212.0
1748268458218,,
1748268458494.0,21211.6,21212.6
1748268458676,,
1748268458728.0,21211.7,21212.7
1748268458927.0,21211.9,21212.9
1748268459108.0,21209.1,21210.1
1748268459233.0,21208.9,21209.9
1748268459457.0,21209.9,21210.9
1748268459558.0,21210.1,21211.1
1748268459641.0,21210.2,21211.2
1748268459893.0,21210.1,21211.1
1748268459942.0,21209.6,21210.6
1748268460198.0,21209.5,21210.5
1748268460246.0,21209.4,21210.4
1748268460920.0,21209.9,21210.9
1748268461492.0,21209.7,21210.7
1748268461654.0,21209.5,21210.5
1748268461701.0,21209.6,21210.6
1748268461975,,
1748268462027.0,21209.1,21210.1
1748268462248.0,21209.0,21210.0
1748268462588.0,21209.1,21210.1
1748268463007.0,21209.0,21210.0
1748268463054.0,21208.9,21209.9
1748268463400.0,21209.1,21210.1
1748268463847.0,21209.5,21210.5
1748268463947.0,21209.4,21210.4
1748268464152.0,21209.5,21210.5
1748268464200.0,21209.4,21210.4
1748268464560.0,21209.6,21210.6
1748268464759.0,21209.1,21210.1
1748268464908.0,21209.0,21210.0
1748268464959.0,21208.9,21209.9
1748268465750.0,21209.6,21210.6
1748268465957.0,21209.1,21210.1
1748268466441.0,21209.4,21210.4
1748268467378.0,21209.5,21210.5
1748268467423.0,21209.7,21210.7
1748268467654.0,21209.6,21210.6
1748268467702.0,21209.1,21210.1
1748268467943.0,21209.0,21210.0
1748268468125.0,21209.1,21210.1
1748268468312,,
1748268469196.0,21209.2,21210.2
1748268469245.0,21209.1,21210.1
1748268469406.0,21209.2,21210.2
1748268469457.0,21209.6,21210.6
1748268469707.0,21209.4,21210.4
1748268470696.0,21209.5,21210.5
1748268470746.0,21209.4,21210.4
1748268470994.0,21209.4,21210.4
1748268471843.0,21209.5,21210.5
1748268471893.0,21209.7,21210.7
1748268473532.0,21210.4,21211.4
1748268473609.0,21210.5,21211.5
1748268473756.0,21210.7,21211.7
1748268474460.0,21211.6,21212.6
1748268474563.0,21211.2,21212.2
1748268474762.0,21211.4,21212.4
1748268474907.0,21211.0,21212.0
1748268475205.0,21210.9,21211.9
1748268475260.0,21211.1,21212.1
1748268475482.0,21210.9,21211.9
1748268475677.0,21211.2,21212.2
1748268475910.0,21211.1,21212.1
1748268475957.0,21210.9,21211.9
1748268476157.0,21211.0,21212.0
1748268476207.0,21211.4,21212.4
1748268476475.0,21210.6,21211.6
1748268476666.0,21210.4,21211.4
1748268476791.0,21210.5,21211.5
1748268476953.0,21210.5,21211.5
1748268477004.0,21210.4,21211.4
1748268477262.0,21210.7,21211.7
1748268477313.0,21210.9,21211.9
1748268477968.0,21210.7,21211.7
1748268478176.0,21210.9,21211.9
1748268478671.0,21210.7,21211.7
1748268480237.0,21210.6,21211.6
1748268480442.0,21210.6,21211.6
1748268480491.0,21210.7,21211.7
1748268481074.0,21211.0,21212.0
1748268481299.0,21210.9,21211.9
1748268481347.0,21210.7,21211.7
1748268481858.0,21210.9,21211.9
1748268482926.0,21210.9,21211.9
1748268483025.0,21211.0,21212.0
1748268484730.0,21210.9,21211.9
1748268486291.0,21211.0,21212.0
1748268486335.0,21210.9,21211.9
1748268487342.0,21211.0,21212.0
1748268487387.0,21211.2,21212.2
1748268487717.0,21211.1,21212.1
1748268487842.0,21211.0,21212.0
1748268488083.0,21211.4,21212.4
1748268489152,,
1748268489216.0,21210.2,21211.2
1748268489415.0,21210.4,21211.4
1748268489623.0,21210.2,21211.2
1748268489674.0,21210.4,21211.4
1748268489882.0,21210.2,21211.2
1748268489932.0,21209.9,21210.9
1748268489981.0,21210.0,21211.0
1748268490204.0,21209.9,21210.9
1748268490254.0,21210.1,21211.1
1748268490513,,
1748268490756.0,21209.9,21210.9
1748268490808.0,21210.4,21211.4
1748268491564.0,21209.6,21210.6
1748268491655.0,21209.7,21210.7
1748268491833.0,21210.0,21211.0
1748268491882.0,21210.4,21211.4
1748268492375,,
1748268492424.0,21210.5,21211.5
1748268492617.0,21210.4,21211.4
1748268492867.0,21211.6,21212.6
1748268492943.0,21211.5,21212.5
1748268493524.0,21211.6,21212.6
1748268493957.0,21209.9,21210.9
1748268494206.0,21209.7,21210.7
1748268494723.0,21210.1,21211.1
1748268495007,,
1748268495058.0,21210.5,21211.5
1748268495449.0,21210.4,21211.4
1748268495496.0,21210.2,21211.2
1748268496372.0,21210.4,21211.4
1748268496563.0,21210.4,21211.4
1748268496613.0,21210.5,21211.5
1748268496945.0,21210.6,21211.6
1748268498570,,
1748268500033.0,21210.7,21211.7
1748268500082.0,21210.9,21211.9
1748268501273.0,21210.7,21211.7
1748268501386,,
1748268501438.0,21210.9,21211.9
1748268501582.0,21211.0,21212.0
1748268501692.0,21210.9,21211.9
1748268501922.0,21211.0,21212.0
1748268503060.0,21211.7,21212.7
1748268503456.0,21212.0,21213.0
1748268504160.0,21211.9,21212.9
1748268504211.0,21211.2,21212.2
1748268504442.0,21211.4,21212.4
1748268504772.0,21211.5,21212.5
1748268504821.0,21211.4,21212.4
1748268505147.0,21211.7,21212.7
1748268505506.0,21211.6,21212.6
1748268505707.0,21211.4,21212.4
1748268506034.0,21211.5,21212.5
1748268506132.0,21211.5,21212.5
1748268506410.0,21211.5,21212.5
1748268506614.0,21212.0,21213.0
1748268507060,,
1748268507111.0,21211.0,21212.0
1748268507262.0,21211.1,21212.1
1748268507995.0,21211.4,21212.4
1748268508201.0,21211.2,21212.2
1748268508313.0,21211.1,21212.1
1748268508655.0,21211.0,21212.0
1748268508851.0,21211.2,21212.2
1748268509149.0,21211.1,21212.1
1748268509675.0,21211.2,21212.2
1748268509723.0,21211.4,21212.4
1748268510011.0,21211.9,21212.9
1748268511421.0,21211.9,21212.9
1748268511734.0,21211.9,21212.9
1748268512220.0,21211.7,21212.7
1748268512520.0,21212.0,21213.0
1748268512693.0,21211.9,21212.9
1748268512746.0,21211.6,21212.6
1748268512906.0,21211.7,21212.7
1748268513023.0,21211.7,21212.7
1748268513661.0,21211.6,21212.6
1748268513770.0,21211.7,21212.7
1748268513878.0,21211.9,21212.9
1748268513977.0,21211.7,21212.7
1748268514590.0,21211.9,21212.9
1748268514638.0,21212.5,21213.5
1748268515145.0,21212.6,21213.6
1748268515193.0,21212.7,21213.7
1748268515343.0,21211.9,21212.9
1748268516152.0,21212.0,21213.0
1748268516531.0,21211.9,21212.9
1748268516687.0,21211.9,21212.9
1748268516979.0,21212.4,21213.4
1748268517152.0,21212.2,21213.2
1748268517201.0,21212.1,21213.1
1748268517766.0,21212.1,21213.1
1748268518020.0,21212.2,21213.2
1748268518275.0,21212.2,21213.2
1748268518927.0,21212.4,21213.4
1748268519086.0,21211.9,21212.9
1748268519291.0,21211.9,21212.9
1748268519531.0,21210.0,21211.0
1748268519583.0,21210.5,21211.5
1748268519801.0,21210.6,21211.6
1748268519946.0,21210.7,21211.7
1748268520129.0,21211.1,21212.1
1748268520229.0,21211.1,21212.1
1748268520484.0,21210.9,21211.9
1748268520533.0,21211.1,21212.1
1748268521190.0,21210.9,21211.9
1748268521648.0,21211.0,21212.0
1748268521698.0,21210.9,21211.9
1748268522945.0,21211.0,21212.0
1748268522994.0,21211.1,21212.1
1748268523703.0,21211.2,21212.2
1748268523969.0,21211.1,21212.1
1748268524200.0,21211.2,21212.2
1748268524249.0,21211.4,21212.4
1748268524704,,
1748268524752.0,21211.1,21212.1
1748268524904.0,21211.2,21212.2
1748268524976.0,21211.6,21212.6
1748268525445.0,21211.7,21212.7
1748268526031.0,21211.6,21212.6
1748268526074.0,21210.9,21211.9
1748268526268.0,21209.7,21210.7
1748268526456.0,21210.1,21211.1
1748268526759.0,21210.4,21211.4
1748268527007.0,21210.6,21211.6
1748268527180.0,21210.6,21211.6
1748268527445.0,21210.5,21211.5
1748268527495.0,21210.4,21211.4
1748268528197.0,21210.2,21211.2
1748268528246.0,21209.4,21210.4
1748268528526.0,21209.7,21210.7
1748268528688.0,21210.0,21211.0
1748268528786.0,21210.2,21211.2
1748268529160.0,21210.4,21211.4
1748268529207.0,21210.1,21211.1
1748268529610,,
1748268529660.0,21210.4,21211.4
1748268529916,,
1748268529966.0,21210.0,21211.0
1748268530388.0,21210.1,21211.1
1748268530436,,
1748268530768.0,21210.2,21211.2
1748268530908.0,21210.4,21211.4
1748268531448.0,21210.5,21211.5
1748268531495.0,21210.4,21211.4
1748268533031.0,21210.5,21211.5
1748268533079.0,21210.6,21211.6
1748268533150.0,21210.5,21211.5
1748268533509.0,21210.4,21211.4
1748268533820.0,21210.2,21211.2
1748268534106.0,21210.4,21211.4
1748268534414.0,21210.2,21211.2
1748268534708.0,21210.1,21211.1
1748268535085.0,21210.4,21211.4
1748268535252.0,21210.2,21211.2
1748268535980.0,21210.1,21211.1
1748268536846.0,21210.2,21211.2
1748268537690.0,21210.4,21211.4
1748268538829.0,21210.2,21211.2
1748268539279.0,21210.4,21211.4
1748268539381.0,21210.2,21211.2
1748268539432.0,21210.6,21211.6
1748268541648.0,21210.5,21211.5
1748268541699.0,21210.2,21211.2
1748268541788.0,21210.4,21211.4
1748268542197.0,21210.4,21211.4
1748268542242.0,21210.2,21211.2
1748268543255.0,21210.1,21211.1
1748268543764.0,21210.2,21211.2
1748268544494.0,21210.4,21211.4
1748268546272.0,21210.5,21211.5
1748268546314.0,21210.2,21211.2
1748268546707.0,21210.4,21211.4
1748268547750.0,21210.7,21211.7
1748268547798.0,21210.5,21211.5
1748268548068.0,21211.0,21212.0
1748268548116.0,21210.5,21211.5
1748268549029.0,21210.4,21211.4
1748268549439.0,21210.2,21211.2
1748268549487.0,21210.4,21211.4
1748268550523.0,21210.2,21211.2
1748268550571.0,21210.4,21211.4
1748268551508.0,21210.5,21211.5
1748268551555.0,21210.6,21211.6
1748268551725,,
1748268551774.0,21210.5,21211.5
1748268552120.0,21210.7,21211.7
1748268553117,,
1748268553165.0,21210.5,21211.5
1748268553324.0,21210.6,21211.6
1748268555806.0,21212.4,21213.4
1748268556277,,
1748268556319.0,21213.7,21214.7
1748268556726.0,21214.9,21215.9
1748268556780.0,21214.7,21215.7
1748268556986.0,21213.9,21214.9
1748268557587.0,21213.4,21214.4
1748268558112.0,21213.1,21214.1
1748268558160.0,21213.2,21214.2
1748268558496,,
1748268558596.0,21213.1,21214.1
1748268558733.0,21213.0,21214.0
1748268559126.0,21213.1,21214.1
1748268559451.0,21212.1,21213.1
1748268559907.0,21211.4,21212.4
1748268560355.0,21211.4,21212.4
1748268560460,,
1748268560756.0,21210.9,21211.9
1748268561138.0,21210.7,21211.7
1748268561710.0,21210.9,21211.9
1748268562151.0,21210.5,21211.5
1748268562601.0,21209.5,21210.5
1748268563020.0,21209.6,21210.6
1748268563257.0,21209.5,21210.5
1748268563670.0,21209.4,21210.4
1748268563873.0,21208.1,21209.1
1748268563984.0,21208.2,21209.2
1748268564203.0,21208.2,21209.2
1748268564814,,
1748268565262.0,21208.0,21209.0
1748268565474.0,21208.0,21209.0
1748268566182.0,21206.7,21207.7
1748268566234,,
1748268566635,,
1748268566959.0,21208.2,21209.2
1748268567458.0,21209.7,21210.7
1748268567959.0,21209.2,21210.2
1748268568402.0,21209.2,21210.2
1748268568780.0,21209.6,21210.6
1748268569233.0,21210.2,21211.2
1748268569432.0,21210.1,21211.1
1748268569779.0,21210.7,21211.7
1748268570209.0,21209.5,21210.5
1748268570585.0,21210.1,21211.1
1748268571087.0,21210.1,21211.1
1748268571135.0,21210.4,21211.4
1748268571459.0,21210.5,21211.5
1748268571956.0,21210.5,21211.5
1748268572085.0,21210.7,21211.7
1748268572893.0,21210.9,21211.9
1748268572946.0,21210.7,21211.7
1748268573242.0,21210.4,21211.4
1748268573445.0,21210.5,21211.5
1748268573633.0,21211.0,21212.0
1748268573956.0,21209.4,21210.4
1748268574707.0,21209.5,21210.5
1748268574881.0,21209.4,21210.4
1748268575457.0,21209.5,21210.5
1748268575993.0,21210.0,21211.0
1748268576317.0,21210.1,21211.1
1748268576452.0,21210.2,21211.2
1748268576885.0,21210.1,21211.1
1748268577403.0,21210.1,21211.1
1748268577852.0,21210.2,21211.2
1748268577898.0,21210.5,21211.5
1748268578206.0,21210.5,21211.5
1748268578446.0,21210.4,21211.4
1748268578655.0,21210.4,21211.4
1748268580154.0,21210.2,21211.2
1748268580200.0,21210.1,21211.1
1748268580340.0,21210.2,21211.2
1748268580439.0,21210.4,21211.4
1748268580655.0,21210.5,21211.5
1748268580705.0,21210.6,21211.6
1748268581197.0,21210.5,21211.5
1748268581242.0,21210.4,21211.4
1748268581930.0,21210.5,21211.5
1748268582448.0,21210.6,21211.6
1748268584180.0,21210.7,21211.7
1748268584226.0,21210.6,21211.6
1748268585206.0,21210.5,21211.5
1748268585261.0,21210.9,21211.9
1748268585650.0,21211.6,21212.6
1748268586069.0,21211.5,21212.5
1748268586494.0,21212.1,21213.1
1748268587021.0,21211.7,21212.7
1748268587157.0,21211.9,21212.9
1748268587401.0,21211.9,21212.9
1748268587797.0,21212.0,21213.0
1748268587846.0,21212.1,21213.1
1748268588055.0,21212.0,21213.0
1748268588152.0,21212.2,21213.2
1748268588405.0,21212.1,21213.1
1748268588453.0,21211.7,21212.7
1748268589685,,
1748268589735.0,21211.9,21212.9
1748268590170.0,21211.7,21212.7
1748268590543.0,21211.4,21212.4
1748268590630.0,21211.5,21212.5
1748268591051.0,21211.4,21212.4
1748268591234.0,21211.5,21212.5
1748268591472.0,21211.6,21212.6
1748268591907.0,21211.6,21212.6
1748268592766.0,21211.5,21212.5
1748268592943.0,21211.6,21212.6
1748268593739.0,21211.1,21212.1
1748268594048.0,21211.0,21212.0
1748268594193.0,21211.2,21212.2
1748268594552.0,21211.4,21212.4
1748268594745.0,21211.1,21212.1
1748268595006.0,21211.7,21212.7
1748268595231.0,21211.4,21212.4
1748268595507.0,21211.7,21212.7
1748268595841.0,21211.9,21212.9
1748268596238,,
1748268596572.0,21211.5,21212.5
1748268596671.0,21211.4,21212.4
1748268597021.0,21211.6,21212.6
1748268597245.0,21211.9,21212.9
1748268597498.0,21211.6,21212.6
1748268597708.0,21211.6,21212.6
1748268597960.0,21211.7,21212.7
1748268598556.0,21210.9,21211.9
1748268598616.0,21211.0,21212.0
1748268599179.0,21211.1,21212.1
1748268599409.0,21211.5,21212.5
1748268599657.0,21211.1,21212.1
1748268600135.0,21211.9,21212.9
1748268600495.0,21212.4,21213.4
1748268601569.0,21211.6,21212.6
1748268601669.0,21211.2,21212.2
1748268601957.0,21212.0,21213.0
1748268602185.0,21211.9,21212.9
1748268602553.0,21212.1,21213.1
1748268602994.0,21211.6,21212.6
1748268603132.0,21211.9,21212.9
1748268603503.0,21212.2,21213.2
1748268605999.0,21212.7,21213.7
1748268606163.0,21212.4,21213.4
1748268606517.0,21212.9,21213.9
1748268606667.0,21212.5,21213.5
1748268607493.0,21212.6,21213.6
1748268607694.0,21212.7,21213.7
1748268607846.0,21212.9,21213.9
1748268608445.0,21212.6,21213.6
1748268608687.0,21212.9,21213.9
1748268609000.0,21213.7,21214.7
1748268609101.0,21212.5,21213.5
1748268609503.0,21213.1,21214.1
1748268609698.0,21213.4,21214.4
1748268609815.0,21212.5,21213.5
1748268610198.0,21212.6,21213.6
1748268610400.0,21213.4,21214.4
1748268610694.0,21213.6,21214.6
1748268610895.0,21213.9,21214.9
1748268611425,,
1748268611575.0,21214.0,21215.0
1748268612455.0,21213.4,21214.4
1748268612656.0,21213.7,21214.7
1748268612912.0,21214.0,21215.0
1748268613179.0,21214.0,21215.0
1748268613500.0,21213.9,21214.9
1748268613548.0,21213.7,21214.7
1748268613781.0,21214.0,21215.0
1748268614059.0,21213.9,21214.9
1748268614321.0,21214.1,21215.1
1748268614663.0,21214.4,21215.4
1748268614912.0,21214.0,21215.0
1748268615165.0,21214.2,21215.2
1748268615799.0,21214.1,21215.1
1748268616107.0,21214.2,21215.2
1748268616515.0,21212.1,21213.1
1748268616668.0,21212.1,21213.1
1748268616990,,
1748268617173.0,21212.5,21213.5
1748268617444.0,21212.1,21213.1
1748268617907.0,21212.2,21213.2
1748268618064.0,21213.1,21214.1
1748268618287.0,21213.2,21214.2
1748268618815.0,21213.2,21214.2
1748268619490.0,21213.0,21214.0
1748268619708,,
1748268619956.0,21213.4,21214.4
1748268620495.0,21213.2,21214.2
1748268620545.0,21213.4,21214.4
1748268621986.0,21213.9,21214.9
1748268622157.0,21214.0,21215.0
1748268622411.0,21214.0,21215.0
1748268622655.0,21214.1,21215.1
1748268622755.0,21214.2,21215.2
1748268623241.0,21214.5,21215.5
1748268623457.0,21214.2,21215.2
1748268624194.0,21214.1,21215.1
1748268624295.0,21214.2,21215.2
1748268624986.0,21213.9,21214.9
1748268625199.0,21213.2,21214.2
1748268625497.0,21213.1,21214.1
1748268626197.0,21213.2,21214.2
1748268626464.0,21213.1,21214.1
1748268626695.0,21213.2,21214.2
1748268626968.0,21213.1,21214.1
1748268627216.0,21213.2,21214.2
1748268627495.0,21213.4,21214.4
1748268628313.0,21213.5,21214.5
1748268628363.0,21213.6,21214.6
1748268628412.0,21214.0,21215.0
1748268628779.0,21214.0,21215.0
1748268629225.0,21213.5,21214.5
1748268629405.0,21213.6,21214.6
1748268629606.0,21214.0,21215.0
1748268629926.0,21214.1,21215.1
1748268633563.0,21214.2,21215.2
1748268633760.0,21214.4,21215.4
1748268634609.0,21214.6,21215.6
1748268634657.0,21213.7,21214.7
1748268634713.0,21213.4,21214.4
1748268635513.0,21212.5,21213.5
1748268635928.0,21212.5,21213.5
1748268636419.0,21212.5,21213.5
1748268636466.0,21212.6,21213.6
1748268637654.0,21212.7,21213.7
1748268637702.0,21212.9,21213.9
1748268639333.0,21212.9,21213.9
1748268639864.0,21213.0,21214.0
1748268640371,,
1748268640436.0,21213.5,21214.5
1748268640710.0,21213.7,21214.7
1748268641431,,
1748268641481.0,21214.1,21215.1
1748268641867.0,21214.2,21215.2
1748268642883,,
1748268642947.0,21214.9,21215.9
1748268643684.0,21213.7,21214.7
1748268645022.0,21213.9,21214.9
1748268645407.0,21213.7,21214.7
1748268645950.0,21213.9,21214.9
1748268645998.0,21214.0,21215.0
1748268646445.0,21213.9,21214.9
1748268646745.0,21214.1,21215.1
1748268648115.0,21213.9,21214.9
1748268648675.0,21214.0,21215.0
1748268648943.0,21214.2,21215.2
1748268649264.0,21214.0,21215.0
1748268650484.0,21214.5,21215.5
1748268650533.0,21214.2,21215.2
1748268650957.0,21214.2,21215.2
1748268651099.0,21214.5,21215.5
1748268651447.0,21214.2,21215.2
1748268651993,,
1748268652095.0,21214.5,21215.5
1748268652307.0,21214.7,21215.7
1748268652595.0,21214.5,21215.5
1748268653339.0,21214.9,21215.9
1748268653498.0,21214.2,21215.2
1748268653651.0,21214.4,21215.4
1748268653998.0,21214.4,21215.4
1748268654462.0,21214.6,21215.6
1748268654666.0,21214.5,21215.5
1748268655153.0,21214.2,21215.2
1748268655447.0,21214.6,21215.6
1748268655546.0,21214.7,21215.7
1748268658016,,
1748268659109.0,21214.7,21215.7
1748268660293.0,21215.0,21216.0
1748268660956.0,21214.7,21215.7
1748268661100.0,21214.6,21215.6
1748268661291.0,21214.7,21215.7
1748268661568.0,21214.5,21215.5
1748268661829.0,21214.7,21215.7
1748268662443.0,21214.5,21215.5
1748268663054.0,21214.6,21215.6
1748268663101.0,21214.7,21215.7
1748268663460.0,21214.7,21215.7
1748268663807.0,21215.0,21216.0
1748268664436.0,21214.5,21215.5
1748268664535.0,21215.0,21216.0
1748268664658.0,21215.0,21216.0
1748268665151.0,21214.2,21215.2
1748268665202.0,21214.5,21215.5
1748268665383.0,21214.5,21215.5
1748268666525.0,21214.6,21215.6
1748268666572.0,21214.7,21215.7
1748268666741.0,21214.2,21215.2
1748268666918.0,21214.4,21215.4
1748268667078.0,21214.7,21215.7
1748268667194.0,21214.9,21215.9
1748268667243.0,21215.0,21216.0
1748268667615.0,21214.9,21215.9
1748268667663.0,21214.5,21215.5
1748268667714.0,21214.2,21215.2
1748268667942.0,21214.4,21215.4
1748268667993.0,21214.5,21215.5
1748268668499.0,21214.6,21215.6
1748268668548.0,21214.7,21215.7
1748268669273.0,21214.6,21215.6
1748268669321.0,21214.7,21215.7
1748268669497.0,21214.4,21215.4
1748268670871.0,21214.2,21215.2
1748268671541.0,21214.5,21215.5
1748268672441.0,21214.6,21215.6
1748268672483.0,21214.2,21215.2
1748268673368,,
1748268673519.0,21214.4,21215.4
1748268673619.0,21214.5,21215.5
1748268674296.0,21214.5,21215.5
1748268674454.0,21214.4,21215.4
1748268674556.0,21214.2,21215.2
1748268676010.0,21214.5,21215.5
1748268676123.0,21215.0,21216.0
1748268676267.0,21214.7,21215.7
1748268676586.0,21214.5,21215.5
1748268678765.0,21214.4,21215.4
1748268678811.0,21214.2,21215.2
1748268678913.0,21214.4,21215.4
1748268679031.0,21214.6,21215.6
1748268679085.0,21214.7,21215.7
1748268680205.0,21214.9,21215.9
1748268680264.0,21215.0,21216.0
1748268680697.0,21214.9,21215.9
1748268680816.0,21214.9,21215.9
1748268680866.0,21215.0,21216.0
1748268682044,,
1748268682982.0,21214.7,21215.7
1748268683592.0,21214.9,21215.9
1748268683641.0,21215.0,21216.0
1748268683707.0,21215.1,21216.1
1748268683756.0,21214.7,21215.7
1748268684284.0,21214.9,21215.9
1748268684335.0,21215.0,21216.0
1748268684556.0,21215.1,21216.1
1748268684605.0,21214.9,21215.9
1748268684906.0,21215.0,21216.0
1748268685104.0,21214.9,21215.9
1748268685339.0,21215.0,21216.0
1748268687162.0,21214.9,21215.9
1748268687209.0,21215.0,21216.0
1748268688458,,
1748268688507.0,21214.6,21215.6
1748268688739.0,21214.0,21215.0
1748268688790.0,21214.2,21215.2
1748268689039.0,21214.5,21215.5
1748268689147.0,21214.6,21215.6
1748268689634.0,21214.5,21215.5
1748268689684.0,21214.2,21215.2
1748268689760.0,21214.4,21215.4
1748268689862.0,21214.5,21215.5
1748268690273.0,21214.6,21215.6
1748268691259.0,21214.0,21215.0
1748268691505.0,21213.7,21214.7
1748268691553.0,21214.4,21215.4
1748268691694.0,21214.4,21215.4
1748268692540.0,21214.4,21215.4
1748268692699.0,21215.1,21216.1
1748268692794.0,21214.9,21215.9
1748268692972.0,21214.9,21215.9
1748268693136,,
1748268693227.0,21215.0,21216.0
1748268694070.0,21214.9,21215.9
1748268694279.0,21215.2,21216.2
1748268694549,,
1748268694813,,
1748268694865.0,21217.9,21218.9
1748268695089.0,21217.2,21218.2
1748268695280.0,21217.2,21218.2
1748268695404.0,21217.4,21218.4
1748268696149.0,21218.2,21219.2
1748268696198.0,21218.4,21219.4
1748268696248.0,21218.1,21219.1
1748268696456,,
1748268696666.0,21216.2,21217.2
1748268696920.0,21215.5,21216.5
1748268697170.0,21216.2,21217.2
1748268697472.0,21215.4,21216.4
1748268697523.0,21215.1,21216.1
1748268697742.0,21215.2,21216.2
1748268697920.0,21215.4,21216.4
1748268697970.0,21215.5,21216.5
1748268698213.0,21215.4,21216.4
1748268698300,,
1748268698354.0,21215.0,21216.0
1748268698768.0,21214.7,21215.7
1748268698820.0,21215.2,21216.2
1748268699047.0,21214.7,21215.7
1748268699196.0,21214.6,21215.6
1748268699255.0,21214.7,21215.7
1748268699347.0,21214.9,21215.9
1748268699399.0,21215.5,21216.5
1748268699632.0,21215.6,21216.6
1748268699681.0,21215.7,21216.7
1748268700154,,
1748268700563.0,21216.1,21217.1
1748268700770.0,21213.7,21214.7
1748268701004.0,21213.2,21214.2
1748268701406.0,21213.9,21214.9
1748268701468.0,21213.7,21214.7
1748268701534.0,21213.6,21214.6
1748268702010.0,21214.0,21215.0
1748268702108.0,21214.5,21215.5
1748268702249.0,21214.0,21215.0
1748268702424.0,21213.5,21214.5
1748268702620.0,21213.4,21214.4
1748268702963.0,21213.6,21214.6
1748268703013.0,21213.7,21214.7
1748268703294.0,21214.0,21215.0
1748268703366.0,21213.9,21214.9
1748268703574.0,21213.7,21214.7
1748268703694.0,21213.9,21214.9
1748268703743.0,21213.7,21214.7
1748268703979.0,21213.9,21214.9
1748268704196.0,21213.7,21214.7
1748268705308.0,21213.5,21214.5
1748268705579,,
1748268705630.0,21214.0,21215.0
1748268705681.0,21213.7,21214.7
1748268705894.0,21214.0,21215.0
1748268705954.0,21213.9,21214.9
1748268706206.0,21214.2,21215.2
1748268706273.0,21214.1,21215.1
1748268706454.0,21214.2,21215.2
1748268706943.0,21214.4,21215.4
1748268707051.0,21214.2,21215.2
1748268707450.0,21214.4,21215.4
1748268707588.0,21213.9,21214.9
1748268707881.0,21214.0,21215.0
1748268708234.0,21213.7,21214.7
1748268708321.0,21213.6,21214.6
1748268708946.0,21213.0,21214.0
1748268709642.0,21213.1,21214.1
1748268709690.0,21213.0,21214.0
1748268710055.0,21213.2,21214.2
1748268712284.0,21213.1,21214.1
1748268712785.0,21213.4,21214.4
1748268712957.0,21213.0,21214.0
1748268713285.0,21213.5,21214.5
1748268713383.0,21213.0,21214.0
1748268713533.0,21213.5,21214.5
1748268713659.0,21213.9,21214.9
1748268713902.0,21213.5,21214.5
1748268714913.0,21213.4,21214.4
1748268714967.0,21212.9,21213.9
1748268715203.0,21212.9,21213.9
1748268715845.0,21213.0,21214.0
1748268715942.0,21212.9,21213.9
1748268716119.0,21213.0,21214.0
1748268716342.0,21213.1,21214.1
1748268716392.0,21213.0,21214.0
1748268716610.0,21213.2,21214.2
1748268717160.0,21213.1,21214.1
1748268717221.0,21212.9,21213.9
1748268717359.0,21213.0,21214.0
1748268717410.0,21212.9,21213.9
1748268719027.0,21212.9,21213.9
1748268719064.0,21213.0,21214.0
1748268719340.0,21212.6,21213.6
1748268719734.0,21212.7,21213.7
1748268720176.0,21212.9,21213.9
1748268720291.0,21213.2,21214.2
1748268720445.0,21213.7,21214.7
1748268720997.0,21213.6,21214.6
1748268721573.0,21213.7,21214.7
1748268721623.0,21213.6,21214.6
1748268721812.0,21213.7,21214.7
1748268721912.0,21213.9,21214.9
1748268721961.0,21214.0,21215.0
1748268723047.0,21214.1,21215.1
1748268723092.0,21214.0,21215.0
1748268723316.0,21214.4,21215.4
1748268724020.0,21214.2,21215.2
1748268724135.0,21214.4,21215.4
1748268725023.0,21214.4,21215.4
1748268726948.0,21214.2,21215.2
1748268727094.0,21214.7,21215.7
1748268727275.0,21214.9,21215.9
1748268727491.0,21214.6,21215.6
1748268727695.0,21214.7,21215.7
1748268727845.0,21215.0,21216.0
1748268728099.0,21214.9,21215.9
1748268728198.0,21215.0,21216.0
1748268728251.0,21214.7,21215.7
1748268728746.0,21214.5,21215.5
1748268728946.0,21214.7,21215.7
1748268729402,,
1748268729454.0,21214.2,21215.2
1748268729705.0,21214.7,21215.7
1748268730032.0,21214.9,21215.9
1748268730079.0,21214.7,21215.7
1748268730532.0,21214.4,21215.4
1748268730582.0,21215.0,21216.0
1748268730656.0,21214.9,21215.9
1748268730706.0,21214.7,21215.7
1748268731514.0,21214.9,21215.9
1748268731563.0,21215.0,21216.0
1748268731661.0,21214.7,21215.7
1748268732010.0,21215.0,21216.0
1748268732411.0,21215.1,21216.1
1748268732459.0,21214.7,21215.7
1748268732615.0,21215.0,21216.0
1748268733226.0,21214.5,21215.5
1748268733414.0,21214.2,21215.2
1748268734040.0,21214.7,21215.7
1748268734155.0,21214.6,21215.6
1748268734239.0,21214.2,21215.2
1748268735458.0,21214.4,21215.4
1748268735502.0,21214.5,21215.5
1748268735552.0,21214.6,21215.6
1748268735799.0,21214.7,21215.7
1748268736003.0,21214.6,21215.6
1748268736258.0,21214.5,21215.5
1748268737422.0,21214.6,21215.6
1748268737471.0,21214.7,21215.7
1748268738072.0,21214.9,21215.9
1748268738168.0,21214.7,21215.7
1748268738372.0,21215.4,21216.4
1748268739210.0,21215.2,21216.2
1748268739811.0,21215.4,21216.4
1748268740485.0,21215.5,21216.5
1748268740544.0,21215.2,21216.2
1748268740816.0,21215.4,21216.4
1748268741066.0,21215.2,21216.2
1748268741284.0,21214.4,21215.4
1748268741817.0,21214.5,21215.5
1748268741867.0,21214.6,21215.6
1748268742104,,
1748268742154.0,21215.2,21216.2
1748268743835.0,21215.4,21216.4
1748268743882.0,21215.2,21216.2
1748268743992.0,21215.0,21216.0
1748268744156.0,21215.1,21216.1
1748268744205.0,21215.2,21216.2
1748268744406.0,21215.1,21216.1
1748268744620,,
1748268745202,,
1748268745259.0,21214.4,21215.4
1748268745454.0,21214.7,21215.7
1748268745503.0,21214.5,21215.5
1748268745905.0,21214.4,21215.4
1748268745950.0,21214.5,21215.5
1748268746514.0,21214.6,21215.6
1748268746561.0,21214.5,21215.5
1748268747765.0,21214.4,21215.4
1748268747811.0,21214.2,21215.2
1748268747915.0,21214.4,21215.4
1748268748158.0,21214.5,21215.5
1748268748421.0,21214.6,21215.6
1748268748752.0,21214.1,21215.1
1748268749193.0,21214.2,21215.2
1748268749424.0,21214.1,21215.1
1748268749564.0,21214.0,21215.0
1748268749907.0,21214.1,21215.1
1748268751158.0,21214.0,21215.0
1748268752310,,
1748268752358.0,21213.7,21214.7
1748268753117.0,21213.9,21214.9
1748268753346,,
1748268753599.0,21214.0,21215.0
1748268753646.0,21213.9,21214.9
1748268754438.0,21214.0,21215.0
1748268754490.0,21213.6,21214.6
1748268754538.0,21213.1,21214.1
1748268755197.0,21213.2,21214.2
1748268755445.0,21213.1,21214.1
1748268755552.0,21212.0,21213.0
1748268755945.0,21212.1,21213.1
1748268756156.0,21212.1,21213.1
1748268756405.0,21212.0,21213.0
1748268756505.0,21212.1,21213.1
1748268756675,,
1748268756724.0,21212.0,21213.0
1748268756906.0,21212.1,21213.1
1748268757166.0,21212.2,21213.2
1748268758020,,
1748268758176.0,21212.7,21213.7
1748268758228.0,21212.9,21213.9
1748268758836.0,21213.1,21214.1
1748268758885.0,21213.2,21214.2
1748268759148.0,21212.7,21213.7
1748268760531.0,21212.6,21213.6
1748268760578.0,21213.0,21214.0
1748268760938.0,21213.1,21214.1
1748268760986.0,21213.2,21214.2
1748268762656.0,21213.1,21214.1
1748268762701.0,21213.0,21214.0
1748268763062.0,21212.6,21213.6
1748268763161.0,21213.0,21214.0
1748268763513.0,21213.5,21214.5
1748268763583.0,21213.4,21214.4
1748268763633.0,21213.2,21214.2
1748268764010.0,21213.5,21214.5
1748268764184,,
1748268764360.0,21213.1,21214.1
1748268765839,,
1748268765886.0,21213.0,21214.0
1748268765943.0,21213.1,21214.1
1748268767441,,
1748268767489.0,21213.2,21214.2
1748268768793.0,21213.4,21214.4
1748268768842.0,21213.5,21214.5
1748268770447.0,21213.6,21214.6
1748268770494.0,21213.7,21214.7
1748268770593.0,21213.6,21214.6
1748268770642.0,21213.4,21214.4
1748268770944.0,21213.5,21214.5
1748268773607,,
1748268773651.0,21211.6,21212.6
1748268774141.0,21211.5,21212.5
1748268774235.0,21209.2,21210.2
1748268774676.0,21209.4,21210.4
1748268774770.0,21209.6,21210.6
1748268775059.0,21209.7,21210.7
1748268775161.0,21209.9,21210.9
1748268775260.0,21210.4,21211.4
1748268775691,,
1748268775739.0,21211.9,21212.9
1748268775835.0,21211.9,21212.9
1748268776493,,
1748268776592.0,21212.9,21213.9
1748268777193.0,21212.7,21213.7
1748268777612.0,21212.6,21213.6
1748268777902,,
1748268777954.0,21212.5,21213.5
1748268778113,,
1748268778163.0,21212.9,21213.9
1748268778405.0,21212.7,21213.7
1748268778456.0,21212.6,21213.6
1748268778779.0,21212.5,21213.5
1748268778899.0,21212.4,21213.4
1748268779194.0,21212.2,21213.2
1748268779245.0,21212.4,21213.4
1748268779310.0,21212.2,21213.2
1748268779409.0,21212.4,21213.4
1748268780284,,
1748268780445.0,21212.7,21213.7
1748268780496.0,21212.9,21213.9
1748268780698.0,21212.6,21213.6
1748268780957.0,21213.5,21214.5
1748268781238.0,21213.2,21214.2
1748268781392,,
1748268781442.0,21213.0,21214.0
1748268782211.0,21213.1,21214.1
1748268782381.0,21213.2,21214.2
1748268782432.0,21213.1,21214.1
1748268783833.0,21213.2,21214.2
1748268783881.0,21213.6,21214.6
1748268784478.0,21213.5,21214.5
1748268784529.0,21213.4,21214.4
1748268784726.0,21213.2,21214.2
1748268784774.0,21213.0,21214.0
1748268785279.0,21213.1,21214.1
1748268785729.0,21213.0,21214.0
1748268786036.0,21213.1,21214.1
1748268786563.0,21213.2,21214.2
1748268786612.0,21213.1,21214.1
1748268787726.0,21213.0,21214.0
1748268787943.0,21213.1,21214.1
1748268787992.0,21213.0,21214.0
1748268788271.0,21213.1,21214.1
1748268788656.0,21213.0,21214.0
1748268789439.0,21212.9,21213.9
1748268790460,,
1748268790693.0,21213.0,21214.0
1748268790741.0,21212.9,21213.9
1748268791551.0,21212.7,21213.7
1748268791600.0,21212.9,21213.9
1748268791760.0,21213.0,21214.0
1748268791810.0,21213.2,21214.2
1748268792255.0,21213.1,21214.1
1748268792695.0,21213.2,21214.2
1748268792743.0,21213.4,21214.4
1748268793196.0,21213.2,21214.2
1748268793242.0,21212.9,21213.9
1748268793575.0,21213.1,21214.1
1748268793695.0,21213.2,21214.2
1748268794446.0,21213.1,21214.1
1748268795549.0,21214.1,21215.1
1748268795593.0,21214.0,21215.0
1748268795747.0,21214.4,21215.4
1748268796947.0,21214.2,21215.2
1748268796995.0,21213.9,21214.9
1748268797273.0,21214.0,21215.0
1748268797322.0,21214.2,21215.2
1748268797442.0,21214.1,21215.1
1748268797492.0,21214.4,21215.4
1748268797694.0,21214.2,21215.2
1748268797858.0,21214.2,21215.2
1748268797908.0,21214.4,21215.4
1748268798274,,
1748268798323.0,21214.1,21215.1
1748268798746.0,21213.9,21214.9
1748268799132.0,21213.7,21214.7
1748268799179.0,21213.6,21214.6
1748268799436.0,21213.5,21214.5
1748268799909.0,21213.6,21214.6
1748268799957.0,21213.4,21214.4
1748268800178.0,21213.2,21214.2
1748268800330.0,21211.1,21212.1
1748268800456.0,21211.9,21212.9
1748268800599.0,21212.4,21213.4
1748268800775.0,21212.4,21213.4
1748268800955.0,21212.0,21213.0
1748268801154.0,21212.1,21213.1
1748268801338.0,21213.0,21214.0
1748268801389.0,21212.2,21213.2
1748268801659.0,21212.5,21213.5
1748268801709.0,21212.6,21213.6
1748268801923.0,21212.6,21213.6
1748268802032,,
1748268802080.0,21213.0,21214.0
1748268802515.0,21212.9,21213.9
1748268802561.0,21212.7,21213.7
1748268803386.0,21212.9,21213.9
1748268803486.0,21212.7,21213.7
1748268804406.0,21212.6,21213.6
1748268805573.0,21212.7,21213.7
1748268805664.0,21212.9,21213.9
1748268805871.0,21212.7,21213.7
1748268806089.0,21212.7,21213.7
1748268806193.0,21212.7,21213.7
1748268806291.0,21212.9,21213.9
1748268808316.0,21212.7,21213.7
1748268809108.0,21212.6,21213.6
1748268811302.0,21211.4,21212.4
1748268811675.0,21211.5,21212.5
1748268812096,,
1748268812147.0,21211.1,21212.1
1748268812337.0,21210.7,21211.7
1748268812638.0,21210.6,21211.6
1748268812894.0,21210.6,21211.6
1748268813101.0,21210.4,21211.4
1748268813194.0,21210.2,21211.2
1748268813652.0,21210.1,21211.1
1748268813947.0,21210.2,21211.2
1748268814317,,
1748268814369.0,21210.9,21211.9
1748268814418.0,21210.7,21211.7
1748268814649.0,21210.7,21211.7
1748268815146.0,21210.9,21211.9
1748268815243.0,21210.7,21211.7
1748268815439,,
1748268815580.0,21210.6,21211.6
1748268815789.0,21210.7,21211.7
1748268815888.0,21210.7,21211.7
1748268816429.0,21210.6,21211.6
1748268816477.0,21210.5,21211.5
1748268816758.0,21210.4,21211.4
1748268816983,,
1748268817037.0,21210.9,21211.9
1748268817171.0,21210.9,21211.9
1748268817222.0,21210.7,21211.7
1748268817419.0,21210.7,21211.7
1748268818126,,
1748268818176.0,21210.2,21211.2
1748268818225.0,21210.5,21211.5
1748268818374.0,21210.0,21211.0
1748268818723.0,21209.9,21210.9
1748268818772.0,21210.0,21211.0
1748268819387.0,21209.9,21210.9
1748268819759.0,21209.7,21210.7
1748268819811.0,21209.9,21210.9
1748268820147.0,21210.5,21211.5
1748268820409.0,21210.5,21211.5
1748268820821.0,21210.4,21211.4
1748268820868.0,21210.5,21211.5
1748268821057.0,21210.2,21211.2
1748268821256.0,21210.7,21211.7
1748268821355.0,21210.2,21211.2
1748268821459.0,21210.9,21211.9
1748268822455.0,21210.7,21211.7
1748268822656.0,21211.2,21212.2
1748268823133.0,21211.4,21212.4
1748268823406.0,21211.1,21212.1
1748268824282.0,21211.2,21212.2
1748268824333.0,21211.9,21212.9
1748268824424.0,21211.7,21212.7
1748268824603.0,21211.6,21212.6
1748268824908.0,21211.5,21212.5
1748268825104.0,21211.9,21212.9
1748268825357.0,21212.1,21213.1
1748268825518.0,21212.6,21213.6
1748268826173.0,21212.5,21213.5
1748268826223.0,21213.6,21214.6
1748268826363.0,21213.4,21214.4
1748268826484.0,21213.2,21214.2
1748268826684.0,21213.4,21214.4
1748268826916.0,21213.2,21214.2
1748268826965.0,21213.1,21214.1
1748268827565.0,21213.1,21214.1
1748268827614.0,21212.9,21213.9
1748268827816.0,21213.0,21214.0
1748268827915.0,21213.1,21214.1
1748268828123.0,21213.5,21214.5
1748268828334.0,21213.0,21214.0
1748268828550.0,21213.1,21214.1
1748268828764.0,21213.0,21214.0
1748268829198.0,21213.1,21214.1
1748268829288.0,21214.1,21215.1
1748268829797.0,21214.0,21215.0
1748268830158.0,21214.7,21215.7
1748268830524,,
1748268830577.0,21214.7,21215.7
1748268831295.0,21214.6,21215.6
1748268831345.0,21214.0,21215.0
1748268831564.0,21214.0,21215.0
1748268831829.0,21213.9,21214.9
1748268831878.0,21213.7,21214.7
1748268831927.0,21213.9,21214.9
1748268832195.0,21214.0,21215.0
1748268832424.0,21213.9,21214.9
1748268832584.0,21214.0,21215.0
1748268832703.0,21214.4,21215.4
1748268832949.0,21214.5,21215.5
1748268833146.0,21214.5,21215.5
1748268833193.0,21214.2,21215.2
1748268833423.0,21214.5,21215.5
1748268833585.0,21214.4,21215.4
1748268833633.0,21214.2,21215.2
1748268833954.0,21214.0,21215.0
1748268834203.0,21214.4,21215.4
1748268834473.0,21214.5,21215.5
1748268835032.0,21214.2,21215.2
1748268835084.0,21214.4,21215.4
1748268835246.0,21214.4,21215.4
1748268835347.0,21214.2,21215.2
1748268835482.0,21214.4,21215.4
1748268835605.0,21214.2,21215.2
1748268835763.0,21214.4,21215.4
1748268835911.0,21214.2,21215.2
1748268835959.0,21214.4,21215.4
1748268836642.0,21214.2,21215.2
1748268837255.0,21214.1,21215.1
1748268837457.0,21214.5,21215.5
1748268837797.0,21214.4,21215.4
1748268838364.0,21214.2,21215.2
1748268838415.0,21214.4,21215.4
1748268838464,,
1748268839128.0,21214.4,21215.4
1748268839666,,
1748268840262.0,21214.5,21215.5
1748268840327.0,21214.6,21215.6
1748268840376.0,21214.9,21215.9
1748268840546.0,21215.0,21216.0
1748268840773,,
1748268840823.0,21214.5,21215.5
1748268841026.0,21215.0,21216.0
1748268841106.0,21214.9,21215.9
1748268841201.0,21215.4,21216.4
1748268841353.0,21215.2,21216.2
1748268841447.0,21215.0,21216.0
1748268841820.0,21214.9,21215.9
1748268842048.0,21214.7,21215.7
1748268842304.0,21214.7,21215.7
1748268842401.0,21214.9,21215.9
1748268842576.0,21214.9,21215.9
1748268842695.0,21215.0,21216.0
1748268843189.0,21214.9,21215.9
1748268843235.0,21214.7,21215.7
1748268843455.0,21215.0,21216.0
1748268843605.0,21214.9,21215.9
1748268843654.0,21214.7,21215.7
1748268843784.0,21214.9,21215.9
1748268843935.0,21214.9,21215.9
1748268844264.0,21214.9,21215.9
1748268844997.0,21214.5,21215.5
1748268845104.0,21214.6,21215.6
1748268845276.0,21214.9,21215.9
1748268845681.0,21214.5,21215.5
1748268845787.0,21214.6,21215.6
1748268846012.0,21214.5,21215.5
1748268846198.0,21214.7,21215.7
1748268846675.0,21214.6,21215.6
1748268846790.0,21214.7,21215.7
1748268848187.0,21214.6,21215.6
1748268848236.0,21214.7,21215.7
1748268848564,,
1748268848766.0,21213.9,21214.9
1748268848945.0,21214.0,21215.0
1748268848995.0,21214.1,21215.1
1748268849447.0,21214.0,21215.0
1748268849497.0,21213.7,21214.7
1748268849607.0,21213.9,21214.9
1748268849951.0,21214.0,21215.0
1748268850455.0,21213.9,21214.9
1748268852225.0,21213.7,21214.7
1748268852751.0,21214.0,21215.0
1748268852798.0,21214.2,21215.2
1748268852847.0,21214.4,21215.4
1748268853277,,
1748268853341.0,21213.6,21214.6
1748268853705.0,21213.9,21214.9
1748268854029.0,21213.7,21214.7
1748268854078.0,21213.6,21214.6
1748268854157.0,21213.7,21214.7
1748268854207.0,21213.5,21214.5
1748268854965.0,21213.6,21214.6
1748268855143.0,21214.5,21215.5
1748268855447.0,21214.4,21215.4
1748268855745.0,21214.0,21215.0
1748268855996.0,21214.2,21215.2
1748268857071,,
1748268857129.0,21214.6,21215.6
1748268857659.0,21214.7,21215.7
1748268857708.0,21214.9,21215.9
1748268858216.0,21215.0,21216.0
1748268858265.0,21214.9,21215.9
1748268858705.0,21215.1,21216.1
1748268858989.0,21214.6,21215.6
1748268859797.0,21214.7,21215.7
1748268859845.0,21214.9,21215.9
1748268859925.0,21214.7,21215.7
1748268859976.0,21214.6,21215.6
1748268861120,,
1748268861167.0,21213.9,21214.9
1748268862157.0,21214.0,21215.0
1748268862204.0,21214.1,21215.1
1748268864545.0,21214.2,21215.2
1748268864594.0,21214.4,21215.4
1748268865409.0,21214.5,21215.5
1748268865456.0,21214.7,21215.7
1748268865943.0,21214.6,21215.6
1748268865992.0,21214.4,21215.4
1748268868053.0,21214.5,21215.5
1748268868100.0,21214.6,21215.6
1748268868378.0,21214.5,21215.5
1748268868723.0,21214.6,21215.6
1748268868906.0,21214.7,21215.7
1748268869105.0,21214.6,21215.6
1748268869332.0,21214.5,21215.5
1748268869694.0,21214.6,21215.6
1748268869871.0,21214.6,21215.6
1748268870207.0,21214.9,21215.9
1748268870361.0,21214.6,21215.6
1748268871825.0,21214.7,21215.7
1748268871868.0,21214.9,21215.9
1748268872245.0,21214.6,21215.6
1748268872456.0,21214.6,21215.6
1748268872740.0,21214.9,21215.9
1748268873532.0,21214.7,21215.7
1748268873659.0,21214.9,21215.9
1748268874185,,
1748268874233.0,21215.0,21216.0
1748268875443.0,21214.9,21215.9
1748268875571.0,21215.0,21216.0
1748268875802,,
1748268876800.0,21215.1,21216.1
1748268876994.0,21215.2,21216.2
1748268877064.0,21216.0,21217.0
1748268877504.0,21215.9,21216.9
1748268877555.0,21216.0,21217.0
1748268878587.0,21215.9,21216.9
1748268879419.0,21216.2,21217.2
1748268879483,,
1748268879664.0,21216.7,21217.7
1748268880045.0,21216.4,21217.4
1748268880105.0,21216.2,21217.2
1748268880679.0,21216.4,21217.4
1748268880801.0,21216.5,21217.5
1748268880916.0,21216.4,21217.4
1748268881176,,
1748268881275.0,21216.5,21217.5
1748268881323.0,21216.4,21217.4
1748268881493.0,21216.6,21217.6
1748268881742,,
1748268882204.0,21216.4,21217.4
1748268882258,,
1748268882545.0,21216.1,21217.1
1748268882594.0,21216.2,21217.2
1748268883168.0,21216.6,21217.6
1748268883215.0,21216.2,21217.2
1748268884078.0,21216.4,21217.4
1748268884126.0,21216.2,21217.2
1748268885419.0,21216.1,21217.1
1748268885515.0,21216.2,21217.2
1748268886104.0,21216.4,21217.4
1748268886153.0,21216.6,21217.6
1748268887012.0,21217.0,21218.0
1748268887062.0,21216.2,21217.2
1748268887556.0,21215.7,21216.7
1748268887754.0,21216.1,21217.1
1748268888007.0,21216.5,21217.5
1748268888274.0,21216.4,21217.4
1748268888992.0,21216.2,21217.2
1748268889123.0,21216.1,21217.1
1748268889298.0,21216.2,21217.2
1748268889348.0,21216.4,21217.4
1748268889457.0,21216.4,21217.4
1748268890159.0,21216.5,21217.5
1748268891579.0,21216.9,21217.9
1748268891810.0,21217.0,21218.0
1748268891861.0,21217.1,21218.1
1748268892511.0,21217.1,21218.1
1748268893161.0,21217.0,21218.0
1748268893574.0,21217.1,21218.1
1748268893634.0,21217.0,21218.0
1748268893851.0,21217.1,21218.1
1748268893907.0,21217.0,21218.0
1748268894300.0,21217.1,21218.1
1748268894406.0,21217.0,21218.0
1748268894790.0,21217.1,21218.1
1748268894838.0,21217.2,21218.2
1748268895077.0,21217.5,21218.5
1748268895219.0,21217.5,21218.5
1748268895405.0,21217.6,21218.6
1748268895902.0,21217.5,21218.5
1748268896157.0,21217.4,21218.4
1748268896684.0,21217.5,21218.5
1748268896784.0,21217.5,21218.5
1748268896922,,
1748268897945.0,21217.4,21218.4
1748268898192.0,21217.5,21218.5
1748268898455.0,21217.6,21218.6
1748268898505.0,21217.5,21218.5
1748268899195.0,21217.6,21218.6
1748268899244.0,21217.5,21218.5
1748268899494.0,21217.7,21218.7
1748268900027.0,21217.9,21218.9
1748268900302.0,21217.5,21218.5
1748268901180.0,21217.4,21218.4
1748268901386.0,21217.5,21218.5
1748268901715,,
1748268901764.0,21217.2,21218.2
1748268902006.0,21217.5,21218.5
1748268902061.0,21217.4,21218.4
1748268902162.0,21217.0,21218.0
1748268902450.0,21216.7,21217.7
1748268902731.0,21216.7,21217.7
1748268902866.0,21216.9,21217.9
1748268903067.0,21216.2,21217.2
1748268903114.0,21216.4,21217.4
1748268904280,,
1748268904406.0,21216.5,21217.5
1748268906608.0,21217.1,21218.1
1748268906824.0,21217.2,21218.2
1748268907442.0,21217.4,21218.4
1748268907487.0,21217.2,21218.2
1748268907959.0,21217.0,21218.0
1748268908261.0,21217.4,21218.4
1748268908312.0,21217.2,21218.2
1748268908824.0,21217.1,21218.1
1748268908873.0,21217.2,21218.2
1748268909878.0,21217.1,21218.1
1748268909923.0,21217.5,21218.5
1748268910176.0,21217.6,21218.6
1748268910261.0,21217.9,21218.9
1748268911138.0,21218.4,21219.4
1748268911366.0,21218.2,21219.2
1748268912015.0,21218.1,21219.1
1748268912283.0,21217.4,21218.4
1748268912341.0,21217.5,21218.5
1748268912540.0,21217.9,21218.9
1748268912707.0,21217.5,21218.5
1748268912956.0,21217.7,21218.7
1748268913239.0,21217.9,21218.9
1748268913861.0,21217.5,21218.5
1748268914029.0,21217.6,21218.6
1748268914207.0,21217.5,21218.5
1748268914452.0,21217.7,21218.7
1748268914654.0,21217.6,21218.6
1748268914869.0,21217.5,21218.5
1748268914969.0,21217.5,21218.5
1748268915155.0,21217.5,21218.5
1748268915634.0,21217.6,21218.6
1748268915680.0,21217.9,21218.9
1748268916025.0,21217.7,21218.7
1748268916186.0,21217.9,21218.9
1748268916454.0,21217.4,21218.4
1748268916737.0,21217.4,21218.4
1748268917060.0,21217.7,21218.7
1748268917109.0,21218.0,21219.0
1748268917315.0,21218.2,21219.2
1748268917676.0,21217.9,21218.9
1748268918914.0,21218.0,21219.0
1748268919196.0,21217.9,21218.9
1748268919246.0,21218.0,21219.0
1748268919465.0,21218.1,21219.1
1748268919682.0,21218.0,21219.0
1748268919731.0,21217.9,21218.9
1748268921390.0,21217.7,21218.7
1748268921438.0,21217.2,21218.2
1748268921489.0,21217.1,21218.1
1748268921657.0,21217.2,21218.2
1748268923021.0,21217.1,21218.1
1748268924195.0,21217.2,21218.2
1748268924243.0,21217.4,21218.4
1748268924876.0,21217.4,21218.4
1748268925236,,
1748268925287.0,21217.2,21218.2
1748268925565.0,21217.4,21218.4
1748268925733.0,21217.2,21218.2
1748268925781.0,21216.0,21217.0
1748268925881.0,21216.1,21217.1
1748268926460.0,21216.6,21217.6
1748268926579.0,21216.5,21217.5
1748268927365,,
1748268927483.0,21216.6,21217.6
1748268927656.0,21216.7,21217.7
1748268927704.0,21216.6,21217.6
1748268927976.0,21216.2,21217.2
1748268928649.0,21216.4,21217.4
1748268928698.0,21216.5,21217.5
1748268929402.0,21216.6,21217.6
1748268929901,,
1748268929949.0,21216.2,21217.2
1748268930156.0,21216.1,21217.1
1748268930205.0,21216.0,21217.0
1748268930341.0,21215.5,21216.5
1748268930577.0,21215.6,21216.6
1748268930783.0,21216.1,21217.1
1748268931382.0,21216.0,21217.0
1748268931498.0,21215.9,21216.9
1748268931854.0,21216.0,21217.0
1748268932154.0,21215.9,21216.9
1748268932254.0,21216.0,21217.0
1748268932604.0,21216.0,21217.0
1748268932943.0,21216.1,21217.1
1748268933158.0,21216.2,21217.2
1748268933208.0,21216.4,21217.4
1748268934660.0,21216.5,21217.5
1748268935247,,
1748268935325.0,21216.2,21217.2
1748268935506.0,21216.0,21217.0
1748268935867.0,21216.1,21217.1
1748268935918.0,21216.2,21217.2
1748268936954.0,21216.4,21217.4
1748268937005.0,21216.5,21217.5
1748268937442.0,21216.4,21217.4
1748268937493.0,21216.5,21217.5
1748268939333.0,21216.9,21217.9
1748268940298.0,21217.0,21218.0
1748268940570.0,21216.6,21217.6
1748268940713.0,21216.7,21217.7
1748268941215.0,21216.9,21217.9
1748268941943.0,21217.0,21218.0
1748268941994.0,21216.7,21217.7
1748268942114.0,21216.9,21217.9
1748268942165.0,21217.0,21218.0
1748268942338.0,21217.1,21218.1
1748268942611.0,21217.0,21218.0
1748268942796.0,21216.5,21217.5
1748268943873.0,21216.6,21217.6
1748268943928.0,21217.0,21218.0
1748268945320.0,21216.9,21217.9
1748268945368.0,21216.7,21217.7
1748268945648.0,21216.6,21217.6
1748268945702.0,21216.7,21217.7
1748268945948.0,21216.9,21217.9
1748268945994.0,21217.1,21218.1
1748268946192.0,21216.7,21217.7
1748268946530.0,21216.6,21217.6
1748268949056.0,21216.7,21217.7
1748268949104.0,21217.0,21218.0
1748268949475.0,21216.9,21217.9
1748268949525.0,21216.7,21217.7
1748268949958.0,21216.9,21217.9
1748268950008.0,21217.0,21218.0
1748268950533.0,21216.9,21217.9
1748268950580.0,21217.0,21218.0
1748268950996.0,21217.1,21218.1
1748268951045.0,21217.0,21218.0
1748268952092.0,21216.9,21217.9
1748268952141.0,21216.7,21217.7
1748268954576.0,21216.9,21217.9
1748268955136.0,21217.0,21218.0
1748268956271.0,21216.9,21217.9
1748268956331.0,21216.5,21217.5
1748268956387.0,21216.4,21217.4
1748268956746.0,21216.7,21217.7
1748268957461,,
1748268957510,,
1748268957707.0,21216.5,21217.5
1748268957947.0,21216.6,21217.6
1748268959060,,
1748268959211.0,21214.9,21215.9
1748268959466.0,21214.5,21215.5
1748268959853.0,21214.6,21215.6
1748268960105.0,21215.0,21216.0
1748268960247.0,21214.9,21215.9
1748268960379.0,21215.1,21216.1
1748268960425.0,21215.2,21216.2
1748268960589.0,21215.2,21216.2
1748268961203.0,21215.1,21216.1
1748268961253.0,21215.5,21216.5
1748268961445.0,21215.4,21216.4
1748268961494.0,21215.2,21216.2
1748268962228.0,21214.6,21215.6
1748268962721.0,21215.1,21216.1
1748268962786.0,21215.2,21216.2
1748268963028.0,21215.1,21216.1
1748268963077.0,21215.0,21216.0
1748268963128.0,21214.9,21215.9
1748268963453.0,21215.4,21216.4
1748268964073,,
1748268964128.0,21215.1,21216.1
1748268964654.0,21215.2,21216.2
1748268964796.0,21215.4,21216.4
1748268965909.0,21215.2,21216.2
1748268966886.0,21215.4,21216.4
1748268967365.0,21215.1,21216.1
1748268967664,,
1748268967714.0,21215.4,21216.4
1748268968407.0,21215.5,21216.5
1748268968456.0,21216.4,21217.4
1748268969660.0,21216.2,21217.2
1748268969708.0,21216.0,21217.0
1748268970260,,
1748268970308.0,21216.2,21217.2
1748268970384.0,21216.4,21217.4
1748268970547.0,21215.7,21216.7
1748268970665.0,21215.6,21216.6
1748268970750.0,21215.9,21216.9
1748268971555.0,21216.0,21217.0
1748268971736.0,21215.9,21216.9
1748268971786.0,21215.6,21216.6
1748268971983.0,21215.4,21216.4
1748268972083.0,21215.1,21216.1
1748268972325.0,21215.2,21216.2
1748268972974,,
1748268973023,,
1748268973207.0,21214.9,21215.9
1748268974294,,
1748268974342.0,21214.6,21215.6
1748268974847.0,21215.2,21216.2
1748268974907.0,21215.1,21216.1
1748268975062.0,21215.2,21216.2
1748268975456.0,21215.1,21216.1
1748268975504.0,21215.0,21216.0
1748268976110.0,21215.1,21216.1
1748268976211.0,21215.4,21216.4
1748268976447.0,21215.2,21216.2
1748268976494.0,21214.7,21215.7
1748268976949.0,21214.6,21215.6
1748268976991.0,21214.0,21215.0
1748268977440.0,21213.7,21214.7
1748268977755.0,21213.9,21214.9
1748268977955.0,21214.4,21215.4
1748268978084.0,21214.2,21215.2
1748268978407.0,21214.1,21215.1
1748268978454.0,21214.2,21215.2
1748268979585,,
1748268979814.0,21214.1,21215.1
1748268979862.0,21214.2,21215.2
1748268980098.0,21214.1,21215.1
1748268980195.0,21214.0,21215.0
1748268980409.0,21214.0,21215.0
1748268981123.0,21214.1,21215.1
1748268981168.0,21214.0,21215.0
1748268981546.0,21213.4,21214.4
1748268981688.0,21213.5,21214.5
1748268981968.0,21213.4,21214.4
1748268982069.0,21212.6,21213.6
1748268982520.0,21212.9,21213.9
1748268982815.0,21212.7,21213.7
1748268983331.0,21212.9,21213.9
1748268983657.0,21213.0,21214.0
1748268983705.0,21213.1,21214.1
1748268984722.0,21213.2,21214.2
1748268984821.0,21213.2,21214.2
1748268985620.0,21213.1,21214.1
1748268985667.0,21213.0,21214.0
1748268985937.0,21213.2,21214.2
1748268986107.0,21213.4,21214.4
1748268986206.0,21213.7,21214.7
1748268986335.0,21213.5,21214.5
1748268987176.0,21213.4,21214.4
1748268987224.0,21212.9,21213.9
1748268987382.0,21213.0,21214.0
1748268987989,,
1748268988041.0,21212.7,21213.7
1748268988147.0,21212.6,21213.6
1748268988880.0,21213.0,21214.0
1748268988932.0,21212.7,21213.7
1748268989225.0,21212.9,21213.9
1748268989639,,
1748268989690.0,21213.5,21214.5
1748268990344.0,21213.4,21214.4
1748268991091.0,21213.2,21214.2
1748268991150.0,21213.0,21214.0
1748268991458.0,21213.0,21214.0
1748268992446.0,21213.1,21214.1
1748268992494.0,21213.2,21214.2
1748268992745.0,21214.2,21215.2
1748268993034.0,21214.1,21215.1
1748268993156.0,21214.1,21215.1
1748268993205.0,21214.5,21215.5
1748268994556.0,21214.4,21215.4
1748268994606.0,21214.2,21215.2
1748268994655.0,21214.4,21215.4
1748268994705.0,21214.5,21215.5
1748268995064.0,21214.4,21215.4
1748268995163.0,21214.9,21215.9
1748268995426,,
1748268995476.0,21215.0,21216.0
1748268997568,,
1748268997618.0,21214.7,21215.7
1748268997716.0,21214.7,21215.7
1748268999067.0,21214.6,21215.6
1748268999113.0,21214.7,21215.7
1748269002663.0,21214.6,21215.6
1748269002711.0,21214.7,21215.7
1748269003079.0,21214.9,21215.9
1748269004461.0,21215.0,21216.0
1748269004745.0,21214.7,21215.7
1748269005704.0,21214.6,21215.6
1748269005751.0,21214.7,21215.7
1748269006598,,
1748269006647.0,21215.6,21216.6
1748269007409.0,21215.5,21216.5
1748269008996,,
1748269009046.0,21215.9,21216.9
1748269009099,,
1748269009150.0,21215.1,21216.1
1748269010766,,
1748269010816.0,21214.6,21215.6
1748269012305.0,21214.7,21215.7
1748269012355.0,21215.0,21216.0
1748269012405.0,21214.9,21215.9
1748269012455.0,21214.7,21215.7
1748269012946.0,21214.9,21215.9
1748269012994.0,21215.0,21216.0
1748269014517.0,21215.1,21216.1
1748269014703.0,21215.2,21216.2
1748269014943.0,21215.1,21216.1
1748269014993.0,21214.7,21215.7
1748269015186.0,21215.0,21216.0
1748269015528.0,21214.9,21215.9
1748269015577.0,21214.7,21215.7
1748269016024.0,21214.9,21215.9
1748269016073.0,21215.0,21216.0
1748269018447.0,21215.1,21216.1
1748269018491.0,21215.2,21216.2
1748269018785.0,21214.9,21215.9
1748269019405.0,21215.0,21216.0
1748269019454.0,21215.1,21216.1
1748269020027,,
1748269020202.0,21214.9,21215.9
1748269020252.0,21214.6,21215.6
1748269020739,,
1748269020792.0,21215.0,21216.0
1748269021742.0,21214.9,21215.9
1748269021790.0,21214.6,21215.6
1748269022467.0,21214.5,21215.5
1748269022524,,
1748269022564.0,21214.4,21215.4
1748269024120.0,21214.2,21215.2
1748269024158.0,21214.0,21215.0
1748269024381.0,21214.4,21215.4
1748269024647.0,21215.4,21216.4
1748269024904.0,21215.1,21216.1
1748269025036.0,21213.9,21214.9
1748269025221.0,21214.0,21215.0
1748269025424.0,21214.4,21215.4
1748269025706.0,21214.1,21215.1
1748269026449.0,21213.9,21214.9
1748269026680.0,21214.0,21215.0
1748269027159.0,21214.1,21215.1
1748269027206.0,21214.4,21215.4
1748269027407.0,21214.2,21215.2
1748269027457.0,21214.1,21215.1
1748269027658.0,21214.2,21215.2
1748269027707.0,21214.4,21215.4
1748269027894,,
1748269028109.0,21214.2,21215.2
1748269028647.0,21214.1,21215.1
1748269028697.0,21213.9,21214.9
1748269028847.0,21213.2,21214.2
1748269029246.0,21213.2,21214.2
1748269029522.0,21213.2,21214.2
1748269029628.0,21213.4,21214.4
1748269029726.0,21213.2,21214.2
1748269029947.0,21213.4,21214.4
1748269030157.0,21213.5,21214.5
1748269030442.0,21213.4,21214.4
1748269031262.0,21213.5,21214.5
1748269031311.0,21213.6,21214.6
1748269031507.0,21213.4,21214.4
1748269031691.0,21213.5,21214.5
1748269031741.0,21213.4,21214.4
1748269032160.0,21213.5,21214.5
1748269032206.0,21213.6,21214.6
1748269032401.0,21213.1,21214.1
1748269032674.0,21213.2,21214.2
1748269032724.0,21213.4,21214.4
1748269032957.0,21213.1,21214.1
1748269033465.0,21213.2,21214.2
1748269033514.0,21213.4,21214.4
1748269033629.0,21213.2,21214.2
1748269033678.0,21214.4,21215.4
1748269034236.0,21214.6,21215.6
1748269034506.0,21215.6,21216.6
1748269034789.0,21215.5,21216.5
1748269034993.0,21215.1,21216.1
1748269035044.0,21215.2,21216.2
1748269035318.0,21215.7,21216.7
1748269035791,,
1748269035953,,
1748269036048.0,21215.5,21216.5
1748269036195.0,21215.4,21216.4
1748269036421.0,21217.0,21218.0
1748269036473.0,21217.4,21218.4
1748269036667.0,21217.4,21218.4
1748269036912.0,21218.0,21219.0
1748269037090.0,21217.7,21218.7
1748269037205.0,21218.1,21219.1
1748269037505.0,21217.7,21218.7
1748269037686.0,21218.0,21219.0
1748269037785.0,21218.0,21219.0
1748269037951.0,21218.1,21219.1
1748269038155.0,21218.1,21219.1
1748269038324.0,21217.9,21218.9
1748269038376.0,21218.1,21219.1
1748269039341.0,21218.0,21219.0
1748269039390.0,21218.1,21219.1
1748269039541.0,21218.6,21219.6
1748269039946.0,21218.5,21219.5
1748269040110.0,21218.4,21219.4
1748269040225.0,21218.5,21219.5
1748269040856,,
1748269040906.0,21219.4,21220.4
1748269041156.0,21219.2,21220.2
1748269041203.0,21218.9,21219.9
1748269041404.0,21218.4,21219.4
1748269041657.0,21218.5,21219.5
1748269041939,,
1748269041990.0,21218.6,21219.6
1748269042219.0,21218.7,21219.7
1748269042268.0,21218.9,21219.9
1748269042404.0,21218.9,21219.9
1748269042763.0,21219.0,21220.0
1748269042813.0,21218.9,21219.9
1748269042906.0,21219.0,21220.0
1748269043108.0,21218.9,21219.9
