1748267998176.0,37578.1,37585.1
1748267998573.0,37575.6,37582.6
1748268000431.0,37578.1,37585.1
1748268000632.0,37575.6,37582.6
1748268000831.0,37578.1,37585.1
1748268001063.0,37580.6,37587.6
1748268001263.0,37578.1,37585.1
1748268001662.0,37575.6,37582.6
1748268001993.0,37578.1,37585.1
1748268002676.0,37575.6,37582.6
1748268004053.0,37578.1,37585.1
1748268004252.0,37580.6,37587.6
1748268007062.0,37583.1,37590.1
1748268007460.0,37580.6,37587.6
1748268009785.0,37583.1,37590.1
1748268009985.0,37580.6,37587.6
1748268015230.0,37578.1,37585.1
1748268015428.0,37580.6,37587.6
1748268016960.0,37578.1,37585.1
1748268017158.0,37580.6,37587.6
1748268020242.0,37578.1,37585.1
1748268020442.0,37575.6,37582.6
1748268021165.0,37578.1,37585.1
1748268022424.0,37575.6,37582.6
1748268022925.0,37578.1,37585.1
1748268024164.0,37575.6,37582.6
1748268024674.0,37578.1,37585.1
1748268034537.0,37580.6,37587.6
1748268036869.0,37578.1,37585.1
1748268039854.0,37575.6,37582.6
1748268040054.0,37578.1,37585.1
1748268042051.0,37575.6,37582.6
1748268042250.0,37578.1,37585.1
1748268043468.0,37575.6,37582.6
1748268043667.0,37578.1,37585.1
1748268043868.0,37575.6,37582.6
1748268050205,,
1748268050400.0,37570.6,37577.6
1748268055577.0,37568.1,37575.1
1748268056709.0,37570.6,37577.6
1748268056906.0,37568.1,37575.1
1748268059980.0,37570.6,37577.6
1748268060375.0,37568.1,37575.1
1748268060774.0,37570.6,37577.6
1748268061027.0,37568.1,37575.1
1748268061737,,
1748268062906.0,37565.6,37572.6
1748268063306.0,37568.1,37575.1
1748268063774.0,37570.6,37577.6
1748268066975.0,37568.1,37575.1
1748268067174.0,37570.6,37577.6
1748268071560,,
1748268071763,,
1748268072193.0,37573.1,37580.1
1748268072792.0,37570.6,37577.6
1748268073950.0,37573.1,37580.1
1748268075544.0,37570.6,37577.6
1748268075741.0,37573.1,37580.1
1748268077344.0,37575.6,37582.6
1748268086455.0,37570.6,37577.6
1748268089569,,
1748268099904.0,37573.1,37580.1
1748268104350.0,37570.6,37577.6
1748268104547.0,37573.1,37580.1
1748268108712.0,37575.6,37582.6
1748268109364.0,37578.1,37585.1
1748268109563.0,37575.6,37582.6
1748268112551.0,37578.1,37585.1
1748268116146.0,37575.6,37582.6
1748268116346.0,37578.1,37585.1
1748268116751.0,37575.6,37582.6
1748268117494.0,37578.1,37585.1
1748268131101.0,37575.6,37582.6
1748268133277.0,37578.1,37585.1
1748268134506.0,37575.6,37582.6
1748268134708.0,37578.1,37585.1
1748268135008.0,37575.6,37582.6
1748268135762.0,37578.1,37585.1
1748268138040,,
1748268138238.0,37570.6,37577.6
1748268139637.0,37573.1,37580.1
1748268139835.0,37570.6,37577.6
1748268170199.0,37568.1,37575.1
1748268171186.0,37570.6,37577.6
1748268189644,,
1748268190821.0,37568.1,37575.1
1748268191443.0,37570.6,37577.6
1748268191841.0,37568.1,37575.1
1748268192243.0,37568.1,37575.1
1748268194944.0,37570.6,37577.6
1748268221500,,
1748268221601.0,37568.1,37575.1
1748268222426.0,37565.6,37572.6
1748268223092.0,37568.1,37575.1
1748268224091.0,37565.6,37572.6
1748268226714.0,37563.1,37570.1
1748268227755.0,37565.6,37572.6
1748268227955.0,37563.1,37570.1
1748268233053.0,37565.6,37572.6
1748268233249,,
1748268234407.0,37563.1,37570.1
1748268236458.0,37565.6,37572.6
1748268236856.0,37563.1,37570.1
1748268250135.0,37565.6,37572.6
1748268251559.0,37563.1,37570.1
1748268254065.0,37565.6,37572.6
1748268275015.0,37563.1,37570.1
1748268277294.0,37565.6,37572.6
1748268277494.0,37563.1,37570.1
1748268291120.0,37560.6,37567.6
1748268292931.0,37563.1,37570.1
1748268293329.0,37560.6,37567.6
1748268293529.0,37563.1,37570.1
1748268296765.0,37560.6,37567.6
1748268296963.0,37563.1,37570.1
1748268300635.0,37560.6,37567.6
1748268302947.0,37558.1,37565.1
1748268303143.0,37560.6,37567.6
1748268303885.0,37558.1,37565.1
1748268304284.0,37560.6,37567.6
1748268306575.0,37563.1,37570.1
1748268310553.0,37560.6,37567.6
1748268310751.0,37563.1,37570.1
1748268310950.0,37560.6,37567.6
1748268319873.0,37558.1,37565.1
1748268320645.0,37560.6,37567.6
1748268320845.0,37558.1,37565.1
1748268321539.0,37555.6,37562.6
1748268321738.0,37558.1,37565.1
1748268324275.0,37555.6,37562.6
1748268326275.0,37558.1,37565.1
1748268329183.0,37560.6,37567.6
1748268339911.0,37563.1,37570.1
1748268340771.0,37560.6,37567.6
1748268342933.0,37563.1,37570.1
1748268343330.0,37560.6,37567.6
1748268346610,,
1748268346810.0,37563.1,37570.1
1748268347011.0,37560.6,37567.6
1748268383255.0,37558.1,37565.1
1748268383652.0,37555.6,37562.6
1748268384660.0,37558.1,37565.1
1748268385298.0,37555.6,37562.6
1748268386651.0,37553.1,37560.1
1748268388142.0,37550.6,37557.6
1748268388341.0,37553.1,37560.1
1748268388651.0,37550.6,37557.6
1748268388852.0,37553.1,37560.1
1748268395656.0,37550.6,37557.6
1748268400449.0,37553.1,37560.1
1748268400984.0,37555.6,37562.6
1748268410584.0,37553.1,37560.1
1748268418674.0,37550.6,37557.6
1748268419618.0,37553.1,37560.1
1748268420259.0,37550.6,37557.6
1748268421443.0,37553.1,37560.1
1748268422043.0,37550.6,37557.6
1748268423411,,
1748268423610.0,37553.1,37560.1
1748268428356.0,37553.1,37560.1
1748268432197.0,37555.6,37562.6
1748268432396.0,37553.1,37560.1
1748268438191.0,37550.6,37557.6
1748268438390.0,37553.1,37560.1
1748268443090.0,37550.6,37557.6
1748268446643.0,37550.6,37557.6
1748268446845.0,37553.1,37560.1
1748268456593.0,37550.6,37557.6
1748268456788.0,37553.1,37560.1
1748268458681.0,37555.6,37562.6
1748268458876.0,37553.1,37560.1
1748268459079.0,37550.6,37557.6
1748268459508.0,37553.1,37560.1
1748268460682.0,37550.6,37557.6
1748268461081.0,37553.1,37560.1
1748268473292.0,37555.6,37562.6
1748268476730,,
1748268476830.0,37553.1,37560.1
1748268491980.0,37555.6,37562.6
1748268492617.0,37553.1,37560.1
1748268492818.0,37555.6,37562.6
1748268519454.0,37553.1,37560.1
1748268519652.0,37555.6,37562.6
1748268556227.0,37558.1,37565.1
1748268556429.0,37560.6,37567.6
1748268557026.0,37558.1,37565.1
1748268559443.0,37555.6,37562.6
1748268560161.0,37555.6,37562.6
1748268563804,,
1748268564005.0,37553.1,37560.1
1748268564692.0,37555.6,37562.6
1748268564892.0,37553.1,37560.1
1748268565292.0,37553.1,37560.1
1748268565941.0,37550.6,37557.6
1748268567405.0,37553.1,37560.1
1748268567805.0,37555.6,37562.6
1748268568005.0,37553.1,37560.1
1748268568692.0,37555.6,37562.6
1748268569223.0,37555.6,37562.6
1748268569814.0,37553.1,37560.1
1748268572151.0,37555.6,37562.6
1748268573854.0,37553.1,37560.1
1748268575228.0,37550.6,37557.6
1748268575626.0,37553.1,37560.1
1748268577322.0,37550.6,37557.6
1748268577956.0,37553.1,37560.1
1748268581869.0,37550.6,37557.6
1748268582067.0,37553.1,37560.1
1748268583320.0,37550.6,37557.6
1748268584254.0,37553.1,37560.1
1748268584454.0,37550.6,37557.6
1748268585186.0,37550.6,37557.6
1748268585385.0,37553.1,37560.1
1748268590168.0,37550.6,37557.6
1748268590367.0,37553.1,37560.1
1748268593576,,
1748268594042.0,37550.6,37557.6
1748268594241.0,37553.1,37560.1
1748268596056,,
1748268600084.0,37555.6,37562.6
1748268600481.0,37553.1,37560.1
1748268605377.0,37550.6,37557.6
1748268605576.0,37553.1,37560.1
1748268608947.0,37555.6,37562.6
1748268609147.0,37553.1,37560.1
1748268609621.0,37555.6,37562.6
1748268609822.0,37553.1,37560.1
1748268611418.0,37555.6,37562.6
1748268616434.0,37553.1,37560.1
1748268618242.0,37555.6,37562.6
1748268619622.0,37553.1,37560.1
1748268620872.0,37555.6,37562.6
1748268642881.0,37558.1,37565.1
1748268643079.0,37560.6,37567.6
1748268643632.0,37558.1,37565.1
1748268648671.0,37560.6,37567.6
1748268649213.0,37558.1,37565.1
1748268652361.0,37560.6,37567.6
1748268652560.0,37558.1,37565.1
1748268652948.0,37560.6,37567.6
1748268653449.0,37558.1,37565.1
1748268659821.0,37560.6,37567.6
1748268661622,,
1748268664564.0,37563.1,37570.1
1748268665007.0,37560.6,37567.6
1748268676081.0,37563.1,37570.1
1748268676535.0,37560.6,37567.6
1748268676735.0,37563.1,37570.1
1748268688719.0,37560.6,37567.6
1748268690462.0,37563.1,37570.1
1748268691106.0,37560.6,37567.6
1748268693017.0,37563.1,37570.1
1748268693213.0,37560.6,37567.6
1748268694286.0,37563.1,37570.1
1748268694486.0,37560.6,37567.6
1748268694810.0,37563.1,37570.1
1748268695010.0,37565.6,37572.6
1748268695220.0,37563.1,37570.1
1748268696100.0,37565.6,37572.6
1748268696299.0,37563.1,37570.1
1748268696698.0,37560.6,37567.6
1748268696899.0,37558.1,37565.1
1748268697323.0,37555.6,37562.6
1748268697524.0,37558.1,37565.1
1748268700668.0,37555.6,37562.6
1748268702078.0,37558.1,37565.1
1748268702278.0,37555.6,37562.6
1748268732309.0,37558.1,37565.1
1748268732506,,
1748268733125.0,37555.6,37562.6
1748268738069,,
1748268738268.0,37558.1,37565.1
1748268741264.0,37555.6,37562.6
1748268748109.0,37558.1,37565.1
1748268751261.0,37555.6,37562.6
1748268751460.0,37558.1,37565.1
1748268751659.0,37555.6,37562.6
1748268751859.0,37558.1,37565.1
1748268754485.0,37555.6,37562.6
1748268758021.0,37558.1,37565.1
1748268758414.0,37555.6,37562.6
1748268758615.0,37558.1,37565.1
1748268758942.0,37555.6,37562.6
1748268759890.0,37558.1,37565.1
1748268760525.0,37555.6,37562.6
1748268760726.0,37558.1,37565.1
1748268761085.0,37555.6,37562.6
1748268761965.0,37558.1,37565.1
1748268763060.0,37555.6,37562.6
1748268763260.0,37558.1,37565.1
1748268767941.0,37560.6,37567.6
1748268769094.0,37558.1,37565.1
1748268773601.0,37555.6,37562.6
1748268774269,,
1748268774469.0,37553.1,37560.1
1748268775159.0,37555.6,37562.6
1748268792094.0,37558.1,37565.1
1748268792741.0,37555.6,37562.6
1748268797854,,
1748268798052.0,37558.1,37565.1
1748268798596.0,37555.6,37562.6
1748268811469,,
1748268825413.0,37558.1,37565.1
1748268826167.0,37555.6,37562.6
1748268826365.0,37558.1,37565.1
1748268829398.0,37555.6,37562.6
1748268830095.0,37558.1,37565.1
1748268831292.0,37555.6,37562.6
1748268832655.0,37558.1,37565.1
1748268839310.0,37560.6,37567.6
1748268854930.0,37558.1,37565.1
1748268855129.0,37560.6,37567.6
1748268879554,,
1748268879750.0,37563.1,37570.1
1748268880101.0,37560.6,37567.6
1748268880302.0,37563.1,37570.1
1748268884792.0,37560.6,37567.6
1748268884991.0,37563.1,37570.1
1748268887372.0,37560.6,37567.6
1748268887572.0,37563.1,37570.1
1748268896743.0,37560.6,37567.6
1748268896944.0,37563.1,37570.1
1748268897939.0,37560.6,37567.6
1748268898340.0,37563.1,37570.1
1748268899192.0,37560.6,37567.6
1748268899392.0,37563.1,37570.1
1748268901713.0,37560.6,37567.6
1748268901909.0,37563.1,37570.1
1748268902396.0,37560.6,37567.6
1748268902795.0,37560.6,37567.6
1748268906821.0,37563.1,37570.1
1748268907905.0,37560.6,37567.6
1748268908454.0,37563.1,37570.1
1748268912122.0,37560.6,37567.6
1748268940291.0,37563.1,37570.1
1748268940491.0,37560.6,37567.6
1748268959166,,
1748268962057,,
1748268962254.0,37558.1,37565.1
1748268962683.0,37560.6,37567.6
1748268962881.0,37558.1,37565.1
1748268964610.0,37560.6,37567.6
1748268966296.0,37558.1,37565.1
1748268966495.0,37560.6,37567.6
1748268976584.0,37558.1,37565.1
1748268982027.0,37555.6,37562.6
1748268984588.0,37558.1,37565.1
1748268985029.0,37555.6,37562.6
1748268986387.0,37558.1,37565.1
1748268987191.0,37555.6,37562.6
1748268989835.0,37558.1,37565.1
1748268991087.0,37555.6,37562.6
1748268991990.0,37558.1,37565.1
1748268995146.0,37560.6,37567.6
1748268997570.0,37558.1,37565.1
1748268997766.0,37560.6,37567.6
1748269024111,,
1748269025165.0,37558.1,37565.1
1748269026392.0,37555.6,37562.6
1748269026592.0,37558.1,37565.1
1748269026976.0,37555.6,37562.6
1748269027267.0,37558.1,37565.1
1748269028642.0,37555.6,37562.6
1748269029387.0,37558.1,37565.1
1748269033787.0,37560.6,37567.6
1748269033986.0,37558.1,37565.1
1748269034191.0,37560.6,37567.6
1748269036246.0,37563.1,37570.1
1748269036908.0,37565.6,37572.6
1748269037437.0,37563.1,37570.1
1748269037838.0,37565.6,37572.6
1748269038237.0,37563.1,37570.1
1748269039089.0,37565.6,37572.6
1748269039290.0,37563.1,37570.1
1748269039690.0,37565.6,37572.6
1748269039938.0,37563.1,37570.1
1748269040588.0,37565.6,37572.6
1748269043765.0,37563.1,37570.1
1748269044507.0,37565.6,37572.6
1748269045058.0,37563.1,37570.1
1748269046139.0,37565.6,37572.6
1748269046569.0,37563.1,37570.1
1748269047979.0,37565.6,37572.6
1748269048755.0,37563.1,37570.1
1748269049652.0,37565.6,37572.6
1748269052171.0,37563.1,37570.1
1748269062034.0,37560.6,37567.6
1748269082175,,
1748269082375.0,37558.1,37565.1
1748269083305.0,37555.6,37562.6
1748269084363.0,37558.1,37565.1
1748269084680.0,37555.6,37562.6
1748269090847.0,37558.1,37565.1
1748269097993.0,37555.6,37562.6
1748269114895.0,37558.1,37565.1
1748269115440.0,37555.6,37562.6
1748269115638.0,37558.1,37565.1
1748269118632.0,37555.6,37562.6
1748269119231.0,37558.1,37565.1
1748269120144.0,37555.6,37562.6
1748269120342.0,37558.1,37565.1
1748269120543.0,37555.6,37562.6
1748269122636.0,37558.1,37565.1
1748269122837.0,37555.6,37562.6
1748269133783.0,37558.1,37565.1
1748269136542.0,37555.6,37562.6
1748269138686.0,37558.1,37565.1
1748269143746.0,37560.6,37567.6
1748269143943.0,37558.1,37565.1
1748269144144.0,37560.6,37567.6
1748269144817.0,37558.1,37565.1
1748269150100.0,37555.6,37562.6
1748269150298.0,37558.1,37565.1
1748269156333.0,37560.6,37567.6
1748269156534.0,37558.1,37565.1
1748269156733.0,37560.6,37567.6
1748269157517.0,37558.1,37565.1
1748269158454.0,37560.6,37567.6
1748269164324.0,37558.1,37565.1
1748269164525.0,37560.6,37567.6
1748269172084,,
1748269172283.0,37558.1,37565.1
1748269174064.0,37555.6,37562.6
1748269174264.0,37558.1,37565.1
1748269175562.0,37555.6,37562.6
1748269175760.0,37558.1,37565.1
1748269175994.0,37555.6,37562.6
1748269211949,,
1748269212349.0,37553.1,37560.1
1748269212550.0,37555.6,37562.6
1748269215321,,
1748269215521.0,37553.1,37560.1
1748269215942.0,37555.6,37562.6
1748269216404.0,37553.1,37560.1
1748269217000.0,37555.6,37562.6
1748269217401.0,37553.1,37560.1
1748269218657.0,37555.6,37562.6
1748269218856.0,37553.1,37560.1
1748269219057.0,37555.6,37562.6
1748269220154.0,37553.1,37560.1
1748269220552.0,37555.6,37562.6
1748269223712.0,37553.1,37560.1
1748269227723.0,37550.6,37557.6
1748269227921.0,37553.1,37560.1
1748269229351.0,37550.6,37557.6
1748269252884,,
1748269253084.0,37545.6,37552.6
1748269262584.0,37548.1,37555.1
1748269262782.0,37545.6,37552.6
1748269265535.0,37548.1,37555.1
1748269266747.0,37545.6,37552.6
1748269266945.0,37548.1,37555.1
1748269267145.0,37545.6,37552.6
1748269268993,,
1748269269203,,
1748269269396.0,37543.1,37550.1
1748269269984.0,37545.6,37552.6
1748269271459.0,37540.6,37547.6
1748269271812.0,37543.1,37550.1
1748269272536,,
1748269273236.0,37545.6,37552.6
1748269295510.0,37543.1,37550.1
1748269296196.0,37545.6,37552.6
1748269296398.0,37543.1,37550.1
1748269300908.0,37540.6,37547.6
1748269303519.0,37543.1,37550.1
1748269305188.0,37540.6,37547.6
1748269308069.0,37540.6,37547.6
1748269310101.0,37543.1,37550.1
1748269311293.0,37543.1,37550.1
1748269312160.0,37543.1,37550.1
1748269312904.0,37540.6,37547.6
1748269322091.0,37543.1,37550.1
1748269322684.0,37540.6,37547.6
1748269329460.0,37543.1,37550.1
1748269336191.0,37545.6,37552.6
1748269339658.0,37548.1,37555.1
1748269341909.0,37548.1,37555.1
1748269343187.0,37545.6,37552.6
1748269372782.0,37548.1,37555.1
1748269377131.0,37545.6,37552.6
1748269379586.0,37548.1,37555.1
1748269382710.0,37545.6,37552.6
1748269383814.0,37548.1,37555.1
1748269384216.0,37545.6,37552.6
1748269386573.0,37548.1,37555.1
1748269387514.0,37548.1,37555.1
1748269388415.0,37545.6,37552.6
1748269388914.0,37548.1,37555.1
1748269389510.0,37545.6,37552.6
1748269389706.0,37548.1,37555.1
1748269390263.0,37545.6,37552.6
1748269390973.0,37548.1,37555.1
1748269397195.0,37550.6,37557.6
1748269400918.0,37548.1,37555.1
1748269411515.0,37548.1,37555.1
1748269417722.0,37545.6,37552.6
1748269417922.0,37548.1,37555.1
1748269419864.0,37550.6,37557.6
1748269420064.0,37548.1,37555.1
1748269429025.0,37545.6,37552.6
1748269432675.0,37548.1,37555.1
1748269433771.0,37545.6,37552.6
1748269434421.0,37548.1,37555.1
1748269435064.0,37545.6,37552.6
1748269435262.0,37548.1,37555.1
1748269436051.0,37545.6,37552.6
1748269441920.0,37548.1,37555.1
1748269450917.0,37550.6,37557.6
1748269451115.0,37548.1,37555.1
1748269455010.0,37545.6,37552.6
1748269456397.0,37548.1,37555.1
1748269457499.0,37545.6,37552.6
1748269457698.0,37548.1,37555.1
1748269458027.0,37545.6,37552.6
1748269458225.0,37548.1,37555.1
1748269459099.0,37545.6,37552.6
1748269459763.0,37548.1,37555.1
1748269460227.0,37545.6,37552.6
1748269462937.0,37548.1,37555.1
1748269469811.0,37548.1,37555.1
1748269489408.0,37550.6,37557.6
1748269490670.0,37548.1,37555.1
1748269494760.0,37550.6,37557.6
1748269495345.0,37548.1,37555.1
1748269500972.0,37545.6,37552.6
1748269501371.0,37548.1,37555.1
1748269502180.0,37545.6,37552.6
1748269502795.0,37548.1,37555.1
1748269505691.0,37545.6,37552.6
1748269506593.0,37548.1,37555.1
1748269515285.0,37550.6,37557.6
1748269516551.0,37548.1,37555.1
1748269524977.0,37545.6,37552.6
1748269525175.0,37548.1,37555.1
1748269529886.0,37548.1,37555.1
1748269541066.0,37550.6,37557.6
1748269584258,,
1748269584453.0,37555.6,37562.6
1748269599821.0,37553.1,37560.1
1748269603203.0,37555.6,37562.6
1748269607853.0,37553.1,37560.1
1748269609302.0,37550.6,37557.6
1748269614314.0,37548.1,37555.1
1748269617958.0,37550.6,37557.6
1748269618154.0,37548.1,37555.1
1748269630594.0,37545.6,37552.6
1748269631381.0,37548.1,37555.1
1748269631580.0,37545.6,37552.6
1748269640679.0,37548.1,37555.1
1748269640877.0,37545.6,37552.6
1748269651581.0,37548.1,37555.1
1748269654635.0,37550.6,37557.6
1748269683310.0,37548.1,37555.1
1748269693135.0,37545.6,37552.6
1748269693534.0,37548.1,37555.1
1748269696208.0,37545.6,37552.6
1748269696407.0,37548.1,37555.1
1748269699992.0,37550.6,37557.6
1748269700703.0,37548.1,37555.1
1748269705215.0,37545.6,37552.6
1748269705414.0,37548.1,37555.1
1748269706448.0,37545.6,37552.6
1748269718664,,
1748269720210.0,37548.1,37555.1
1748269720409.0,37545.6,37552.6
1748269721556.0,37548.1,37555.1
1748269721756.0,37545.6,37552.6
1748269721965.0,37548.1,37555.1
1748269723993.0,37545.6,37552.6
1748269746061.0,37548.1,37555.1
1748269746260.0,37545.6,37552.6
1748269746860.0,37548.1,37555.1
1748269750919.0,37550.6,37557.6
1748269751441.0,37548.1,37555.1
1748269754715.0,37550.6,37557.6
1748269755717.0,37548.1,37555.1
1748269756818.0,37550.6,37557.6
1748269761845.0,37548.1,37555.1
1748269762043.0,37550.6,37557.6
1748269765062.0,37548.1,37555.1
1748269768491.0,37550.6,37557.6
1748269768688.0,37548.1,37555.1
1748269769443.0,37550.6,37557.6
1748269787842.0,37548.1,37555.1
1748269791935.0,37545.6,37552.6
1748269792134.0,37548.1,37555.1
1748269797201.0,37548.1,37555.1
1748269805913.0,37545.6,37552.6
1748269814817.0,37543.1,37550.1
1748269815213.0,37545.6,37552.6
1748269815907.0,37545.6,37552.6
1748269819160.0,37548.1,37555.1
1748269819359.0,37545.6,37552.6
1748269819970.0,37545.6,37552.6
1748269824108.0,37548.1,37555.1
1748269825035.0,37548.1,37555.1
1748269826845.0,37548.1,37555.1
1748269827330.0,37550.6,37557.6
1748269827529.0,37548.1,37555.1
1748269828923.0,37550.6,37557.6
1748269829525.0,37545.6,37552.6
1748269829726.0,37548.1,37555.1
1748269830076.0,37545.6,37552.6
1748269830534.0,37548.1,37555.1
1748269833529.0,37545.6,37552.6
1748269839136.0,37548.1,37555.1
1748269839943.0,37548.1,37555.1
1748269840309.0,37550.6,37557.6
1748269840807.0,37548.1,37555.1
1748269841195.0,37550.6,37557.6
1748269841696.0,37548.1,37555.1
1748269841894.0,37550.6,37557.6
1748269842119.0,37548.1,37555.1
1748269844965.0,37548.1,37555.1
1748269845164.0,37545.6,37552.6
1748269847056.0,37543.1,37550.1
1748269847256.0,37545.6,37552.6
1748269849536.0,37543.1,37550.1
1748269849935.0,37540.6,37547.6
1748269850133.0,37543.1,37550.1
1748269850619.0,37543.1,37550.1
1748269851234.0,37543.1,37550.1
1748269851446.0,37540.6,37547.6
1748269852050.0,37533.1,37540.1
1748269852249.0,37535.6,37542.6
1748269853426,,
1748269853825.0,37538.1,37545.1
1748269854233.0,37535.6,37542.6
1748269854432.0,37538.1,37545.1
1748269855175.0,37540.6,37547.6
1748269855575.0,37540.6,37547.6
1748269856180.0,37540.6,37547.6
1748269856952.0,37540.6,37547.6
1748269857152.0,37538.1,37545.1
1748269857353,,
1748269857799.0,37535.6,37542.6
1748269858254.0,37538.1,37545.1
1748269859053.0,37535.6,37542.6
1748269859652.0,37538.1,37545.1
1748269860098.0,37535.6,37542.6
1748269861421.0,37535.6,37542.6
1748269861924.0,37535.6,37542.6
1748269862343.0,37533.1,37540.1
1748269862540.0,37535.6,37542.6
1748269862845.0,37533.1,37540.1
1748269863044.0,37535.6,37542.6
1748269864087.0,37538.1,37545.1
1748269864290,,
1748269864487.0,37535.6,37542.6
1748269864881.0,37538.1,37545.1
1748269865392.0,37535.6,37542.6
1748269866850.0,37538.1,37545.1
1748269867656.0,37535.6,37542.6
1748269868292.0,37538.1,37545.1
1748269868692.0,37535.6,37542.6
1748269870406.0,37535.6,37542.6
1748269870712.0,37533.1,37540.1
1748269871758.0,37535.6,37542.6
1748269872155.0,37533.1,37540.1
1748269873701.0,37535.6,37542.6
1748269874095.0,37533.1,37540.1
1748269874296.0,37535.6,37542.6
1748269875670.0,37533.1,37540.1
1748269875869.0,37535.6,37542.6
1748269876220.0,37533.1,37540.1
1748269876615.0,37535.6,37542.6
1748269878647.0,37538.1,37545.1
1748269879419.0,37535.6,37542.6
1748269879950.0,37538.1,37545.1
1748269882144.0,37538.1,37545.1
1748269882462.0,37535.6,37542.6
1748269883152.0,37538.1,37545.1
1748269883991.0,37540.6,37547.6
1748269887413.0,37543.1,37550.1
1748269890154.0,37540.6,37547.6
1748269890353.0,37543.1,37550.1
1748269895212.0,37545.6,37552.6
1748269897166.0,37548.1,37555.1
1748269898537.0,37545.6,37552.6
1748269898735.0,37548.1,37555.1
1748269900308.0,37545.6,37552.6
1748269900997.0,37548.1,37555.1
1748269902196.0,37550.6,37557.6
1748269907550.0,37550.6,37557.6
1748269908031.0,37548.1,37555.1
1748269911068.0,37548.1,37555.1
1748269924239.0,37550.6,37557.6
1748269925319.0,37548.1,37555.1
1748269927876.0,37545.6,37552.6
1748269928074.0,37548.1,37555.1
1748269930374.0,37545.6,37552.6
1748269930572.0,37548.1,37555.1
1748269935127.0,37550.6,37557.6
1748269939387.0,37548.1,37555.1
1748269939584.0,37550.6,37557.6
1748269939879.0,37548.1,37555.1
1748269942684.0,37550.6,37557.6
1748269943379.0,37548.1,37555.1
1748269944764.0,37548.1,37555.1
1748269949259.0,37545.6,37552.6
1748269949660.0,37545.6,37552.6
1748269950093.0,37545.6,37552.6
1748269956135.0,37543.1,37550.1
1748269962432.0,37540.6,37547.6
1748269963538.0,37538.1,37545.1
1748269967880.0,37540.6,37547.6
1748269968079.0,37538.1,37545.1
1748269969555.0,37540.6,37547.6
1748269969962.0,37538.1,37545.1
1748269971814.0,37540.6,37547.6
1748269973719.0,37543.1,37550.1
1748269973915.0,37540.6,37547.6
1748269980303.0,37538.1,37545.1
1748269983340.0,37535.6,37542.6
1748269983539.0,37538.1,37545.1
1748269989970.0,37540.6,37547.6
1748269990986.0,37538.1,37545.1
1748269991185.0,37540.6,37547.6
1748270005952.0,37543.1,37550.1
1748270015269.0,37540.6,37547.6
1748270015691.0,37543.1,37550.1
1748270016368.0,37540.6,37547.6
1748270018249.0,37543.1,37550.1
1748270020472.0,37540.6,37547.6
1748270023435.0,37543.1,37550.1
1748270024888.0,37543.1,37550.1
1748270025350.0,37543.1,37550.1
1748270026702.0,37540.6,37547.6
1748270027989.0,37543.1,37550.1
1748270029307.0,37540.6,37547.6
1748270029707,,
1748270031505.0,37538.1,37545.1
1748270034993.0,37540.6,37547.6
1748270084508.0,37543.1,37550.1
1748270086261.0,37540.6,37547.6
1748270100454.0,37538.1,37545.1
1748270101376.0,37540.6,37547.6
1748270101846.0,37538.1,37545.1
1748270102843.0,37538.1,37545.1
1748270103062.0,37535.6,37542.6
1748270103262.0,37538.1,37545.1
1748270104243.0,37535.6,37542.6
1748270104443.0,37538.1,37545.1
1748270104842.0,37540.6,37547.6
1748270105472.0,37538.1,37545.1
1748270105670.0,37540.6,37547.6
1748270106292.0,37538.1,37545.1
1748270107841.0,37538.1,37545.1
1748270108039.0,37540.6,37547.6
1748270108239.0,37538.1,37545.1
1748270111892.0,37535.6,37542.6
1748270113504.0,37538.1,37545.1
1748270114305.0,37535.6,37542.6
1748270114626.0,37538.1,37545.1
1748270115133.0,37535.6,37542.6
1748270115503,,
1748270115696.0,37540.6,37547.6
1748270116386.0,37540.6,37547.6
1748270117117.0,37538.1,37545.1
1748270117516.0,37540.6,37547.6
1748270117714.0,37538.1,37545.1
1748270118191.0,37535.6,37542.6
1748270118387.0,37538.1,37545.1
1748270119007.0,37535.6,37542.6
1748270119624.0,37538.1,37545.1
1748270119824.0,37535.6,37542.6
1748270127659.0,37533.1,37540.1
1748270127859.0,37530.6,37537.6
1748270128060.0,37533.1,37540.1
1748270131127.0,37535.6,37542.6
1748270131324.0,37533.1,37540.1
1748270132271.0,37535.6,37542.6
1748270132671.0,37535.6,37542.6
1748270133071.0,37533.1,37540.1
1748270139594.0,37535.6,37542.6
1748270139792.0,37533.1,37540.1
1748270140059.0,37535.6,37542.6
1748270140631.0,37533.1,37540.1
1748270142461.0,37535.6,37542.6
1748270142993.0,37533.1,37540.1
1748270150605.0,37530.6,37537.6
1748270161695.0,37533.1,37540.1
1748270162433.0,37535.6,37542.6
1748270163499.0,37533.1,37540.1
1748270164443.0,37535.6,37542.6
1748270174750.0,37538.1,37545.1
1748270179652.0,37540.6,37547.6
1748270181725.0,37538.1,37545.1
1748270183850.0,37535.6,37542.6
1748270184342.0,37538.1,37545.1
1748270185592.0,37535.6,37542.6
1748270186116.0,37538.1,37545.1
1748270188190.0,37538.1,37545.1
1748270193213.0,37535.6,37542.6
1748270194635.0,37538.1,37545.1
1748270194941.0,37535.6,37542.6
1748270195140.0,37538.1,37545.1
1748270203690.0,37535.6,37542.6
1748270204189.0,37538.1,37545.1
1748270204386.0,37535.6,37542.6
1748270204706.0,37538.1,37545.1
1748270212213.0,37535.6,37542.6
1748270212907.0,37538.1,37545.1
1748270213106.0,37535.6,37542.6
1748270214208.0,37538.1,37545.1
1748270218794.0,37538.1,37545.1
1748270233311.0,37540.6,37547.6
1748270233709,,
1748270234114.0,37543.1,37550.1
1748270237760.0,37540.6,37547.6
1748270237960.0,37543.1,37550.1
1748270241683.0,37540.6,37547.6
1748270257296.0,37543.1,37550.1
1748270257494.0,37540.6,37547.6
1748270258005.0,37543.1,37550.1
1748270258374.0,37540.6,37547.6
1748270258574.0,37543.1,37550.1
1748270259843.0,37540.6,37547.6
1748270268388,,
1748270268585.0,37538.1,37545.1
1748270277422.0,37535.6,37542.6
1748270277621.0,37538.1,37545.1
1748270280191.0,37535.6,37542.6
1748270280799.0,37538.1,37545.1
1748270280999.0,37535.6,37542.6
1748270282321.0,37538.1,37545.1
1748270283121.0,37535.6,37542.6
1748270283619.0,37538.1,37545.1
1748270284119.0,37535.6,37542.6
1748270285253.0,37538.1,37545.1
1748270285454.0,37535.6,37542.6
1748270285783.0,37538.1,37545.1
1748270286182.0,37535.6,37542.6
1748270286718.0,37538.1,37545.1
1748270286968.0,37535.6,37542.6
1748270288296.0,37538.1,37545.1
1748270288795.0,37535.6,37542.6
1748270289493.0,37538.1,37545.1
1748270306587.0,37538.1,37545.1
1748270306812.0,37540.6,37547.6
1748270307438.0,37538.1,37545.1
1748270307847.0,37540.6,37547.6
1748270308350.0,37538.1,37545.1
1748270308745.0,37540.6,37547.6
1748270309061.0,37538.1,37545.1
1748270310481.0,37535.6,37542.6
1748270310682.0,37538.1,37545.1
1748270312624.0,37535.6,37542.6
1748270312895.0,37538.1,37545.1
1748270316104.0,37535.6,37542.6
1748270317206.0,37538.1,37545.1
1748270318262.0,37535.6,37542.6
1748270318880.0,37538.1,37545.1
1748270330339.0,37535.6,37542.6
1748270334399.0,37535.6,37542.6
1748270336711.0,37538.1,37545.1
1748270337316.0,37535.6,37542.6
1748270337516.0,37540.6,37547.6
1748270339198.0,37538.1,37545.1
1748270339395.0,37540.6,37547.6
1748270342704.0,37535.6,37542.6
1748270342904.0,37538.1,37545.1
1748270344801.0,37538.1,37545.1
1748270345676.0,37535.6,37542.6
1748270345874.0,37538.1,37545.1
1748270347875.0,37535.6,37542.6
1748270348076.0,37538.1,37545.1
1748270356691.0,37540.6,37547.6
1748270357197.0,37538.1,37545.1
1748270363440.0,37540.6,37547.6
1748270363942.0,37538.1,37545.1
1748270364140.0,37540.6,37547.6
1748270364512.0,37538.1,37545.1
1748270365280.0,37540.6,37547.6
1748270365778.0,37538.1,37545.1
1748270366310.0,37540.6,37547.6
1748270367003.0,37538.1,37545.1
1748270369077.0,37540.6,37547.6
1748270369573.0,37538.1,37545.1
1748270380367.0,37535.6,37542.6
1748270380564.0,37538.1,37545.1
1748270381536.0,37535.6,37542.6
1748270381735.0,37538.1,37545.1
1748270386521.0,37535.6,37542.6
1748270386715.0,37538.1,37545.1
1748270387381.0,37535.6,37542.6
1748270387580.0,37538.1,37545.1
1748270401236.0,37540.6,37547.6
1748270401812.0,37538.1,37545.1
1748270402010.0,37540.6,37547.6
1748270402360.0,37538.1,37545.1
1748270403647.0,37538.1,37545.1
1748270407246.0,37538.1,37545.1
1748270411379.0,37540.6,37547.6
1748270422880,,
1748270423039.0,37538.1,37545.1
1748270425298.0,37535.6,37542.6
1748270425494.0,37538.1,37545.1
1748270425694.0,37535.6,37542.6
1748270426201.0,37538.1,37545.1
1748270434056.0,37540.6,37547.6
1748270441642.0,37543.1,37550.1
1748270442963.0,37540.6,37547.6
1748270448235.0,37543.1,37550.1
1748270448967.0,37540.6,37547.6
1748270454089.0,37538.1,37545.1
1748270454288.0,37540.6,37547.6
1748270461340,,
1748270472565.0,37543.1,37550.1
1748270475493.0,37545.6,37552.6
1748270476795,,
1748270477236,,
1748270477798.0,37545.6,37552.6
1748270478197.0,37545.6,37552.6
1748270478801.0,37548.1,37555.1
1748270480893.0,37545.6,37552.6
1748270482095.0,37548.1,37555.1
1748270487052.0,37550.6,37557.6
1748270496335,,
1748270496915.0,37548.1,37555.1
1748270498946.0,37550.6,37557.6
1748270528211,,
1748270528415.0,37553.1,37560.1
1748270528610.0,37550.6,37557.6
1748270529014.0,37553.1,37560.1
1748270529502.0,37550.6,37557.6
1748270530984.0,37553.1,37560.1
1748270540679.0,37555.6,37562.6
1748270541872,,
1748270556177,,
1748270583062,,
1748270583602.0,37553.1,37560.1
1748270584674.0,37555.6,37562.6
1748270585176.0,37553.1,37560.1
1748270585374.0,37555.6,37562.6
1748270614242,,
1748270614434.0,37553.1,37560.1
1748270616363.0,37553.1,37560.1
1748270616812.0,37553.1,37560.1
1748270621227.0,37555.6,37562.6
1748270621816.0,37553.1,37560.1
1748270624990.0,37555.6,37562.6
1748270627075.0,37553.1,37560.1
1748270627473.0,37555.6,37562.6
1748270628124.0,37553.1,37560.1
1748270630946.0,37555.6,37562.6
1748270631517.0,37553.1,37560.1
1748270632497.0,37555.6,37562.6
1748270632998.0,37553.1,37560.1
1748270633557.0,37555.6,37562.6
1748270634442.0,37553.1,37560.1
1748270634642.0,37555.6,37562.6
1748270635006.0,37553.1,37560.1
1748270636339.0,37555.6,37562.6
1748270637144.0,37553.1,37560.1
1748270641600.0,37555.6,37562.6
1748270654068.0,37553.1,37560.1
1748270660802.0,37555.6,37562.6
1748270683335,,
1748270700456,,
1748270700657.0,37553.1,37560.1
1748270701358.0,37555.6,37562.6
1748270701552,,
1748270702059,,
1748270702496,,
1748270712753.0,37550.6,37557.6
1748270713308.0,37553.1,37560.1
1748270713707.0,37550.6,37557.6
1748270720296,,
1748270720496,,
1748270720955.0,37548.1,37555.1
1748270723943.0,37550.6,37557.6
1748270790059.0,37548.1,37555.1
1748270790458.0,37550.6,37557.6
1748270802446.0,37548.1,37555.1
1748270802643.0,37550.6,37557.6
1748270811207.0,37548.1,37555.1
1748270813733.0,37550.6,37557.6
1748270813931.0,37548.1,37555.1
1748270816922.0,37550.6,37557.6
1748270817120.0,37548.1,37555.1
1748270819571.0,37550.6,37557.6
1748270828265.0,37550.6,37557.6
1748270860591,,
1748270860792.0,37555.6,37562.6
1748270868229.0,37553.1,37560.1
1748270880982.0,37550.6,37557.6
1748270889730,,
1748270889928.0,37553.1,37560.1
1748270890232.0,37550.6,37557.6
1748270892445.0,37553.1,37560.1
1748270893353.0,37550.6,37557.6
1748270893922.0,37553.1,37560.1
1748270896095.0,37550.6,37557.6
1748270896289.0,37553.1,37560.1
1748270896764.0,37550.6,37557.6
1748270910823.0,37550.6,37557.6
1748270913271.0,37553.1,37560.1
1748270913511.0,37550.6,37557.6
1748270913711.0,37553.1,37560.1
1748270915807.0,37550.6,37557.6
1748270916205.0,37550.6,37557.6
1748270923313.0,37548.1,37555.1
1748270932967.0,37545.6,37552.6
1748270933164,,
1748270943617.0,37548.1,37555.1
1748270946712.0,37550.6,37557.6
1748270946911.0,37548.1,37555.1
1748270953146.0,37550.6,37557.6
1748270954015.0,37550.6,37557.6
1748270963589.0,37553.1,37560.1
1748270964998.0,37550.6,37557.6
1748270979504.0,37548.1,37555.1
1748270979700.0,37550.6,37557.6
1748270981206.0,37548.1,37555.1
1748270981606.0,37548.1,37555.1
1748270984958.0,37548.1,37555.1
1748270986337.0,37545.6,37552.6
1748270988162.0,37548.1,37555.1
1748270988560.0,37545.6,37552.6
1748270990693,,
1748270990889.0,37548.1,37555.1
1748270995554.0,37545.6,37552.6
1748270995952.0,37548.1,37555.1
1748270996552.0,37545.6,37552.6
1748271011519.0,37548.1,37555.1
1748271023410.0,37550.6,37557.6
1748271024741.0,37548.1,37555.1
1748271026252.0,37548.1,37555.1
1748271032111.0,37545.6,37552.6
1748271042368.0,37548.1,37555.1
1748271042566.0,37545.6,37552.6
1748271046403.0,37548.1,37555.1
1748271046887.0,37545.6,37552.6
1748271056809,,
1748271057009.0,37543.1,37550.1
1748271057329.0,37545.6,37552.6
1748271057729.0,37543.1,37550.1
1748271058324.0,37545.6,37552.6
1748271059019.0,37543.1,37550.1
1748271059221.0,37545.6,37552.6
1748271065593.0,37543.1,37550.1
1748271065992.0,37543.1,37550.1
1748271066644.0,37545.6,37552.6
1748271067044.0,37543.1,37550.1
1748271067244.0,37545.6,37552.6
1748271068914.0,37543.1,37550.1
1748271069335.0,37545.6,37552.6
1748271069838.0,37543.1,37550.1
1748271070038.0,37540.6,37547.6
1748271071319.0,37543.1,37550.1
1748271071942.0,37545.6,37552.6
1748271072142.0,37543.1,37550.1
1748271074455.0,37545.6,37552.6
1748271074653.0,37543.1,37550.1
1748271075488.0,37540.6,37547.6
1748271078200.0,37543.1,37550.1
1748271080440.0,37545.6,37552.6
1748271086886.0,37548.1,37555.1
1748271087343.0,37550.6,37557.6
1748271087742.0,37548.1,37555.1
1748271088844.0,37550.6,37557.6
1748271090598.0,37548.1,37555.1
1748271091328.0,37550.6,37557.6
1748271091838.0,37548.1,37555.1
1748271092325.0,37545.6,37552.6
1748271122759.0,37548.1,37555.1
1748271126464.0,37550.6,37557.6
1748271126860.0,37548.1,37555.1
1748271127236.0,37550.6,37557.6
1748271138813,,
1748271139012.0,37553.1,37560.1
1748271140824.0,37555.6,37562.6
1748271141024.0,37553.1,37560.1
1748271144235.0,37555.6,37562.6
1748271144434.0,37553.1,37560.1
1748271144905.0,37555.6,37562.6
1748271145104.0,37553.1,37560.1
1748271146835.0,37555.6,37562.6
1748271147032,,
1748271155663.0,37553.1,37560.1
1748271163446.0,37550.6,37557.6
1748271163646.0,37553.1,37560.1
1748271167835.0,37550.6,37557.6
1748271168565.0,37553.1,37560.1
1748271177546.0,37550.6,37557.6
1748271177745.0,37553.1,37560.1
1748271178088.0,37550.6,37557.6
1748271178590.0,37553.1,37560.1
1748271182148.0,37550.6,37557.6
1748271182347.0,37553.1,37560.1
1748271182548.0,37550.6,37557.6
1748271182985.0,37553.1,37560.1
1748271183504.0,37550.6,37557.6
1748271214401,,
1748271214542.0,37553.1,37560.1
1748271216590.0,37553.1,37560.1
1748271216945.0,37550.6,37557.6
1748271217502.0,37553.1,37560.1
1748271224944.0,37555.6,37562.6
1748271233909.0,37553.1,37560.1
1748271234864,,
1748271235065.0,37550.6,37557.6
1748271238126,,
1748271238321,,
1748271253290.0,37553.1,37560.1
1748271256387.0,37550.6,37557.6
1748271256583.0,37553.1,37560.1
1748271257154.0,37550.6,37557.6
1748271259573,,
1748271259772.0,37553.1,37560.1
1748271261943.0,37550.6,37557.6
1748271262141.0,37553.1,37560.1
1748271266535.0,37555.6,37562.6
1748271270328.0,37553.1,37560.1
1748271270527.0,37555.6,37562.6
1748271276521.0,37553.1,37560.1
1748271276711,,
1748271284933.0,37550.6,37557.6
1748271286274.0,37553.1,37560.1
1748271289869.0,37555.6,37562.6
1748271290269.0,37553.1,37560.1
1748271290897.0,37555.6,37562.6
1748271291098.0,37553.1,37560.1
1748271291297.0,37555.6,37562.6
1748271292864.0,37553.1,37560.1
1748271295170.0,37555.6,37562.6
1748271298380.0,37553.1,37560.1
1748271299379.0,37555.6,37562.6
1748271301789.0,37553.1,37560.1
1748271303693.0,37550.6,37557.6
1748271303891.0,37553.1,37560.1
1748271305529.0,37555.6,37562.6
1748271305811,,
1748271306012.0,37553.1,37560.1
1748271313767.0,37555.6,37562.6
1748271313966.0,37553.1,37560.1
1748271315117.0,37555.6,37562.6
1748271361477.0,37553.1,37560.1
1748271362504.0,37550.6,37557.6
1748271362702.0,37553.1,37560.1
1748271363102.0,37550.6,37557.6
1748271363889.0,37553.1,37560.1
1748271365313.0,37550.6,37557.6
1748271365514.0,37553.1,37560.1
1748271366192.0,37550.6,37557.6
1748271366392.0,37553.1,37560.1
1748271366805.0,37555.6,37562.6
1748271367005.0,37550.6,37557.6
1748271367512,,
1748271367712.0,37548.1,37555.1
1748271367911.0,37545.6,37552.6
1748271368121.0,37548.1,37555.1
1748271368312.0,37545.6,37552.6
1748271374360.0,37548.1,37555.1
1748271374560.0,37550.6,37557.6
1748271374814.0,37548.1,37555.1
1748271375214.0,37550.6,37557.6
1748271388305.0,37548.1,37555.1
1748271389557.0,37545.6,37552.6
1748271390430.0,37548.1,37555.1
1748271391790.0,37545.6,37552.6
1748271391988.0,37548.1,37555.1
1748271392413.0,37545.6,37552.6
1748271392611.0,37548.1,37555.1
1748271392810.0,37545.6,37552.6
1748271400026.0,37543.1,37550.1
1748271400424.0,37545.6,37552.6
1748271404932,,
1748271405131.0,37550.6,37557.6
1748271405437.0,37548.1,37555.1
1748271408028.0,37550.6,37557.6
1748271408712.0,37548.1,37555.1
1748271414935.0,37550.6,37557.6
1748271419404.0,37548.1,37555.1
1748271419910.0,37545.6,37552.6
1748271420107.0,37548.1,37555.1
1748271421024.0,37545.6,37552.6
1748271421224.0,37548.1,37555.1
1748271421693.0,37545.6,37552.6
1748271421896.0,37548.1,37555.1
1748271425101.0,37545.6,37552.6
1748271425300.0,37548.1,37555.1
1748271425500.0,37545.6,37552.6
1748271425943.0,37548.1,37555.1
1748271427594.0,37545.6,37552.6
1748271427794.0,37548.1,37555.1
1748271430989.0,37545.6,37552.6
1748271431189.0,37548.1,37555.1
1748271433616.0,37545.6,37552.6
1748271433815.0,37548.1,37555.1
1748271434014.0,37545.6,37552.6
1748271439759.0,37548.1,37555.1
1748271439958.0,37545.6,37552.6
1748271440438.0,37548.1,37555.1
1748271440866.0,37545.6,37552.6
1748271453590.0,37548.1,37555.1
1748271453790.0,37545.6,37552.6
1748271459952.0,37545.6,37552.6
1748271492263.0,37548.1,37555.1
1748271492463.0,37545.6,37552.6
1748271498426.0,37548.1,37555.1
1748271500822.0,37545.6,37552.6
1748271503653.0,37548.1,37555.1
1748271506916.0,37550.6,37557.6
1748271509578.0,37548.1,37555.1
1748271511063.0,37550.6,37557.6
1748271511462.0,37548.1,37555.1
1748271516153.0,37550.6,37557.6
1748271516353.0,37548.1,37555.1
1748271516581.0,37550.6,37557.6
1748271522444.0,37548.1,37555.1
1748271522854.0,37550.6,37557.6
1748271525533.0,37548.1,37555.1
1748271530359.0,37550.6,37557.6
1748271530557.0,37548.1,37555.1
1748271531157.0,37550.6,37557.6
1748271531937.0,37548.1,37555.1
1748271532136.0,37550.6,37557.6
1748271533655.0,37548.1,37555.1
1748271534210.0,37550.6,37557.6
1748271537246.0,37548.1,37555.1
1748271538559.0,37545.6,37552.6
1748271538758.0,37548.1,37555.1
1748271540693.0,37545.6,37552.6
1748271540894,,
1748271543773.0,37548.1,37555.1
1748271543969.0,37545.6,37552.6
1748271544928.0,37548.1,37555.1
1748271545489.0,37545.6,37552.6
1748271546917.0,37548.1,37555.1
1748271547990.0,37545.6,37552.6
1748271548687.0,37548.1,37555.1
1748271548886.0,37545.6,37552.6
1748271550366.0,37548.1,37555.1
1748271550865.0,37545.6,37552.6
1748271551367.0,37548.1,37555.1
1748271560202.0,37550.6,37557.6
1748271560401.0,37548.1,37555.1
1748271561743,,
1748271561942.0,37550.6,37557.6
1748271562908.0,37548.1,37555.1
1748271567867.0,37550.6,37557.6
1748271568068.0,37548.1,37555.1
1748271569408.0,37550.6,37557.6
1748271569945.0,37548.1,37555.1
1748271583661.0,37550.6,37557.6
1748271589064,,
1748271589260.0,37548.1,37555.1
1748271591116.0,37545.6,37552.6
1748271592560,,
1748271592660.0,37548.1,37555.1
1748271595280.0,37545.6,37552.6
1748271595880.0,37548.1,37555.1
1748271596892.0,37545.6,37552.6
1748271597573.0,37548.1,37555.1
1748271597939.0,37545.6,37552.6
1748271598929.0,37548.1,37555.1
1748271599128.0,37545.6,37552.6
1748271599327.0,37548.1,37555.1
1748271599716,,
1748271600484.0,37550.6,37557.6
1748271600884.0,37548.1,37555.1
1748271601498.0,37545.6,37552.6
1748271601698.0,37548.1,37555.1
1748271604115.0,37545.6,37552.6
1748271605844.0,37548.1,37555.1
1748271606642.0,37545.6,37552.6
1748271606841.0,37548.1,37555.1
1748271607984.0,37545.6,37552.6
1748271608184.0,37548.1,37555.1
1748271610309.0,37545.6,37552.6
1748271610510.0,37548.1,37555.1
1748271615135.0,37550.6,37557.6
1748271616209.0,37548.1,37555.1
1748271617289.0,37550.6,37557.6
1748271625214.0,37548.1,37555.1
1748271625613.0,37545.6,37552.6
1748271625813.0,37548.1,37555.1
1748271626013.0,37545.6,37552.6
1748271627975.0,37548.1,37555.1
1748271628774.0,37545.6,37552.6
1748271629039.0,37548.1,37555.1
1748271629956.0,37545.6,37552.6
1748271630704.0,37548.1,37555.1
1748271632896.0,37545.6,37552.6
1748271633616.0,37548.1,37555.1
1748271634184.0,37545.6,37552.6
1748271635121,,
1748271635321.0,37543.1,37550.1
1748271635520.0,37540.6,37547.6
1748271636753.0,37543.1,37550.1
1748271636951.0,37540.6,37547.6
1748271637338.0,37543.1,37550.1
1748271637971.0,37540.6,37547.6
1748271638171.0,37543.1,37550.1
1748271638371.0,37540.6,37547.6
1748271640631.0,37538.1,37545.1
1748271640830.0,37540.6,37547.6
1748271644186.0,37538.1,37545.1
1748271645638.0,37540.6,37547.6
1748271646565.0,37538.1,37545.1
1748271647221.0,37540.6,37547.6
1748271648839.0,37543.1,37550.1
1748271649613.0,37540.6,37547.6
1748271654169.0,37543.1,37550.1
1748271655313.0,37540.6,37547.6
1748271655512.0,37543.1,37550.1
1748271657812.0,37540.6,37547.6
1748271658011.0,37543.1,37550.1
1748271660199.0,37545.6,37552.6
1748271661594.0,37545.6,37552.6
1748271663993.0,37548.1,37555.1
1748271665518.0,37545.6,37552.6
1748271665717.0,37548.1,37555.1
1748271666394.0,37545.6,37552.6
1748271666595.0,37548.1,37555.1
1748271666794.0,37545.6,37552.6
1748271669022.0,37543.1,37550.1
1748271669513.0,37540.6,37547.6
1748271670111.0,37543.1,37550.1
1748271670814.0,37540.6,37547.6
1748271671014.0,37543.1,37550.1
1748271671214.0,37540.6,37547.6
1748271692327,,
1748271692427.0,37543.1,37550.1
1748271693177.0,37545.6,37552.6
1748271695798.0,37548.1,37555.1
1748271700111.0,37545.6,37552.6
1748271700311.0,37548.1,37555.1
1748271700809.0,37545.6,37552.6
1748271707623.0,37543.1,37550.1
1748271708566.0,37545.6,37552.6
1748271710152.0,37543.1,37550.1
1748271710635.0,37545.6,37552.6
1748271710834.0,37543.1,37550.1
1748271715371.0,37540.6,37547.6
1748271720275.0,37543.1,37550.1
1748271721495.0,37540.6,37547.6
1748271724668.0,37543.1,37550.1
1748271730363.0,37540.6,37547.6
1748271731561.0,37543.1,37550.1
1748271737769.0,37540.6,37547.6
1748271739105.0,37543.1,37550.1
1748271739505.0,37540.6,37547.6
1748271741691.0,37543.1,37550.1
1748271741889.0,37540.6,37547.6
1748271742926.0,37538.1,37545.1
1748271743124.0,37530.6,37537.6
1748271743637.0,37533.1,37540.1
1748271745079.0,37535.6,37542.6
1748271745278.0,37533.1,37540.1
1748271746702.0,37530.6,37537.6
1748271747844.0,37533.1,37540.1
1748271748244.0,37530.6,37537.6
1748271753432,,
1748271753931.0,37533.1,37540.1
1748271759285.0,37535.6,37542.6
1748271759483.0,37533.1,37540.1
1748271760344.0,37535.6,37542.6
1748271760544.0,37533.1,37540.1
1748271764606.0,37530.6,37537.6
1748271764807.0,37533.1,37540.1
1748271765275.0,37530.6,37537.6
1748271771685.0,37533.1,37540.1
1748271771882.0,37530.6,37537.6
1748271773468.0,37533.1,37540.1
1748271773849.0,37530.6,37537.6
1748271776529.0,37533.1,37540.1
1748271779098.0,37530.6,37537.6
1748271789410,,
1748271789614.0,37525.6,37532.6
1748271794916,,
1748271796241,,
1748271796439.0,37528.1,37535.1
1748271796640.0,37530.6,37537.6
1748271798095.0,37528.1,37535.1
1748271808013.0,37525.6,37532.6
1748271808212.0,37528.1,37535.1
1748271808866.0,37525.6,37532.6
1748271809723.0,37528.1,37535.1
1748271809924.0,37525.6,37532.6
1748271810418.0,37528.1,37535.1
1748271812703.0,37525.6,37532.6
1748271813443.0,37528.1,37535.1
1748271814764.0,37530.6,37537.6
1748271850799,,
1748271850999.0,37528.1,37535.1
1748271855832.0,37525.6,37532.6
1748271856761.0,37528.1,37535.1
1748271856959.0,37525.6,37532.6
1748271860854.0,37528.1,37535.1
1748271861770.0,37525.6,37532.6
1748271865890.0,37528.1,37535.1
1748271866602.0,37525.6,37532.6
1748271868189.0,37528.1,37535.1
1748271869106.0,37525.6,37532.6
1748271869305.0,37528.1,37535.1
1748271869505.0,37525.6,37532.6
1748271869704.0,37528.1,37535.1
1748271869905.0,37525.6,37532.6
1748271870385.0,37528.1,37535.1
1748271871152.0,37525.6,37532.6
1748271872123.0,37528.1,37535.1
1748271872724.0,37525.6,37532.6
1748271873254.0,37528.1,37535.1
1748271874827.0,37528.1,37535.1
1748271875027.0,37525.6,37532.6
1748271878068.0,37528.1,37535.1
1748271878467.0,37528.1,37535.1
1748271879457.0,37525.6,37532.6
1748271879660.0,37528.1,37535.1
1748271880094.0,37530.6,37537.6
1748271880291.0,37528.1,37535.1
1748271882461.0,37525.6,37532.6
1748271882659,,
1748271884659,,
1748271901734.0,37523.1,37530.1
1748271902126.0,37520.6,37527.6
1748271905627,,
1748271905819.0,37518.1,37525.1
1748271906131.0,37515.6,37522.6
1748271906529,,
1748271908429.0,37518.1,37525.1
1748271908627.0,37515.6,37522.6
1748271908826.0,37518.1,37525.1
1748271909026.0,37515.6,37522.6
1748271909428.0,37518.1,37525.1
1748271910104.0,37520.6,37527.6
1748271910302.0,37518.1,37525.1
1748271910503.0,37515.6,37522.6
1748271911442.0,37518.1,37525.1
1748271911641.0,37515.6,37522.6
1748271912493.0,37518.1,37525.1
1748271914501.0,37515.6,37522.6
1748271919071,,
1748271919272.0,37510.6,37517.6
1748271928187,,
1748271928388.0,37513.1,37520.1
1748271929106.0,37510.6,37517.6
1748271929506.0,37513.1,37520.1
1748271930994.0,37510.6,37517.6
1748271940482,,
1748271940682.0,37513.1,37520.1
1748271941548.0,37515.6,37522.6
1748271941748.0,37513.1,37520.1
1748271944993.0,37515.6,37522.6
1748271949713,,
1748271961679,,
1748271961872.0,37510.6,37517.6
1748271964582.0,37513.1,37520.1
1748271964783.0,37515.6,37522.6
1748271984852.0,37513.1,37520.1
1748271985053.0,37515.6,37522.6
1748271991991.0,37518.1,37525.1
1748271994104.0,37515.6,37522.6
1748271999475,,
1748271999672.0,37518.1,37525.1
1748272001147.0,37515.6,37522.6
1748272017151.0,37518.1,37525.1
1748272018064.0,37515.6,37522.6
1748272020348,,
1748272020546.0,37518.1,37525.1
1748272027605.0,37515.6,37522.6
1748272028001.0,37518.1,37525.1
1748272035644.0,37520.6,37527.6
1748272040799.0,37518.1,37525.1
1748272041687.0,37515.6,37522.6
1748272043315.0,37518.1,37525.1
1748272043916.0,37515.6,37522.6
1748272044275.0,37518.1,37525.1
1748272044674.0,37515.6,37522.6
1748272047956.0,37518.1,37525.1
1748272048431.0,37515.6,37522.6
1748272048632.0,37518.1,37525.1
1748272050796.0,37515.6,37522.6
1748272050994.0,37518.1,37525.1
1748272055736.0,37515.6,37522.6
1748272059307.0,37518.1,37525.1
1748272063605.0,37515.6,37522.6
1748272064022.0,37518.1,37525.1
1748272064624.0,37515.6,37522.6
1748272065318.0,37518.1,37525.1
1748272065520.0,37515.6,37522.6
1748272066171.0,37518.1,37525.1
1748272066428.0,37520.6,37527.6
1748272066935.0,37518.1,37525.1
1748272072629.0,37515.6,37522.6
1748272072826.0,37518.1,37525.1
1748272073645.0,37515.6,37522.6
1748272074934.0,37518.1,37525.1
1748272076861.0,37515.6,37522.6
1748272077360.0,37518.1,37525.1
1748272078850.0,37515.6,37522.6
1748272079312.0,37518.1,37525.1
1748272079513.0,37515.6,37522.6
1748272079814.0,37518.1,37525.1
1748272080214.0,37515.6,37522.6
1748272080785.0,37518.1,37525.1
1748272080984.0,37515.6,37522.6
1748272081934.0,37518.1,37525.1
1748272082135.0,37515.6,37522.6
1748272082631.0,37518.1,37525.1
1748272083134.0,37515.6,37522.6
1748272084110.0,37518.1,37525.1
1748272085168.0,37515.6,37522.6
1748272086505.0,37518.1,37525.1
1748272088197.0,37515.6,37522.6
1748272088991.0,37518.1,37525.1
1748272093039.0,37515.6,37522.6
1748272096772,,
1748272096971.0,37520.6,37527.6
1748272105284.0,37515.6,37522.6
1748272113254.0,37518.1,37525.1
1748272118360.0,37520.6,37527.6
1748272118556.0,37518.1,37525.1
1748272119213.0,37520.6,37527.6
1748272119412.0,37518.1,37525.1
1748272120103.0,37520.6,37527.6
1748272127808,,
1748272128007.0,37525.6,37532.6
1748272160531,,
1748272160731.0,37528.1,37535.1
1748272176942.0,37530.6,37537.6
1748272178036,,
1748272178234.0,37528.1,37535.1
1748272183627.0,37525.6,37532.6
1748272183855.0,37528.1,37535.1
1748272191635.0,37525.6,37532.6
1748272193798.0,37528.1,37535.1
1748272194196.0,37525.6,37532.6
1748272194759.0,37528.1,37535.1
1748272199462.0,37525.6,37532.6
1748272203605.0,37528.1,37535.1
1748272204017.0,37530.6,37537.6
1748272207647.0,37533.1,37540.1
1748272208047.0,37535.6,37542.6
1748272217960,,
1748272222291.0,37538.1,37545.1
1748272222489.0,37540.6,37547.6
1748272225213,,
1748272225401.0,37538.1,37545.1
1748272231529.0,37535.6,37542.6
1748272232416.0,37538.1,37545.1
1748272233107.0,37535.6,37542.6
1748272233504.0,37538.1,37545.1
1748272234069.0,37535.6,37542.6
1748272234268.0,37538.1,37545.1
1748272236948.0,37540.6,37547.6
1748272241396,,
1748272241592.0,37538.1,37545.1
1748272244279.0,37535.6,37542.6
1748272247492.0,37538.1,37545.1
1748272247691.0,37535.6,37542.6
1748272248291.0,37538.1,37545.1
1748272248491.0,37535.6,37542.6
1748272256661.0,37538.1,37545.1
1748272258665.0,37535.6,37542.6
1748272260165.0,37538.1,37545.1
1748272261755.0,37535.6,37542.6
1748272261954.0,37538.1,37545.1
1748272284502.0,37535.6,37542.6
1748272286178.0,37538.1,37545.1
1748272286655.0,37535.6,37542.6
1748272287052.0,37538.1,37545.1
1748272288295.0,37535.6,37542.6
1748272289468.0,37538.1,37545.1
1748272295124.0,37535.6,37542.6
1748272300936.0,37530.6,37537.6
1748272309333,,
1748272309524,,
1748272310262,,
1748272310392.0,37528.1,37535.1
1748272311904.0,37530.6,37537.6
1748272312551.0,37528.1,37535.1
1748272313643.0,37530.6,37537.6
1748272313841.0,37528.1,37535.1
1748272319039.0,37525.6,37532.6
1748272319238.0,37528.1,37535.1
1748272320380.0,37525.6,37532.6
1748272321254.0,37528.1,37535.1
1748272322262.0,37525.6,37532.6
1748272323814.0,37523.1,37530.1
1748272324454.0,37525.6,37532.6
1748272324883.0,37523.1,37530.1
1748272325663.0,37525.6,37532.6
1748272328212,,
1748272328309.0,37530.6,37537.6
1748272333135.0,37533.1,37540.1
1748272342029.0,37535.6,37542.6
1748272345062.0,37533.1,37540.1
1748272349416.0,37535.6,37542.6
1748272350910.0,37538.1,37545.1
1748272353716.0,37540.6,37547.6
1748272353914.0,37538.1,37545.1
1748272368257.0,37540.6,37547.6
1748272368746.0,37538.1,37545.1
1748272374390.0,37535.6,37542.6
1748272374588.0,37538.1,37545.1
1748272375234.0,37535.6,37542.6
1748272377894.0,37538.1,37545.1
1748272378913.0,37535.6,37542.6
1748272379112.0,37538.1,37545.1
1748272384049.0,37540.6,37547.6
1748272448313.0,37538.1,37545.1
1748272449531.0,37540.6,37547.6
1748272483412,,
1748272483611.0,37535.6,37542.6
1748272484317.0,37538.1,37545.1
1748272484516.0,37535.6,37542.6
1748272490686.0,37538.1,37545.1
1748272491711.0,37535.6,37542.6
1748272492150.0,37538.1,37545.1
1748272492838.0,37535.6,37542.6
1748272520247,,
1748272521314.0,37533.1,37540.1
1748272523306.0,37535.6,37542.6
1748272523705.0,37533.1,37540.1
1748272532082.0,37535.6,37542.6
1748272559202.0,37533.1,37540.1
1748272563613.0,37535.6,37542.6
1748272564159.0,37533.1,37540.1
1748272565107.0,37535.6,37542.6
1748272575207.0,37533.1,37540.1
1748272584068,,
1748272584268.0,37540.6,37547.6
1748272584467.0,37538.1,37545.1
1748272585563.0,37535.6,37542.6
1748272599115,,
1748272635197.0,37538.1,37545.1
1748272635597.0,37540.6,37547.6
1748272667271,,
1748272667438.0,37538.1,37545.1
1748272667637.0,37535.6,37542.6
1748272713937,,
1748272714136.0,37540.6,37547.6
1748272715445.0,37540.6,37547.6
1748272715650.0,37543.1,37550.1
1748272717182.0,37540.6,37547.6
1748272718555.0,37543.1,37550.1
1748272722436.0,37540.6,37547.6
1748272722635.0,37543.1,37550.1
1748272726872.0,37545.6,37552.6
1748272727072.0,37543.1,37550.1
1748272739362.0,37540.6,37547.6
1748272739564.0,37543.1,37550.1
1748272741517.0,37540.6,37547.6
1748272746810.0,37543.1,37550.1
1748272748667.0,37540.6,37547.6
1748272748860.0,37543.1,37550.1
1748272769831.0,37540.6,37547.6
1748272770297.0,37543.1,37550.1
1748272770497.0,37540.6,37547.6
1748272777687.0,37543.1,37550.1
1748272780395.0,37540.6,37547.6
1748272780595.0,37543.1,37550.1
1748272781194.0,37540.6,37547.6
1748272781984.0,37543.1,37550.1
1748272784107.0,37540.6,37547.6
1748272784305.0,37543.1,37550.1
1748272784505.0,37540.6,37547.6
1748272784907.0,37543.1,37550.1
1748272785109.0,37540.6,37547.6
1748272788687.0,37543.1,37550.1
1748272789748.0,37545.6,37552.6
1748272789956.0,37543.1,37550.1
1748272790322.0,37540.6,37547.6
1748272790608.0,37543.1,37550.1
1748272799332.0,37540.6,37547.6
1748272800401.0,37543.1,37550.1
1748272802315.0,37545.6,37552.6
1748272802518.0,37543.1,37550.1
1748272802729.0,37540.6,37547.6
1748272802929.0,37543.1,37550.1
1748272803130.0,37540.6,37547.6
1748272804499.0,37543.1,37550.1
1748272805833.0,37540.6,37547.6
1748272806333.0,37543.1,37550.1
1748272806568.0,37540.6,37547.6
1748272807646.0,37543.1,37550.1
1748272808554.0,37545.6,37552.6
1748272808753.0,37543.1,37550.1
1748272819641.0,37540.6,37547.6
1748272819837.0,37543.1,37550.1
1748272843431.0,37545.6,37552.6
1748272848789.0,37548.1,37555.1
1748272849788.0,37545.6,37552.6
1748272849987.0,37548.1,37555.1
1748272850430.0,37545.6,37552.6
1748272852200.0,37548.1,37555.1
1748272852400.0,37545.6,37552.6
1748272853785.0,37548.1,37555.1
1748272854462.0,37545.6,37552.6
1748272854662.0,37548.1,37555.1
1748272858861.0,37550.6,37557.6
1748272861595,,
1748272861794.0,37548.1,37555.1
1748272866907.0,37545.6,37552.6
1748272867106.0,37548.1,37555.1
1748272876665.0,37545.6,37552.6
1748272896427.0,37548.1,37555.1
1748272896828.0,37545.6,37552.6
1748272912506.0,37548.1,37555.1
1748272912705.0,37545.6,37552.6
1748272916990.0,37548.1,37555.1
1748272917189.0,37545.6,37552.6
1748272966525.0,37548.1,37555.1
1748272966726.0,37545.6,37552.6
1748273010198.0,37548.1,37555.1
1748273018451.0,37550.6,37557.6
1748273110850,,
1748273111440,,
1748273122790,,
1748273122987.0,37548.1,37555.1
1748273123254.0,37545.6,37552.6
1748273123454,,
1748273125773,,
1748273129588,,
1748273132289,,
1748273135496,,
1748273135822,,
1748273136019.0,37548.1,37555.1
1748273136244,,
1748273138432.0,37545.6,37552.6
1748273140699,,
1748273145760,,
1748273147626,,
1748273149408,,
1748273149608.0,37543.1,37550.1
1748273149813.0,37540.6,37547.6
1748273150020,,
1748273150221.0,37545.6,37552.6
1748273158805.0,37543.1,37550.1
1748273161788.0,37545.6,37552.6
1748273164995,,
1748273174443,,
1748273175107,,
1748273175308.0,37550.6,37557.6
1748273179036,,
1748273179238.0,37548.1,37555.1
1748273179503,,
1748273179702.0,37545.6,37552.6
1748273185476,,
1748273185674,,
1748273192259,,
1748273192457.0,37550.6,37557.6
1748273195662,,
1748273195863.0,37553.1,37560.1
1748273199122.0,37555.6,37562.6
1748273200341.0,37553.1,37560.1
1748273201524.0,37555.6,37562.6
1748273201927.0,37553.1,37560.1
1748273202594.0,37555.6,37562.6
1748273202792.0,37550.6,37557.6
1748273203057,,
1748273203255.0,37553.1,37560.1
1748273208076.0,37550.6,37557.6
1748273209352,,
1748273210341,,
1748273219164,,
1748273219764,,
1748273220779.0,37548.1,37555.1
1748273235579.0,37550.6,37557.6
1748273236417.0,37548.1,37555.1
1748273239201,,
1748273239401.0,37545.6,37552.6
1748273243798,,
1748273243999.0,37543.1,37550.1
1748273244495.0,37545.6,37552.6
1748273245068.0,37543.1,37550.1
1748273246448.0,37545.6,37552.6
1748273251889,,
1748273252091.0,37548.1,37555.1
1748273252684.0,37550.6,37557.6
1748273256897,,
1748273258506.0,37553.1,37560.1
1748273263355.0,37550.6,37557.6
1748273269051,,
1748273269250,,
1748273281476,,
1748273287215,,
1748273287335,,
1748273287536.0,37553.1,37560.1
1748273287736.0,37555.6,37562.6
1748273293349.0,37558.1,37565.1
1748273298902,,
1748273299102.0,37555.6,37562.6
1748273303507,,
1748273306014,,
1748273310502,,
1748273310841,,
1748273317405,,
1748273317600.0,37553.1,37560.1
1748273320042.0,37555.6,37562.6
1748273320241.0,37553.1,37560.1
1748273320662.0,37555.6,37562.6
1748273320861.0,37553.1,37560.1
1748273324703.0,37555.6,37562.6
1748273330403.0,37553.1,37560.1
1748273331739,,
1748273335053,,
1748273336695.0,37555.6,37562.6
1748273336895.0,37553.1,37560.1
1748273337713,,
1748273340778,,
1748273340892,,
1748273343682,,
1748273345569.0,37550.6,37557.6
1748273348127,,
1748273352081,,
1748273352833,,
1748273358605,,
1748273368439,,
1748273369402,,
1748273382486,,
1748273382683,,
1748273382984.0,37548.1,37555.1
1748273383183.0,37550.6,37557.6
1748273383592.0,37548.1,37555.1
1748273386661.0,37550.6,37557.6
1748273386859,,
1748273397412,,
1748273397610.0,37548.1,37555.1
1748273397965.0,37550.6,37557.6
1748273398705.0,37548.1,37555.1
1748273400086.0,37550.6,37557.6
1748273400287,,
1748273400485,,
1748273401751,,
1748273402616,,
1748273412771.0,37553.1,37560.1
1748273412970.0,37550.6,37557.6
1748273417707,,
1748273418374.0,37550.6,37557.6
1748273418574,,
1748273418793.0,37553.1,37560.1
1748273431996.0,37555.6,37562.6
1748273432194.0,37553.1,37560.1
1748273433715.0,37550.6,37557.6
1748273457733,,
1748273457932,,
1748273487214,,
1748273497207,,
1748273497404,,
1748273500246.0,37548.1,37555.1
1748273500691,,
1748273503703.0,37550.6,37557.6
1748273504114,,
1748273504315.0,37548.1,37555.1
1748273509500,,
1748273510523.0,37545.6,37552.6
1748273510720.0,37548.1,37555.1
1748273511902.0,37545.6,37552.6
1748273512101.0,37548.1,37555.1
1748273514989,,
1748273515187.0,37545.6,37552.6
1748273516208,,
1748273516407.0,37550.6,37557.6
1748273521596,,
1748273521794.0,37545.6,37552.6
1748273525664,,
1748273529204,,
1748273532194,,
1748273539997,,
1748273540199,,
1748273541054.0,37550.6,37557.6
1748273541254.0,37545.6,37552.6
1748273541757,,
1748273541952.0,37548.1,37555.1
1748273542151.0,37545.6,37552.6
1748273556572,,
1748273556772,,
1748273570780,,
1748273570879.0,37550.6,37557.6
1748273572270,,
1748273572468,,
1748273632266,,
1748273632461.0,37548.1,37555.1
1748273633474.0,37550.6,37557.6
1748273681422,,
1748273684557.0,37548.1,37555.1
1748273684759,,
1748273684956,,
1748273686567.0,37545.6,37552.6
1748273686966.0,37548.1,37555.1
1748273687861,,
1748273689184.0,37545.6,37552.6
1748273689388.0,37548.1,37555.1
1748273689757.0,37545.6,37552.6
1748273690049.0,37548.1,37555.1
1748273690248.0,37545.6,37552.6
1748273690449.0,37548.1,37555.1
1748273690649.0,37545.6,37552.6
1748273691458.0,37548.1,37555.1
1748273691658.0,37545.6,37552.6
1748273694218,,
1748273696083.0,37548.1,37555.1
1748273696283.0,37545.6,37552.6
1748273699478,,
1748273700009,,
1748273702297,,
1748273703282.0,37550.6,37557.6
1748273719119,,
1748273721608.0,37548.1,37555.1
1748273721958.0,37545.6,37552.6
1748273725829.0,37548.1,37555.1
1748273728859.0,37545.6,37552.6
1748273729258.0,37548.1,37555.1
1748273729719.0,37545.6,37552.6
1748273730768.0,37548.1,37555.1
1748273734428.0,37548.1,37555.1
1748273743705,,
1748273743903.0,37550.6,37557.6
1748273753338,,
1748273753438.0,37553.1,37560.1
1748273753939.0,37555.6,37562.6
1748273803584,,
1748273803784.0,37558.1,37565.1
1748273810002.0,37560.6,37567.6
1748273812496,,
1748273812697,,
1748273831934.0,37563.1,37570.1
1748273834092.0,37560.6,37567.6
1748273838851.0,37563.1,37570.1
1748273845149.0,37560.6,37567.6
1748273845348.0,37563.1,37570.1
1748273848222.0,37565.6,37572.6
1748273850638,,
1748273853713.0,37563.1,37570.1
1748273854933.0,37565.6,37572.6
1748273856194.0,37563.1,37570.1
1748273857771.0,37560.6,37567.6
1748273860218,,
1748273860417.0,37563.1,37570.1
1748273879061.0,37565.6,37572.6
1748273880877.0,37568.1,37575.1
1748273881225.0,37565.6,37572.6
1748273881432.0,37568.1,37575.1
1748273881834.0,37565.6,37572.6
1748273884791.0,37568.1,37575.1
1748273886928.0,37565.6,37572.6
1748273894034.0,37568.1,37575.1
1748273894434.0,37565.6,37572.6
1748273914008.0,37563.1,37570.1
1748273924064.0,37560.6,37567.6
1748273924263.0,37563.1,37570.1
1748273930397.0,37565.6,37572.6
1748273930597.0,37563.1,37570.1
1748273949330.0,37565.6,37572.6
1748273949532.0,37563.1,37570.1
1748273961190.0,37563.1,37570.1
1748273982427.0,37560.6,37567.6
1748273982627.0,37563.1,37570.1
1748273984470.0,37560.6,37567.6
1748274000632.0,37558.1,37565.1
1748274001032.0,37560.6,37567.6
1748274008546,,
1748274008745.0,37555.6,37562.6
1748274009232,,
1748274009433.0,37558.1,37565.1
1748274011905.0,37555.6,37562.6
1748274035588,,
1748274035788.0,37560.6,37567.6
1748274044939,,
1748274055078,,
1748274055278.0,37568.1,37575.1
1748274056021.0,37570.6,37577.6
1748274062509,,
1748274091169,,
1748274091365.0,37565.6,37572.6
1748274092243.0,37568.1,37575.1
1748274101401.0,37570.6,37577.6
1748274155491,,
1748274186048.0,37565.6,37572.6
1748274189508.0,37568.1,37575.1
1748274189708.0,37570.6,37577.6
1748274190157.0,37568.1,37575.1
1748274198338.0,37570.6,37577.6
1748274198712,,
1748274198913,,
1748274227952.0,37568.1,37575.1
1748274234344.0,37570.6,37577.6
1748274241521.0,37568.1,37575.1
1748274242601.0,37570.6,37577.6
1748274254400,,
1748274254598.0,37568.1,37575.1
1748274255076.0,37570.6,37577.6
1748274256418,,
1748274256623.0,37573.1,37580.1
1748274259286.0,37570.6,37577.6
1748274259483.0,37573.1,37580.1
1748274263288.0,37570.6,37577.6
1748274263688.0,37573.1,37580.1
1748274264746.0,37570.6,37577.6
1748274264947.0,37573.1,37580.1
1748274266035.0,37570.6,37577.6
1748274266235.0,37573.1,37580.1
1748274266459.0,37570.6,37577.6
1748274269124.0,37573.1,37580.1
1748274269323.0,37570.6,37577.6
1748274279118.0,37573.1,37580.1
1748274292129.0,37575.6,37582.6
1748274292324.0,37573.1,37580.1
1748274292524.0,37570.6,37577.6
1748274293910.0,37573.1,37580.1
1748274294311.0,37570.6,37577.6
1748274322094,,
1748274326619,,
1748274336951,,
1748274342026.0,37568.1,37575.1
1748274342244.0,37570.6,37577.6
1748274348513,,
1748274348719.0,37568.1,37575.1
1748274355202,,
1748274364145,,
1748274365068.0,37565.6,37572.6
1748274371404,,
1748274380824,,
1748274381024.0,37568.1,37575.1
1748274382302.0,37570.6,37577.6
1748274382701.0,37568.1,37575.1
1748274382900.0,37570.6,37577.6
1748274383182.0,37568.1,37575.1
1748274405441.0,37565.6,37572.6
1748274406534,,
1748274406733.0,37568.1,37575.1
1748274422950.0,37565.6,37572.6
1748274424432.0,37568.1,37575.1
1748274424630.0,37565.6,37572.6
1748274426119.0,37568.1,37575.1
1748274426546.0,37565.6,37572.6
1748274427411.0,37568.1,37575.1
1748274427822.0,37565.6,37572.6
1748274428221.0,37568.1,37575.1
1748274428424.0,37565.6,37572.6
1748274428622.0,37568.1,37575.1
1748274429466.0,37565.6,37572.6
1748274432189.0,37568.1,37575.1
1748274432588.0,37565.6,37572.6
1748274439433.0,37568.1,37575.1
1748274439633.0,37565.6,37572.6
1748274445957.0,37568.1,37575.1
1748274454079.0,37565.6,37572.6
1748274454727.0,37568.1,37575.1
1748274457454.0,37570.6,37577.6
1748274467786,,
1748274467986.0,37573.1,37580.1
1748274471543.0,37570.6,37577.6
1748274471941.0,37573.1,37580.1
1748274480635.0,37575.6,37582.6
1748274511235,,
1748274511434.0,37570.6,37577.6
1748274512245.0,37573.1,37580.1
1748274522134.0,37570.6,37577.6
1748274522333.0,37573.1,37580.1
1748274524117.0,37570.6,37577.6
1748274525907.0,37573.1,37580.1
1748274526395.0,37570.6,37577.6
1748274529313.0,37573.1,37580.1
1748274531438.0,37570.6,37577.6
1748274531635.0,37573.1,37580.1
1748274539281.0,37575.6,37582.6
1748274540962,,
1748274541062.0,37573.1,37580.1
1748274546087.0,37575.6,37582.6
1748274551152.0,37573.1,37580.1
1748274566107.0,37575.6,37582.6
1748274575971,,
1748274576169,,
1748274604935.0,37578.1,37585.1
1748274605335.0,37575.6,37582.6
1748274660428.0,37578.1,37585.1
1748274660630.0,37575.6,37582.6
1748274661996.0,37578.1,37585.1
1748274662395.0,37575.6,37582.6
1748274721446.0,37578.1,37585.1
1748274722046.0,37580.6,37587.6
1748274732447,,
1748274732643.0,37578.1,37585.1
1748274734694.0,37575.6,37582.6
1748274734894.0,37578.1,37585.1
1748274735181.0,37575.6,37582.6
1748274739039.0,37578.1,37585.1
1748274740491.0,37578.1,37585.1
1748274740929.0,37575.6,37582.6
1748274874450,,
1748274874650.0,37573.1,37580.1
1748274876821.0,37575.6,37582.6
1748274879805.0,37573.1,37580.1
1748274880006.0,37575.6,37582.6
1748274925256.0,37578.1,37585.1
1748274925450.0,37575.6,37582.6
1748274926926.0,37578.1,37585.1
1748274929056.0,37575.6,37582.6
1748274934479.0,37578.1,37585.1
1748274938343.0,37575.6,37582.6
1748274938742.0,37578.1,37585.1
1748274952661.0,37580.6,37587.6
1748275015165,,
1748275015362,,
1748275034073,,
1748275034265.0,37578.1,37585.1
1748275045217.0,37580.6,37587.6
1748275045416.0,37578.1,37585.1
1748275045674.0,37580.6,37587.6
1748275045874.0,37578.1,37585.1
1748275051443.0,37580.6,37587.6
1748275052237.0,37578.1,37585.1
1748275052729.0,37580.6,37587.6
1748275052929.0,37578.1,37585.1
1748275053130.0,37580.6,37587.6
1748275053328.0,37578.1,37585.1
1748275054277.0,37580.6,37587.6
1748275056540.0,37578.1,37585.1
1748275056939.0,37580.6,37587.6
1748275061432.0,37578.1,37585.1
1748275062049.0,37580.6,37587.6
1748275062249.0,37578.1,37585.1
1748275062451.0,37580.6,37587.6
1748275062650.0,37578.1,37585.1
1748275068955.0,37580.6,37587.6
1748275072832.0,37578.1,37585.1
1748275073030.0,37580.6,37587.6
1748275074143.0,37578.1,37585.1
1748275074545.0,37580.6,37587.6
1748275078031.0,37578.1,37585.1
1748275079106.0,37580.6,37587.6
1748275082677.0,37578.1,37585.1
1748275083077.0,37580.6,37587.6
1748275083739.0,37578.1,37585.1
1748275087955.0,37580.6,37587.6
1748275088964.0,37578.1,37585.1
1748275089162.0,37580.6,37587.6
1748275089511.0,37578.1,37585.1
1748275090171.0,37580.6,37587.6
1748275159385,,
1748275159586.0,37585.6,37592.6
1748275201100,,
1748275201701.0,37588.1,37595.1
1748275201899.0,37590.6,37597.6
1748275202770.0,37588.1,37595.1
1748275203248.0,37585.6,37592.6
1748275203848.0,37588.1,37595.1
1748275204511.0,37585.6,37592.6
1748275210112,,
1748275210313.0,37583.1,37590.1
1748275210896.0,37585.6,37592.6
1748275226412.0,37588.1,37595.1
1748275226610.0,37585.6,37592.6
1748275247005,,
1748275247609.0,37583.1,37590.1
1748275248792.0,37580.6,37587.6
1748275249340.0,37583.1,37590.1
1748275250397.0,37585.6,37592.6
1748275387400,,
1748275387600,,
1748275406429.0,37588.1,37595.1
1748275406826.0,37585.6,37592.6
1748275407788.0,37588.1,37595.1
1748275423746.0,37590.6,37597.6
1748275471815.0,37588.1,37595.1
1748275472011.0,37590.6,37597.6
1748275543776,,
1748275778726,,
1748275778924.0,37595.6,37602.6
1748275782488,,
1748275782688.0,37590.6,37597.6
1748275790408.0,37593.1,37600.1
1748275791914.0,37590.6,37597.6
1748275793961.0,37593.1,37600.1
1748275794687.0,37590.6,37597.6
1748275795183.0,37593.1,37600.1
1748275796654.0,37590.6,37597.6
1748275797051.0,37593.1,37600.1
1748275798824.0,37590.6,37597.6
1748275799024.0,37593.1,37600.1
1748275801041.0,37595.6,37602.6
1748275813204,,
1748275815771,,
1748275815970,,
1748275819193.0,37598.1,37605.1
1748275819388.0,37600.6,37607.6
1748275821205.0,37598.1,37605.1
1748275821604.0,37600.6,37607.6
1748275830586,,
1748275830784.0,37595.6,37602.6
1748275830984.0,37598.1,37605.1
1748275831186.0,37595.6,37602.6
1748275832163.0,37598.1,37605.1
1748275832562.0,37600.6,37607.6
1748275832963.0,37598.1,37605.1
1748275833629.0,37600.6,37607.6
1748275833826.0,37598.1,37605.1
1748275834519.0,37600.6,37607.6
1748275839385.0,37598.1,37605.1
1748275840128.0,37595.6,37602.6
1748275843259.0,37598.1,37605.1
1748275843657.0,37595.6,37602.6
1748275845748.0,37598.1,37605.1
1748275845948.0,37595.6,37602.6
1748275847913.0,37598.1,37605.1
1748275848114.0,37595.6,37602.6
1748275848412.0,37598.1,37605.1
1748275848611.0,37595.6,37602.6
1748275849287.0,37598.1,37605.1
1748275849486.0,37595.6,37602.6
1748275849788.0,37598.1,37605.1
1748275852353.0,37600.6,37607.6
1748275872779,,
1748275872974.0,37598.1,37605.1
1748275874353.0,37595.6,37602.6
1748275875267.0,37598.1,37605.1
1748275876993.0,37600.6,37607.6
1748275877191.0,37598.1,37605.1
1748275877541.0,37600.6,37607.6
1748275908290,,
1748275908490.0,37595.6,37602.6
1748275909027,,
1748275909226.0,37598.1,37605.1
1748275909989.0,37595.6,37602.6
1748275910186.0,37598.1,37605.1
1748275915644.0,37595.6,37602.6
1748275916459.0,37598.1,37605.1
1748275917766.0,37595.6,37602.6
1748275917965.0,37598.1,37605.1
1748275926405.0,37595.6,37602.6
1748275926604.0,37598.1,37605.1
1748275931358.0,37595.6,37602.6
1748275931756.0,37598.1,37605.1
1748275936918.0,37595.6,37602.6
1748275937317.0,37598.1,37605.1
1748275939006.0,37595.6,37602.6
1748275940893.0,37598.1,37605.1
1748275941438.0,37595.6,37602.6
1748275941637.0,37598.1,37605.1
1748275943889.0,37595.6,37602.6
1748275944183.0,37598.1,37605.1
1748275946216.0,37595.6,37602.6
1748275946989.0,37598.1,37605.1
1748275949932.0,37600.6,37607.6
1748275965774.0,37598.1,37605.1
1748275966776.0,37600.6,37607.6
1748275979088.0,37598.1,37605.1
1748275980362.0,37595.6,37602.6
1748276000266.0,37598.1,37605.1
1748276013218.0,37600.6,37607.6
1748276031323,,
1748276031518.0,37598.1,37605.1
1748276039208.0,37600.6,37607.6
1748276039407.0,37598.1,37605.1
1748276052545.0,37595.6,37602.6
1748276060897,,
1748276061094.0,37598.1,37605.1
1748276062399.0,37600.6,37607.6
1748276091009.0,37598.1,37605.1
1748276100063.0,37600.6,37607.6
1748276100263.0,37598.1,37605.1
1748276112017.0,37598.1,37605.1
1748276136745.0,37595.6,37602.6
1748276139751.0,37598.1,37605.1
1748276150683.0,37595.6,37602.6
1748276151152.0,37598.1,37605.1
1748276153750.0,37595.6,37602.6
1748276153947.0,37598.1,37605.1
1748276154941.0,37595.6,37602.6
1748276155683.0,37598.1,37605.1
1748276174015.0,37595.6,37602.6
1748276174214.0,37598.1,37605.1
1748276182739.0,37595.6,37602.6
1748276182939,,
1748276306651,,
1748276306847.0,37590.6,37597.6
1748276348414,,
1748276389574,,
1748276439183,,
1748276439654.0,37593.1,37600.1
1748276441768.0,37590.6,37597.6
1748276441966.0,37593.1,37600.1
1748276442167.0,37590.6,37597.6
1748276452798.0,37593.1,37600.1
1748276455642.0,37590.6,37597.6
1748276455840.0,37593.1,37600.1
1748276458468.0,37590.6,37597.6
1748276471873.0,37588.1,37595.1
1748276472412.0,37585.6,37592.6
1748276472612.0,37588.1,37595.1
1748276477346.0,37585.6,37592.6
1748276477547,,
1748276499178,,
1748276521899,,
1748276541666.0,37583.1,37590.1
1748276552618.0,37580.6,37587.6
1748276552816.0,37583.1,37590.1
1748276556125.0,37580.6,37587.6
1748276556325,,
1748276588662,,
1748276588863.0,37580.6,37587.6
1748276589120,,
1748276589312.0,37585.6,37592.6
1748276625652.0,37583.1,37590.1
1748276626635.0,37585.6,37592.6
1748276639341.0,37583.1,37590.1
1748276640451.0,37585.6,37592.6
1748276642703.0,37583.1,37590.1
1748276676001,,
1748276697137.0,37580.6,37587.6
1748276697335,,
1748276698336.0,37583.1,37590.1
1748276700371.0,37580.6,37587.6
1748276710955.0,37583.1,37590.1
1748276718099.0,37580.6,37587.6
1748276725835,,
1748276726037.0,37578.1,37585.1
1748276726752.0,37580.6,37587.6
1748276728644.0,37578.1,37585.1
1748276729879.0,37580.6,37587.6
1748276731830.0,37578.1,37585.1
1748276732229.0,37580.6,37587.6
1748276733343.0,37578.1,37585.1
1748276741798.0,37580.6,37587.6
1748276741996.0,37578.1,37585.1
1748276753887.0,37580.6,37587.6
1748276754087.0,37578.1,37585.1
1748276755540.0,37580.6,37587.6
1748276755738.0,37578.1,37585.1
1748276755938.0,37580.6,37587.6
1748276756353.0,37578.1,37585.1
1748276784469.0,37580.6,37587.6
1748276788867.0,37578.1,37585.1
1748276789064.0,37580.6,37587.6
1748276790925.0,37578.1,37585.1
1748276791126.0,37580.6,37587.6
1748276796029.0,37578.1,37585.1
1748276801124.0,37575.6,37582.6
1748276801322.0,37578.1,37585.1
1748276833107.0,37575.6,37582.6
1748276833505.0,37578.1,37585.1
1748276847516.0,37575.6,37582.6
1748276866971,,
1748276867170.0,37573.1,37580.1
1748276894083.0,37575.6,37582.6
1748276996491,,
1748276996890.0,37580.6,37587.6
1748276997092.0,37578.1,37585.1
1748276997876.0,37575.6,37582.6
1748277006950.0,37573.1,37580.1
1748277007399.0,37575.6,37582.6
1748277011483.0,37573.1,37580.1
1748277011885.0,37575.6,37582.6
1748277012082.0,37573.1,37580.1
1748277013128.0,37575.6,37582.6
1748277024675.0,37573.1,37580.1
1748277025515.0,37575.6,37582.6
1748277025961.0,37573.1,37580.1
1748277026460.0,37575.6,37582.6
1748277026944.0,37573.1,37580.1
1748277027258.0,37575.6,37582.6
1748277030116.0,37573.1,37580.1
1748277030315.0,37575.6,37582.6
1748277039877.0,37573.1,37580.1
1748277043017.0,37575.6,37582.6
1748277044256.0,37573.1,37580.1
1748277045711.0,37575.6,37582.6
1748277068640.0,37573.1,37580.1
1748277068840.0,37575.6,37582.6
1748277071118.0,37573.1,37580.1
1748277071517.0,37575.6,37582.6
1748277071881.0,37573.1,37580.1
1748277072081.0,37575.6,37582.6
1748277082663.0,37573.1,37580.1
1748277082859.0,37575.6,37582.6
1748277084661.0,37575.6,37582.6
1748277084860.0,37573.1,37580.1
1748277093084.0,37570.6,37577.6
1748277239888.0,37568.1,37575.1
1748277240085.0,37570.6,37577.6
1748277355532.0,37573.1,37580.1
1748277360450.0,37570.6,37577.6
1748277360647.0,37573.1,37580.1
1748277361412.0,37575.6,37582.6
1748277364577.0,37573.1,37580.1
1748277369320.0,37575.6,37582.6
1748277374416.0,37573.1,37580.1
1748277380422.0,37575.6,37582.6
1748277380621.0,37573.1,37580.1
1748277382163.0,37575.6,37582.6
1748277395803.0,37573.1,37580.1
1748277396002.0,37575.6,37582.6
1748277396304.0,37573.1,37580.1
1748277400921.0,37575.6,37582.6
1748277401121.0,37573.1,37580.1
1748277443772.0,37575.6,37582.6
1748277443971.0,37573.1,37580.1
1748277447519.0,37575.6,37582.6
1748277447715.0,37573.1,37580.1
1748277450936.0,37575.6,37582.6
1748277451411.0,37573.1,37580.1
1748277451810.0,37575.6,37582.6
1748277458911,,
1748277459010.0,37578.1,37585.1
1748277460214,,
1748277460411.0,37575.6,37582.6
1748277460611.0,37578.1,37585.1
1748277462225.0,37575.6,37582.6
1748277462423.0,37578.1,37585.1
1748277462741.0,37575.6,37582.6
1748277466352.0,37578.1,37585.1
1748277470734.0,37575.6,37582.6
1748277475398.0,37578.1,37585.1
1748277481535.0,37575.6,37582.6
1748277494898.0,37578.1,37585.1
1748277504133.0,37580.6,37587.6
1748277504332.0,37578.1,37585.1
1748277504531.0,37580.6,37587.6
1748277505749.0,37578.1,37585.1
1748277516687.0,37580.6,37587.6
1748277516886.0,37578.1,37585.1
1748277517774.0,37580.6,37587.6
1748277517973.0,37578.1,37585.1
1748277519046.0,37580.6,37587.6
1748277522312.0,37578.1,37585.1
1748277522512.0,37580.6,37587.6
1748277523326.0,37578.1,37585.1
1748277523527.0,37580.6,37587.6
1748277527061.0,37578.1,37585.1
1748277529695.0,37580.6,37587.6
1748277543151,,
1748277543345.0,37583.1,37590.1
1748277545490.0,37580.6,37587.6
1748277614213,,
1748277614767.0,37578.1,37585.1
1748277617455.0,37580.6,37587.6
1748277660599,,
1748277660700.0,37575.6,37582.6
1748277661410.0,37578.1,37585.1
1748277669337.0,37580.6,37587.6
1748277677341.0,37578.1,37585.1
1748277677923.0,37575.6,37582.6
1748277683903.0,37578.1,37585.1
1748277684102.0,37575.6,37582.6
1748277858651,,
1748277900023,,
1748277900223.0,37578.1,37585.1
1748277900422.0,37580.6,37587.6
1748277912451.0,37583.1,37590.1
1748277912646.0,37580.6,37587.6
1748277915409.0,37583.1,37590.1
1748277915809.0,37585.6,37592.6
1748277916416.0,37588.1,37595.1
1748277916616.0,37585.6,37592.6
1748277917178,,
1748277917374.0,37583.1,37590.1
1748277917959.0,37580.6,37587.6
1748277918157.0,37583.1,37590.1
1748277919414.0,37585.6,37592.6
1748277919614.0,37583.1,37590.1
1748277920596.0,37580.6,37587.6
1748277920795.0,37583.1,37590.1
1748277920997.0,37585.6,37592.6
1748277931953,,
1748277932154.0,37583.1,37590.1
1748277936692.0,37585.6,37592.6
1748277943185.0,37583.1,37590.1
1748277943385.0,37585.6,37592.6
1748277947342.0,37583.1,37590.1
1748277949896.0,37585.6,37592.6
1748277957162.0,37583.1,37590.1
1748277960328.0,37585.6,37592.6
1748277967292.0,37583.1,37590.1
1748277967491.0,37585.6,37592.6
1748277969204.0,37583.1,37590.1
1748277972405.0,37585.6,37592.6
1748277972823.0,37583.1,37590.1
1748277973023.0,37585.6,37592.6
1748277975214.0,37583.1,37590.1
1748277979411.0,37585.6,37592.6
1748277980213.0,37583.1,37590.1
1748277983789.0,37580.6,37587.6
1748278003758,,
1748278003959.0,37578.1,37585.1
1748278007911.0,37580.6,37587.6
1748278009203,,
1748278009403.0,37583.1,37590.1
1748278014373.0,37580.6,37587.6
1748278019808.0,37583.1,37590.1
1748278021242.0,37580.6,37587.6
1748278021528.0,37583.1,37590.1
1748278024366.0,37580.6,37587.6
1748278025180.0,37583.1,37590.1
1748278025379.0,37580.6,37587.6
1748278076972.0,37578.1,37585.1
1748278077168.0,37580.6,37587.6
1748278080387.0,37578.1,37585.1
1748278090846.0,37575.6,37582.6
1748278091051.0,37578.1,37585.1
1748278118162.0,37575.6,37582.6
1748278119265.0,37578.1,37585.1
1748278124152.0,37580.6,37587.6
1748278159921.0,37578.1,37585.1
1748278161911.0,37580.6,37587.6
1748278218064.0,37578.1,37585.1
1748278218262.0,37580.6,37587.6
1748278225402.0,37578.1,37585.1
1748278227288.0,37580.6,37587.6
1748278300779,,
1748278300978.0,37578.1,37585.1
1748278309859.0,37580.6,37587.6
1748278323857.0,37578.1,37585.1
1748278431186.0,37575.6,37582.6
1748278433039.0,37578.1,37585.1
1748278438899,,
1748278446316.0,37580.6,37587.6
1748278448087.0,37578.1,37585.1
1748278449334.0,37580.6,37587.6
1748278458123.0,37578.1,37585.1
1748278480138.0,37580.6,37587.6
1748278480816.0,37578.1,37585.1
1748278481015.0,37580.6,37587.6
1748278481215.0,37578.1,37585.1
1748278500498.0,37580.6,37587.6
1748278518292.0,37583.1,37590.1
1748278521261.0,37580.6,37587.6
1748278521458.0,37583.1,37590.1
1748278525263.0,37580.6,37587.6
1748278529914.0,37583.1,37590.1
1748278532545.0,37585.6,37592.6
1748278532746.0,37583.1,37590.1
1748278535645.0,37585.6,37592.6
1748278535842.0,37583.1,37590.1
1748278539161.0,37585.6,37592.6
1748278539361.0,37583.1,37590.1
1748278544611.0,37585.6,37592.6
1748278550696.0,37588.1,37595.1
1748278552828.0,37585.6,37592.6
1748278553228.0,37588.1,37595.1
1748278554283.0,37585.6,37592.6
1748278595945.0,37588.1,37595.1
1748278605503.0,37588.1,37595.1
1748278609868.0,37590.6,37597.6
1748278610501.0,37588.1,37595.1
1748278610702.0,37585.6,37592.6
1748278610902.0,37588.1,37595.1
1748278612792.0,37590.6,37597.6
1748278613577.0,37588.1,37595.1
1748278617015.0,37590.6,37597.6
1748278617443.0,37588.1,37595.1
1748278617641.0,37590.6,37597.6
1748278617842.0,37588.1,37595.1
1748278628282.0,37585.6,37592.6
1748278628482.0,37588.1,37595.1
1748278649574.0,37585.6,37592.6
1748278653096.0,37588.1,37595.1
1748278661366.0,37585.6,37592.6
1748278662311.0,37588.1,37595.1
1748278663122.0,37585.6,37592.6
1748278663424.0,37588.1,37595.1
1748278666324.0,37585.6,37592.6
1748278666519.0,37588.1,37595.1
1748278667863.0,37585.6,37592.6
1748278668164.0,37588.1,37595.1
1748278669086.0,37585.6,37592.6
1748278670829.0,37588.1,37595.1
1748278672082.0,37585.6,37592.6
1748278675112.0,37583.1,37590.1
1748278680701.0,37580.6,37587.6
1748278680899.0,37583.1,37590.1
1748278682048.0,37580.6,37587.6
1748278682246.0,37583.1,37590.1
1748278685544.0,37580.6,37587.6
1748278685744.0,37583.1,37590.1
1748278687221.0,37580.6,37587.6
1748278689668.0,37578.1,37585.1
1748278689868.0,37580.6,37587.6
1748278698551,,
1748278698751.0,37585.6,37592.6
1748278700863,,
1748278705826,,
1748278711197,,
1748278711397,,
1748278716433.0,37583.1,37590.1
1748278716633.0,37585.6,37592.6
1748278717270.0,37583.1,37590.1
1748278720912.0,37585.6,37592.6
1748278722156.0,37583.1,37590.1
1748278724100.0,37580.6,37587.6
1748278724299.0,37583.1,37590.1
1748278724773.0,37580.6,37587.6
1748278724971.0,37583.1,37590.1
1748278731681.0,37580.6,37587.6
1748278732275.0,37583.1,37590.1
1748278734610.0,37585.6,37592.6
1748278748215,,
1748278748416,,
1748278750652,,
1748278750752.0,37583.1,37590.1
1748278754102.0,37585.6,37592.6
1748278754300.0,37583.1,37590.1
1748278755380.0,37585.6,37592.6
1748278780201,,
1748278780400.0,37588.1,37595.1
1748278782468.0,37590.6,37597.6
1748278782667.0,37588.1,37595.1
1748278784510.0,37585.6,37592.6
1748278784709.0,37588.1,37595.1
1748278792684.0,37590.6,37597.6
1748278792882.0,37588.1,37595.1
1748278793484.0,37590.6,37597.6
1748278793684.0,37588.1,37595.1
1748278794022.0,37590.6,37597.6
1748278794221.0,37588.1,37595.1
1748278794432.0,37590.6,37597.6
1748278796066.0,37588.1,37595.1
1748278796263.0,37590.6,37597.6
1748278796465.0,37588.1,37595.1
1748278799252.0,37585.6,37592.6
1748278800900.0,37583.1,37590.1
1748278801099,,
1748279204712.0,37580.6,37587.6
1748279204907.0,37578.1,37585.1
1748279625912.0,37575.6,37582.6
1748279651398.0,37578.1,37585.1
1748279651597.0,37575.6,37582.6
1748279695274.0,37578.1,37585.1
1748279755098.0,37575.6,37582.6
1748279758586.0,37578.1,37585.1
1748279800678.0,37575.6,37582.6
1748279818088.0,37578.1,37585.1
1748279818284,,
1748280002688.0,37575.6,37582.6
1748280275504.0,37573.1,37580.1
1748280275697,,
1748280317404.0,37570.6,37577.6
1748280317600.0,37573.1,37580.1
1748280330836.0,37570.6,37577.6
1748280331031.0,37573.1,37580.1
1748280486462.0,37575.6,37582.6
1748280773993.0,37565.6,37572.6
1748280819707.0,37568.1,37575.1
1748280827734.0,37565.6,37572.6
1748280901876.0,37563.1,37570.1
1748280902074.0,37565.6,37572.6
1748281010968.0,37563.1,37570.1
1748281043877.0,37565.6,37572.6
1748281228715.0,37563.1,37570.1
1748281228912.0,37560.6,37567.6
1748281229222.0,37563.1,37570.1
1748281235314,,
1748281244762.0,37565.6,37572.6
1748282113026,,
1748282113225.0,37570.6,37577.6
1748282182712.0,37568.1,37575.1
1748282509073.0,37570.6,37577.6
1748282618605.0,37568.1,37575.1
1748282666031,,
1748282759948.0,37565.6,37572.6
1748282760144.0,37563.1,37570.1
1748282766269.0,37565.6,37572.6
1748282825600.0,37563.1,37570.1
1748282826922.0,37565.6,37572.6
1748282833482.0,37563.1,37570.1
1748282839195.0,37565.6,37572.6
1748282843402.0,37563.1,37570.1
1748282847098.0,37565.6,37572.6
1748282848062.0,37563.1,37570.1
1748283104877.0,37565.6,37572.6
1748283118783.0,37563.1,37570.1
1748283127971.0,37565.6,37572.6
1748283135409.0,37563.1,37570.1
1748283146802.0,37565.6,37572.6
1748283338693.0,37568.1,37575.1
1748283651843.0,37565.6,37572.6
1748283658539.0,37568.1,37575.1
1748283661154.0,37565.6,37572.6
1748284306147.0,37568.1,37575.1
1748284963977.0,37565.6,37572.6
1748285019632.0,37568.1,37575.1
1748285342070.0,37570.6,37577.6
1748285342266.0,37573.1,37580.1
1748285342465.0,37575.6,37582.6
1748285353283.0,37573.1,37580.1
1748285676871.0,37575.6,37582.6
1748285677066.0,37578.1,37585.1
1748285715116.0,37575.6,37582.6
1748285715313.0,37573.1,37580.1
1748286261006.0,37575.6,37582.6
1748287594396.0,37573.1,37580.1
1748287594594.0,37575.6,37582.6
1748287659913.0,37573.1,37580.1
1748287668928.0,37575.6,37582.6
1748287703512.0,37573.1,37580.1
1748287926891.0,37575.6,37582.6
1748288026998.0,37573.1,37580.1
1748288027192.0,37575.6,37582.6
1748288171554.0,37573.1,37580.1
1748288171752.0,37575.6,37582.6
1748288427906.0,37573.1,37580.1
1748288428100.0,37575.6,37582.6
1748288518361.0,37573.1,37580.1
1748288580037.0,37575.6,37582.6
1748288589121.0,37573.1,37580.1
1748288692278.0,37575.6,37582.6
1748288783635.0,37573.1,37580.1
1748288785727.0,37570.6,37577.6
1748288787097.0,37573.1,37580.1
1748288790832.0,37570.6,37577.6
1748288795926.0,37573.1,37580.1
1748288796507.0,37570.6,37577.6
1748288798847.0,37573.1,37580.1
1748289398488.0,37570.6,37577.6
1748289442703,,
1748289442898.0,37568.1,37575.1
1748289463252.0,37570.6,37577.6
1748289597086.0,37573.1,37580.1
1748289597284.0,37575.6,37582.6
1748289600256.0,37573.1,37580.1
1748289600456.0,37575.6,37582.6
1748290020776.0,37578.1,37585.1
1748290260606.0,37580.6,37587.6
1748290263258.0,37578.1,37585.1
1748290404263.0,37580.6,37587.6
1748290440311,,
1748290440512.0,37585.6,37592.6
1748290709551.0,37583.1,37590.1
1748290711155.0,37585.6,37592.6
1748290711414.0,37583.1,37590.1
1748290711614.0,37585.6,37592.6
1748290716926.0,37583.1,37590.1
1748290723921.0,37585.6,37592.6
1748290724181.0,37583.1,37590.1
1748290724381.0,37585.6,37592.6
1748290729696.0,37583.1,37590.1
1748290740574.0,37585.6,37592.6
1748290740835.0,37583.1,37590.1
1748290741034.0,37585.6,37592.6
1748290790946,,
1748290791144.0,37590.6,37597.6
1748290791442.0,37593.1,37600.1
1748290791641.0,37590.6,37597.6
1748290800944.0,37593.1,37600.1
1748290805709.0,37590.6,37597.6
1748290820319.0,37593.1,37600.1
1748290820993.0,37595.6,37602.6
1748290850960,,
1748290858759.0,37593.1,37600.1
1748290858958.0,37590.6,37597.6
1748290882915.0,37588.1,37595.1
1748290884014.0,37590.6,37597.6
1748290905188.0,37588.1,37595.1
1748290920766.0,37590.6,37597.6
1748290920963.0,37588.1,37595.1
1748290921260.0,37590.6,37597.6
1748290921458.0,37588.1,37595.1
1748290936545.0,37590.6,37597.6
1748290940429.0,37588.1,37595.1
1748290991351.0,37590.6,37597.6
1748290991545.0,37588.1,37595.1
1748290992353.0,37590.6,37597.6
1748290992753.0,37588.1,37595.1
1748290994542.0,37590.6,37597.6
1748290994741.0,37588.1,37595.1
1748290995026.0,37590.6,37597.6
1748290995225.0,37588.1,37595.1
1748290995909.0,37585.6,37592.6
1748290996109.0,37590.6,37597.6
1748290999762.0,37588.1,37595.1
1748290999962.0,37590.6,37597.6
1748291000327.0,37593.1,37600.1
1748291000528,,
1748291000892.0,37590.6,37597.6
1748291002871.0,37593.1,37600.1
1748291006791.0,37590.6,37597.6
1748291006989.0,37593.1,37600.1
